4300 6259
879 485 1002 554 we
1450 506 1530 553 DE
1571 507 1798 554 Lunum
1839 505 2223 554 cnmsrlANAE
2264 470 2567 565 munitm,
2612 507 2789 556 LIBER
2829 508 2870 553 1.
2917 524 2996 535 —
3037 508 3193 554 Alm-
3223 507 3420 554 xxvlu

880 681 1000 752 teS,
1061 676 1198 742 haec
1261 696 1518 762 quoque
1584 678 1880 743 formalia
1933 678 2253 762 principia
2310 678 2377 742 in
2406 678 2459 742 Δ
2488 678 3105 742 universalissimum
3161 685 3226 742 et
3285 678 3603 762 primam;
3658 683 3723 740 et
3774 675 3943 758 ipsius

881 776 1160 858 propriis
1187 777 1522 840 ordinibus
1553 777 1978 841 universalem
2009 785 2072 840 et
2102 778 2377 841 incessa-

879 873 1078 937 bilem
1109 875 1546 940 causalitatem
1581 875 1878 950 habeant,
1908 883 1974 939 et
2009 876 2377 940 salvativam

880 990 949 1034 se
996 973 1515 1055 participantium
1568 974 2078 1057 providentiam3
2129 981 2376 1037 rectum

878 1069 1089 1133 visum
1133 1070 1228 1134 eis
1265 1079 1384 1146 est,
1424 1079 1496 1134 ut
1534 1073 1631 1136 hae
1679 1072 2124 1156 primordiales
2172 1091 2377 1137 causae

879 1166 969 1230 dii
1011 1168 1434 1250 appellentur.
1469 1171 1922 1233 Verumtamen
1965 1189 2169 1234 unum
2214 1169 2377 1233 ἁυτό-

881 1273 1030 1339 θεον,
1063 1265 1126 1328 id
1159 1275 1256 1330 est
1283 1286 1398 1349 per
1427 1287 1496 1330 se
1525 1276 1590 1331 et
1617 1287 1944 1332 summum
1977 1269 2202 1342 Deum,
2231 1286 2379 1331 con-

881 1362 1246 1426 stituebant.
1309 1366 1439 1428 Hoc
1507 1365 1722 1449 itaque
1788 1374 2014 1449 quarta
2070 1385 2217 1449 pars
2281 1374 2380 1429 est

880 1459 1215 1526 Platonicae
1255 1464 1624 1526 assertionis
1666 1472 1731 1527 et
1770 1464 1993 1528 Procli.

958 1559 1464 1643 Proinde,quum
1492 1562 1622 1625 sint
1649 1564 1784 1626 haec
1814 1581 2028 1625 rerum
2060 1562 2380 1645 principia

880 1659 1270 1740 exemplaria
1299 1660 1748 1735 secundorum,
1783 1661 1870 1724 ita
1898 1661 2067 1744 quod
2095 1661 2175 1723 ad
2205 1660 2379 1723 simi-

879 1755 1219 1819 litudinem
1264 1757 1550 1839 ipsorum
1590 1760 1808 1822 omnia
1845 1759 2228 1833 formentur,
2260 1777 2375 1841 per

2486 778 2974 861 participatione
3005 777 3257 841 formali
3288 777 3588 840 dicebant
3625 775 3853 838 bonum
3884 774 3945 835 fi-

2486 877 2581 939 eri
2616 894 2811 939 omne
2858 877 3027 958 quod
3074 876 3141 938 in
3186 876 3485 938 universo
3530 873 3945 958 qualitercum-

2486 993 2611 1058 que
2662 975 2902 1037 bonum
2950 981 3064 1038 est.
3120 975 3261 1037 Post
3320 973 3711 1036 autobonum
3766 979 3943 1032 autem

2486 1091 2602 1156 per
2630 1092 2697 1137 se
2728 1092 2841 1136 ens
2873 1072 3469 1152 ordinabant‚cujus
3498 1069 3948 1154 participatione

2485 1170 2565 1234 fit
2592 1190 2728 1246 enS,
2762 1190 2953 1235 omne
2981 1171 3151 1254 quod
3180 1178 3393 1234 actum
3436 1168 3691 1232 essendi
3728 1167 3949 1250 partici-

2487 1276 2631 1352 pat;
2662 1270 2893 1333 deinde
2931 1269 2995 1332 id
3035 1270 3205 1350 quod
3245 1278 3389 1351 post
3423 1287 3539 1330 ens
3576 1265 3952 1329 communius

2486 1375 2606 1441 est,
2636 1376 2702 1431 et
2730 1368 2824 1430 sic
2853 1367 3177 1450 deinceps.
3212 1367 3340 1430 Hoc
3370 1382 3523 1447 ergo
3554 1364 3739 1427 modo
3764 1363 3955 1426 omnia

2488 1473 2741 1528 causata
2769 1473 3085 1538 asserunt,
3116 1483 3375 1528 omnem
3406 1471 3699 1526 naturam
3726 1469 3789 1525 et
3810 1461 3953 1524 exsi-

2486 1564 2781 1627 stentiam
2810 1583 2885 1626 ac
2916 1563 3188 1628 formam
3218 1563 3649 1626 secundorum
3688 1567 3753 1622 et
3786 1560 3953 1642 parti-

2487 1663 2841 1744 cipantium
2881 1681 2955 1725 ac
2995 1662 3521 1744 dependentium,
3551 1660 3634 1722 ab
3672 1657 3955 1722 idealibus

2488 1759 2713 1822 formis
2759 1768 3068 1842 ponentes
3111 1759 3454 1843 profluere.

879 1852 1185 1916 intuitum
1225 1873 1480 1938 quoque
1523 1875 1746 1919 eorum
1793 1858 2038 1939 primus
2079 1857 2371 1920 omnium
2406 1861 2453 1924 B
2569 1859 2857 1940 Insuper,
2916 1866 2982 1921 et
3036 1859 3189 1921 deos
3245 1856 3629 1920 inferiorum
3686 1854 3957 1918 ordinum

879 1951 1095 2033 opifex
1163 1953 1330 2016 Deus
1397 1962 1628 2016 cuncta
1697 1955 1948 2018 ordinet
2016 1955 2372 2018 secundum

877 2051 1049 2132 quod
1109 2051 1176 2113 in
1225 2053 1366 2135 ipso
1413 2060 1584 2128 sunt,
1637 2055 1748 2116 sed
1799 2060 1862 2117 et
1909 2053 2374 2117 intellectuales

878 2150 1416 2229 supermundanas
1449 2158 1716 2223 mentes,
1750 2153 1988 2214 summi
2026 2152 2138 2214 Dei
2182 2153 2378 2234 impe-

877 2244 1048 2306 rium
1079 2248 1596 2329 exsequendo,ad
1629 2250 1767 2331 ipsa
1796 2250 2374 2331 prospiciant,dum

879 2342 1067 2405 orbes
1118 2345 1384 2408 volvunt
1432 2353 1496 2408 et
1554 2347 1620 2408 in
1680 2347 1851 2409 hunc
1910 2349 2224 2410 mundum
2284 2347 2378 2409 in-

879 2438 1096 2503 fluunt
1111 2460 1129 2521 3
1144 2443 1227 2505 ob
1249 2443 1335 2518 id,
1354 2444 1800 2525 hujuscemodi
1824 2464 2036 2508 rerum
2061 2446 2379 2528 principia

879 2537 1053 2602 ideas
1083 2559 1194 2604 seu
1227 2541 1462 2605 ideales
1493 2542 1729 2606 formas
1768 2543 1940 2606 Plato
1977 2543 2328 2626 appellavit
2360 2563 2373 2607 z

879 2645 978 2702 est
1007 2639 1181 2702 enim
1210 2640 1590 2722 (secundum
1619 2641 1798 2722 eum)
1827 2642 1989 2716 idea,
2013 2642 2285 2705 causalis
2315 2651 2379 2706 et

880 2738 1266 2821 exemplaris
1296 2738 1520 2801 forma.
1557 2739 1635 2801 Et
1673 2751 1770 2802 est
1808 2740 1942 2803 haec
1984 2741 2210 2822 quinta
2247 2760 2377 2804 suae

879 2837 1215 2920 positionis
1256 2837 1590 2919 particula.

957 2935 1220 3008 RursuS‚
1252 2953 1452 3016 quum
1483 2935 1562 2997 ab
1592 2935 1693 2998 his
1721 2935 1884 2998 ideis
1923 2936 2142 3000 formae
2183 2936 2377 3018 hujus

2488 1976 2565 2020 ex
2586 1957 3007 2039 superpositis
3035 1956 3161 2019 diis
3189 1954 3489 2018 dicebant
3518 1952 3884 2036 participare
3902 1950 3957 2012 id

2487 2055 2656 2137 quod
2687 2072 3030 2117 commune
3060 2073 3208 2116 cum
3240 2053 3371 2116 illis
3400 2050 3955 2133 habentzquoniam

2488 2171 2602 2234 per
2650 2171 2719 2214 se
2768 2170 2883 2213 ens
2926 2159 2991 2213 et
3032 2149 3315 2213 autovita
3355 2167 3429 2210 ac
3473 2147 3697 2210 idealis
3741 2145 3960 2208 intelle-

2487 2257 2649 2323 ctuS,
2681 2269 2719 2311 a
2749 2267 3003 2312 summo
3034 2249 3163 2311 Deo
3201 2247 3551 2310 bonitatem
3590 2253 3653 2308 et
3690 2242 3958 2306 divinita-

2486 2355 2616 2410 tem
2652 2347 3054 2430 participant.
3080 2346 3307 2410 Nullus
3336 2354 3551 2407 tamen
3582 2345 3759 2416 deus,
3790 2343 3847 2404 id
3874 2349 3961 2404 est

2488 2446 2711 2508 idealis
2755 2445 2982 2518 forma,
3016 2445 3080 2506 id
3126 2445 3298 2526 quod
3340 2443 3400 2506 ei
3443 2440 3797 2505 essentialis
3834 2457 3961 2521 pro-

2487 2545 2723 2627 prietas
2754 2551 2852 2606 est
2890 2552 2953 2606 et
2992 2543 3057 2606 in
3088 2560 3205 2605 suo
3243 2542 3466 2605 ordine
3504 2539 3758 2604 fontalis
3792 2538 3958 2605 ratio,

2490 2644 2871 2726 participare
2920 2649 3142 2725 potest.
3198 2643 3501 2705 Summus
3548 2647 3757 2703 autem
3808 2639 3961 2701 Deus

2487 2742 2579 2804 nil
2626 2759 2885 2824 prorsus
2931 2740 3288 2824 participat.
3342 2739 3683 2802 Enimvero
3727 2737 3814 2800 sic
3856 2737 3963 2798 has

2488 2839 2725 2902 formas
2780 2838 3076 2901 dicebant
3124 2834 3714 2909 communicabiles‚
3766 2841 3831 2896 ut
3879 2851 3963 2895 es·

2488 2945 2629 3000 sent
2666 2944 2811 3000 totae
2852 2935 3373 3019 participantium
3410 2934 3795 3017 hypostaseS‚
3824 2930 3963 2993 sub-

881 3033 1104 3095 mundi
1148 3041 1467 3107 emanent,
1511 3033 1654 3097 ideo
1683 3053 1788 3096 eas
1829 3035 2099 3097 datrices
2147 3034 2379 3098 forma·
2413 3033 2457 3097 C
2488 3034 2866 3098 stantialiter
2940 3053 3009 3097 se
3085 3032 3456 3107 emicante8‚
3528 3031 3963 3114 proprietatem

880 3151 1024 3194 rum
1073 3132 1236 3194 dixit
1282 3150 1295 3194 z
1345 3132 1458 3194 has
1502 3132 1825 3214 equidem,
1868 3132 2106 3196 formas
2151 3133 2376 3195 immo-

879 3229 1043 3293 biles
1087 3237 1151 3292 et
1193 3230 1695 3313 imparticipatas
1737 3231 2007 3293 vocavit.

959 3328 1350 3409 Epilogando
1380 3328 1574 3410 igitur
1602 3328 1728 3390 dici
1757 3335 1986 3411 potest,
2005 3329 2176 3411 quod
2205 3329 2377 3392 Plato

877 3434 942 3489 et
985 3426 1241 3488 Proclus
1285 3444 1431 3488 cum
1480 3444 1547 3487 se
1592 3425 1984 3489 sectantibus
2027 3426 2277 3500 Stoicis,
2310 3426 2374 3487 in

879 3541 1131 3586 summo
1181 3541 1393 3586 rerum
1440 3523 1662 3586 ordine
1711 3523 1947 3586 ideales
1992 3523 2229 3586 formas
2270 3543 2376 3606 po-

880 3621 1140 3695 nebant,
1173 3621 1456 3684 dicentes
1495 3639 1602 3683 eas
1641 3639 1781 3683 esse
1822 3623 2094 3684 univoce
2135 3621 2202 3683 in
2242 3621 2375 3684 suis

876 3719 1210 3783 ordinibus
1242 3726 1596 3792 causantes»,
1629 3719 1984 3782 formaliter
2021 3720 2375 3782 communi-

879 3819 1141 3892 cabileS,
1209 3818 1632 3900 omniumque
1697 3818 2094 3902 exemplares
2153 3837 2377 3880 causas

877 3925 942 3980 et
985 3916 1334 3980 formarum
1383 3917 1676 3991 datriceS,
1718 3916 1840 3978 sibi
1887 3917 2166 3980 invicem
2210 3935 2379 3980 coor-

877 4016 1126 4079 dinatas
1173 4015 1523 4078 secundum
1573 4015 1864 4077 ordinem
1914 4013 2266 4078 formarum
2316 4023 2381 4077 et

879 4121 1250 4176 naturarum
1296 4132 1403 4175 eas
1453 4113 1976 4195 participantium
2013 4131 2026 4174 :
2061 4113 2155 4176 sic
2197 4119 2267 4174 ut
2314 4113 2377 4175 id

2486 3141 2700 3196 tamen
2744 3141 2808 3195 et
2848 3132 3191 3214 puritatem
3235 3131 3336 3193 sui
3378 3149 3519 3194 esse
3562 3129 3629 3192 in
3672 3147 3737 3192 se
3779 3146 3963 3191 reser-

2486 3238 2707 3294 vantes
2732 3248 2745 3292 :
2770 3239 2835 3292 et
2863 3230 2984 3293 hoc
3012 3229 3093 3291 fit
3122 3236 3381 3312 propter
3409 3227 3961 3310 supereffluentem

2486 3328 2954 3412 plenitudinem
3000 3326 3633 3410 supersubstantialis
3679 3324 3963 3389 bonitatis

2486 3427 2791 3509 ipsarum.
2844 3427 3180 3509 Propterea
3229 3443 3335 3488 eas
3392 3425 3694 3488 dixerunt
3746 3442 3859 3506 per
3902 3439 3961 3484 se

2486 3523 2973 3598 intellectuales,
3022 3530 3087 3585 et
3134 3541 3262 3586 non
3301 3539 3442 3585 esse
3482 3522 3809 3585 scientiam
3852 3520 3961 3583 nisi

2486 3623 2564 3684 de
2605 3621 2781 3704 ipsis.
2818 3622 2937 3683 Eas
2975 3638 3231 3703 quoque
3276 3618 3705 3683 enuntiabiles
3742 3636 3962 3681 assere·

2488 3721 2641 3782 bant
2698 3720 2776 3781 de
2834 3716 3385 3800 participantibuS‚
3438 3717 3789 3780 secundum
3838 3733 3963 3778 esse

2486 3825 2703 3880 tamen
2733 3835 2860 3899 quo
2892 3815 3425 3898 participantibus
3458 3815 3669 3878 inesse
3705 3815 3869 3898 ipsas
3902 3814 3964 3876 li·

2488 3923 2607 3979 cet.
2643 3915 2890 3978 Habent
2919 3933 3197 3997 namque
3227 3913 3449 3976 formae
3478 3931 3620 3976 esse
3649 3921 3791 3977 ante
3820 3931 3961 3984 rem,

2490 4017 2554 4078 in
2614 4033 2705 4089 re,
2756 4021 2821 4077 et
2868 4020 3012 4096 post
3058 4031 3214 4076 rem.
3268 4013 3346 4075 Et
3404 4012 3470 4074 in
3528 4011 3628 4074 his
3685 4011 3964 4076 omnibus

2490 4112 2768 4177 essentia
2812 4112 2951 4194 ipsa
2991 4111 3265 4173 univoca
3304 4117 3521 4172 manet
3555 4127 3569 4172 :
3602 4110 3768 4193 quod
3805 4109 3961 4172 enim

879 4211 1049 4294 quod
1081 4211 1256 4274 omni
1287 4217 1528 4275 naturae
1560 4228 1901 4274 commune
1929 4219 2098 4284 est‚a
2129 4229 2381 4273 summo
2408 4214 2458 4277 D
2490 4219 2640 4274 sunt
2698 4210 2855 4272 ideae
2913 4209 3146 4291 primo,
3208 4216 3359 4272 sunt
3416 4209 3623 4271 ideata
3678 4207 3959 4272 secundo.

878 4318 945 4373 et
991 4311 1202 4392 primo
1261 4309 1452 4371 ideali
1511 4309 1831 4392 principio
1889 4309 2158 4390 singulis
2214 4308 2377 4371 deri-

879 4417 1084 4472 vetur.

962 4507 1270 4588 Denique,
1295 4505 1536 4569 bonum
1569 4514 1715 4569 ente
1748 4506 2069 4588 ponebant
2097 4524 2381 4570 commu-

881 4605 1067 4666 nius:
1093 4621 1264 4676 nam,
1291 4611 1361 4664 ut
1391 4602 1634 4676 volunt,
1662 4602 1926 4665 materia
1955 4621 2068 4665 ens
2099 4621 2226 4666 non
2259 4610 2375 4676 est,

879 4721 1082 4785 quum
1114 4701 1290 4763 omni
1321 4707 1465 4764 actu
1497 4701 1852 4764 secundum
1883 4720 1950 4764 se
1989 4710 2237 4781 careat3
2270 4701 2379 4764 bo-

879 4820 1036 4863 num
1068 4807 1282 4862 tamen
1313 4807 1430 4874 est,
1465 4818 1665 4880 quum
1698 4800 1762 4862 in
1795 4798 2036 4862 bonum
2069 4800 2287 4864 tendat
2318 4806 2382 4862 et

879 4905 1138 4982 appetat
1186 4898 1365 4960 illud.
1409 4897 1670 4981 Propter
1707 4898 1828 4961 hoc
1868 4898 2062 4980 igitur
2104 4899 2381 4980 primam

881 4998 1171 5062 omnium
1226 5015 1484 5059 causam
1541 5003 1605 5059 et
1661 4996 1928 5060 formale
1987 4996 2380 5080 principium

882 5096 1183 5159 dicebant
1217 5114 1358 5158 esse
1394 5094 1787 5158 autobonum
1835 5113 1848 5156 :
1895 5095 2064 5177 quod
2102 5095 2381 5178 appella-

885 5193 1039 5256 bant
1069 5211 1396 5256 summum
1428 5193 1651 5266 Deum,
1685 5200 1747 5256 et
1778 5193 2079 5256 bonitatis
2111 5194 2383 5257 idealem

886 5289 1181 5366 formam,
1226 5289 1647 5371 omniumque
1690 5291 1991 5353 idealium
2033 5292 2383 5354 formarum

2488 4308 2692 4388 Hujus
2740 4325 2973 4390 nempe
3031 4306 3243 4368 simile
3300 4314 3413 4368 est.
3467 4305 3530 4369 Si
3588 4305 3761 4369 enim
3814 4310 3965 4368 esset

2491 4407 2657 4488 ignis
2688 4405 3111 4468 essentialiter
3140 4424 3295 4468 suus
3336 4405 3528 4478 calor,
3562 4423 3676 4468 seu
3714 4403 3803 4468 sol
3842 4404 3964 4484 ipsa

2491 4524 2606 4567 sua
2636 4505 2768 4578 lux,
2786 4511 2939 4566 tunc
2970 4503 3288 4566 emanatio
3317 4503 3546 4566 caloris
3575 4503 3657 4565 ab
3686 4504 3963 4585 igne,seu

2492 4601 2755 4665 luminis
2785 4621 2822 4663 a
2851 4601 3005 4675 sole,
3038 4600 3325 4664 formalis
3354 4602 3577 4683 utique
3608 4599 3769 4664 foret
3793 4599 3963 4663 efflu-

2491 4703 2618 4774 xi0,
2658 4707 2723 4763 et
2763 4700 3121 4763 essentialis
3164 4699 3681 4763 communicatio.
3714 4701 3965 4780 ideoque

2491 4802 2605 4863 has
2637 4800 2875 4863 formas
2904 4799 3204 4861 dixerunt
3240 4798 3543 4861 omnibus
3580 4798 3817 4874 adesse,
3848 4805 3965 4859 tan-

2492 4918 2683 4982 quam
2717 4897 2959 4980 ubique
2989 4904 3053 4960 et
3080 4915 3335 4978 semper
3364 4895 3841 4972 exsistentes,et
3866 4911 3966 4977 per

2492 5016 2562 5059 se
2594 4995 2843 5058 cunctis
2873 4993 3443 5057 communicabiles
3464 5011 3534 5056 :a
3556 4993 3817 5056 materia
3841 4989 3963 5072 qui·

2495 5095 2643 5157 dem
2674 5092 3067 5166 naturaliter,
3086 5091 3166 5155 ab
3197 5089 3529 5154 intellectu
3558 5109 3713 5154 vero
3742 5087 3963 5153 intelle·

2495 5192 2811 5256 ctualiter.
2846 5191 2961 5254 Per
2992 5188 3491 5253 intellectualem
3535 5190 3773 5253 etenim
3814 5189 3961 5270 ipsa-

2498 5309 2643 5354 rum
2721 5287 3299 5371 participationem,
3374 5305 3631 5352 omnem
3706 5293 3961 5351 mentem
