4300 6259
790 463 911 529 140

1460 481 1883 529 ELEHENTATIO
1923 480 2322 530 Tnnotoema.
2369 499 2451 511 —-
2489 482 2570 528 mi
2610 481 2731 529 1)Εο
2771 481 2891 529 UNO
2932 481 3008 528 m·
3047 481 3230 532 ‘ritmo

784 671 915 718 uno
955 672 1029 718 ac
1071 653 1285 737 primo
1330 653 1539 728 modo,
1571 652 1769 718 robur
1796 671 1869 716 ac
1912 652 2010 716 vis
2053 652 2287 717 divinae
2314 650 2367 716 A
2395 653 2681 718 diversos
2710 661 2807 717 est
2845 655 3012 719 inter
3045 673 3153 718 eas
3192 653 3348 718 ordo
3383 653 3710 751 analogias,
3743 653 3908 737 quia

784 761 1028 818 naturai
1056 755 1135 816 ad
1175 754 1518 818 essendum
1558 772 1632 816 ac
1672 752 2180 836 permanendum
2218 751 2287 815 in

786 871 854 915 se
902 862 967 916 et
1014 871 1132 934 per
1188 871 1256 915 se
1313 851 1775 915 invariabiliter
1831 851 1896 915 in
1950 858 2281 916 aeternum.

785 951 1099 1026 Secundo,
1150 950 1435 1035 potentia
1493 950 1557 1012 in
1608 950 1737 1013 Deo
1780 958 2045 1013 vocatur
2092 950 2288 1012 robur

785 1055 1027 1113 naturae
1088 1049 1153 1111 in
1214 1065 1484 1130 persona
1541 1048 1621 1110 ad
1678 1047 2286 1112 communicandum

786 1165 856 1211 se
903 1146 1205 1229 perfecte,
1257 1163 1384 1210 non
1433 1146 1641 1210 solum
1701 1165 1816 1229 per
1864 1147 2127 1210 modum
2184 1164 2291 1208 na-

785 1252 945 1308 turae
974 1251 1039 1308 et
1067 1252 1283 1308 actum
1314 1244 1701 1320 intellectus,
1729 1263 1871 1326 quae
1901 1245 1998 1307 vis
2028 1252 2292 1308 vocatur

788 1343 1073 1426 potentia
1127 1343 1500 1424 generandi,
1561 1343 1673 1406 sed
1732 1350 1798 1405 et
1851 1362 1969 1427 per
2023 1343 2287 1405 modum

787 1442 1023 1506 amoris
1069 1449 1414 1524 actumque
1462 1441 1829 1516 voluntatis,
1881 1460 2022 1523 quae
2069 1441 2288 1523 appel-

789 1539 958 1603 latur
1012 1540 1299 1623 spirandi
1358 1541 1659 1622 potentia.
1723 1540 1953 1614 Tertio,
2006 1539 2288 1622 potentia

786 1638 855 1700 in
923 1638 1161 1701 divinis
1228 1638 1465 1701 dicitur
1535 1644 1829 1720 respectu
1898 1637 2288 1700 naturalium

785 1736 1135 1812 actionum,
1182 1755 1324 1818 quae
1376 1744 1527 1799 sunt
1580 1736 1938 1818 intelligere
1991 1741 2055 1798 et
2096 1735 2284 1798 velle.

2397 772 2514 837 per
2543 753 2722 836 prius
2753 753 2988 817 dicitur
3017 753 3303 837 potentia
3329 755 3409 817 de
3441 753 3724 836 potentia
3753 770 3907 836 pro-

2397 850 2654 914 ductiva
2700 852 2778 915 ad
2833 851 3018 926 intra,
3070 871 3263 935 quam
3312 852 3392 914 de
3431 841 3723 958 potentia
3765 869 3908 913 cre-

2397 949 2568 1011 ativa
2612 966 2626 1010 z
2675 949 2842 1012 sicut
2882 950 3208 1032 generatio
3247 950 3327 1013 ad
3371 951 3538 1017 intra
3577 955 3676 1012 est
3723 949 3911 1030 prior

2400 1046 2738 1110 creatione.

2479 1143 2558 1206 Et
2603 1145 2658 1206 si
2716 1144 2915 1208 instes
2965 1152 3027 1208 et
3075 1144 3274 1219 dicas,
3325 1144 3498 1226 quod
3553 1161 3912 1208 commune

2398 1249 2465 1305 et
2500 1243 2838 1306 essentiale
2876 1250 2974 1306 est
3011 1251 3156 1306 ante
3200 1242 3535 1326 proprium
3571 1260 3646 1305 ac
3689 1260 3914 1325 perso-

2400 1342 2565 1417 nale,
2615 1360 2816 1424 quum
2864 1342 2985 1405 hoc
3043 1342 3110 1408 in
3167 1340 3494 1405 essentiali
3550 1341 3907 1420 fundetur3

2398 1459 2600 1523 quum
2648 1457 2798 1522 ergo
2852 1440 3110 1506 creandi
3155 1440 3442 1522 potentia
3495 1439 3914 1503 communior

2398 1539 2876 1621 absolutiorque
2932 1539 3237 1603 consistat
3291 1557 3486 1622 quam
3531 1539 3910 1620 generativa

2400 1637 2704 1719 potentia,
2754 1656 2955 1719 quum
3005 1637 3089 1699 sit
3135 1636 3343 1700 tribus
3391 1636 3681 1719 personis
3729 1654 3908 1700 corn-

2400 1735 2637 1809 munis,
2670 1754 2788 1807 nec
2820 1734 3193 1799 relationem
3229 1734 3402 1797 dicat
3438 1734 3698 1808 realem,
3727 1733 3910 1797 vide·

785 1835 1039 1910 Quarto,
1091 1842 1387 1918 respectu
1445 1835 1891 1916 operationum
1948 1834 2027 1896 ad
2086 1843 2282 1896 extra.
2316 1834 2363 1897 B
2399 1840 2504 1896 tur
2533 1835 2702 1916 quod
2735 1833 2910 1916 prior
2939 1834 3023 1897 sit
3051 1835 3199 1896 illa:
3231 1841 3327 1896 est
3357 1833 3904 1917 respondendum,

785 1933 863 1995 Et
920 1933 1223 2015 quaelibet
1283 1933 1403 1995 ista
1451 1933 1735 2014 potentia
1793 1940 1888 1996 est
1945 1933 2085 2014 ipsa
2142 1933 2291 2010 sim-

787 2030 1141 2113 plicissima
1181 2031 1442 2094 Deitatis
1482 2031 1779 2104 essentia,
1812 2049 1932 2094 nec
1976 2031 2142 2093 inter
2183 2049 2291 2094 eas

786 2135 883 2190 est
946 2127 1134 2192 realis
1193 2127 1580 2204 differentia,
1634 2129 1761 2192 nisi
1808 2129 1975 2192 inter
2031 2147 2290 2210 genera-

790 2227 991 2289 tivam
1048 2234 1113 2290 et
1170 2227 1541 2308 spirativam
1613 2235 1805 2309 prout
1868 2227 2129 2290 relative
2188 2246 2291 2289 su-

796 2331 1077 2387 muntur.
1881 2381 1887 2387 .

875 2422 950 2484 Et
988 2422 1281 2505 quamvis
1320 2440 1555 2485 nomen
1596 2423 1892 2506 potentiae
1930 2423 2178 2486 dicatur
2215 2423 2293 2485 de

792 2520 1097 2604 potentiis
1139 2520 1278 2583 istis
1325 2520 1618 2595 univoce,
1666 2528 1858 2604 prout
1898 2528 2048 2584 sunt
2089 2540 2292 2584 unum

791 2617 857 2681 in
918 2637 1009 2692 re,
1063 2625 1343 2682 attamen
1392 2618 1719 2700 analogice
1765 2618 2003 2684 dicitur
2049 2619 2127 2682 de
2177 2619 2294 2682 eis-

788 2717 937 2780 dem
985 2716 1403 2780 consideratis
1448 2717 1805 2781 secundum
1852 2716 2129 2780 rationes
2174 2717 2296 2780 dis·

786 2814 1037 2877 tinctas.
1102 2813 1207 2877 Sic
1277 2812 1517 2878 etenim
1582 2814 1791 2896 prima
1858 2815 2094 2877 dicitur
2159 2815 2290 2888 illa,

788 2931 931 2994 quae
982 2918 1078 2976 est
1127 2912 1323 2975 robur
1370 2920 1611 2976 naturae
1657 2913 1891 2976 divinae
1951 2913 2029 2974 ad
2087 2913 2291 2976 consi-

2399 1933 2571 2014 quod
2630 1932 2695 1994 in
2746 1932 2983 1995 divinis
3041 1949 3384 1996 commune
3440 1939 3505 1995 et
3560 1929 3909 1995 essentiale

2401 2049 2516 2094 seu
2553 2029 2941 2105 absolutum,
2974 2037 3072 2093 est
3111 2036 3259 2092 ante
3299 2030 3635 2113 proprium
3665 2037 3730 2092 et
3758 2047 3908 2112 per-

2401 2128 2618 2192 sonale
2657 2147 2769 2191 seu
2809 2127 3170 2204 relativum,
3201 2130 3557 2192 secundum
3587 2127 3906 2191 rationem

2402 2227 2824 2308 intelligendi,
2876 2227 3130 2308 quando
3187 2244 3530 2290 commune
3586 2226 3911 2316 accipitur

2401 2343 2517 2408 per
2560 2343 2649 2396 se,
2683 2341 2810 2388 non
2852 2326 3107 2407 quando
3143 2324 3460 2408 accipitur
3495 2343 3644 2387 cum
3687 2341 3911 2406 respe-

2403 2428 2508 2484 ctu
2547 2423 2625 2485 ad
2667 2429 3009 2497 creatura,
3042 2421 3172 2485 imo
3210 2429 3366 2485 tunc
3405 2421 3648 2485 ratione
3688 2439 3908 2504 respe-

2403 2528 2542 2583 ctus
2571 2520 2856 2601 adjuncti
2898 2527 2994 2583 est
3033 2520 3349 2603 posterius
3379 2519 3657 2602 propriis
3688 2535 3910 2602 perso-

2401 2637 2648 2681 narum.
2676 2655 2754 2664 —
2775 2619 3120 2693 Postremo,
3157 2619 3326 2682 sicut
3353 2618 3419 2680 in
3451 2618 3586 2682 sole
3617 2616 3911 2701 potentia

2404 2716 2659 2779 lucendi
2711 2717 2776 2778 in
2826 2735 2893 2779 se
2939 2716 3476 2798 illuminandique
3520 2715 3667 2789 alia,
3713 2715 3911 2778 resol-

2403 2813 2594 2877 vendi
2633 2833 2706 2877 ac
2751 2814 3252 2896 constringendi,
3284 2833 3363 2877 ex
3393 2821 3572 2896 parte
3613 2812 3764 2876 solis
3804 2821 3912 2876 est

2403 2914 2650 2987 eadem,
2685 2919 2748 2974 et
2783 2931 2860 2976 ex
2900 2919 3080 2995 parte
3114 2920 3376 2974 actuum
3413 2911 3724 2975 differens
3756 2929 3910 2973 ana-

790 3011 1087 3074 stendum
1133 3010 1515 3074 aeternaliter
1558 3011 1625 3072 in
1672 3030 1740 3074 se
1784 3028 1797 3071 :
1833 3011 2135 3094 quoniam
2184 3011 2294 3072 illa
2322 3012 2365 3076 C
2406 3011 2766 3094 logiamque
2796 3010 3078 3090 habens3
3112 3011 3199 3073 ita
3227 3011 3306 3073 de
3337 3010 3620 3093 potentia
3647 3009 3908 3072 creandi

793 3109 1076 3191 potentia
1104 3116 1202 3171 est
1240 3108 1378 3192 ipsa
1420 3117 1665 3182 natura,
1696 3128 1733 3171 a
1774 3128 1897 3190 qua
1936 3109 2292 3172 secundum

793 3207 1106 3270 rationem
1164 3207 1564 3289 intelligendi
1612 3206 1753 3270 aliae
1803 3206 2017 3269 fluunt
2074 3212 2296 3289 poten-

794 3306 917 3369 tiae.
971 3307 1308 3388 Quumque
1356 3306 1677 3368 naturales
1727 3305 2026 3388 potentiae
2076 3305 2298 3369 imme-

793 3403 1029 3466 diatius
1071 3404 1298 3468 ceteris
1342 3403 1553 3467 fluant
1590 3403 1671 3468 ab
1712 3405 1988 3467 essentia
2032 3423 2145 3467 seu
2188 3423 2298 3466 na-

795 3508 959 3576 tura,
992 3503 1533 3584 quemadmodum
1566 3502 1705 3584 ipsa
1734 3509 1960 3564 natura
1997 3520 2138 3565 esse
2168 3519 2296 3564 non

794 3599 963 3664 valet
1010 3600 1148 3663 sine
1200 3600 1472 3663 naturali
1524 3600 1935 3683 operatione3
1987 3600 2129 3663 ideo
2189 3600 2300 3663 illa

795 3704 891 3760 est
938 3698 1219 3761 secunda
1268 3698 1551 3779 potentia
1596 3705 1662 3760 et
1708 3697 1884 3780 prior
1941 3698 2297 3760 secundum

794 3795 1087 3859 ordinem
1132 3795 1530 3878 intelligendi
1571 3815 1764 3878 quarn
1805 3797 2089 3878 potentia
2127 3813 2299 3859 com-

795 3893 1250 3957 municationis
1280 3894 1358 3956 ad
1389 3895 1577 3968 intra,
1611 3881 1779 3956 sicut
1818 3894 1995 3976 prior
2031 3901 2126 3957 est
2159 3913 2297 3976 per-

794 3991 989 4056 fectio
1026 3993 1120 4055 rei
1160 3993 1226 4055 in
1267 4011 1337 4056 se
1376 4011 1570 4075 quam
1614 3992 1681 4055 in
1728 4001 2023 4075 respectu
2066 3993 2146 4054 ad
2191 3991 2300 4054 ali-

796 4110 920 4154 am.
972 4091 1180 4154 Tertia
1236 4098 1439 4154 exstat
1506 4091 1787 4173 potentia
1852 4110 1995 4172 quae
2063 4091 2299 4152 virtute

2405 3118 2469 3173 et
2509 3109 2854 3191 generandi
2897 3109 3290 3172 censendum
3331 3116 3446 3172 est.

2709 3316 3231 3382 PROPOSITIO
3277 3318 3592 3382 XXXVI.

2486 3504 2582 3573 In
2649 3500 3439 3582 incomprehensibili
3508 3501 3903 3569 Trinitate

2405 3615 2565 3667 una
2605 3613 2940 3681 persona
2986 3613 3144 3665 non
3191 3601 3315 3665 est
3355 3599 3519 3665 alia
3563 3600 3801 3680 prior.

2486 3698 2661 3772 Quod
2693 3704 2810 3771 est,
2835 3696 3139 3778 quoniam
3167 3705 3295 3760 tres
3324 3697 3904 3780 superbeatissimae

2407 3813 2695 3881 personae
2753 3802 2902 3858 sunt
2958 3803 3286 3859 coaeternae
3335 3812 3350 3857 :
3401 3795 3532 3860 imo
3583 3795 3649 3859 in
3697 3796 3905 3859 tribus

2409 3894 2695 3978 personis
2742 3901 2840 3956 est
2882 3912 3152 3957 numero
3200 3913 3326 3956 una
3371 3894 3711 3970 aeternitaS,
3753 3902 3904 3958 ante

2408 4012 2600 4076 quam
2653 3992 2908 4076 penitus
2955 3992 3132 4054 nulla
3179 4011 3281 4055 res
3327 4001 3442 4056 est.
3492 3993 3778 4076 Denique
3835 3994 3904 4056 in

2409 4091 2567 4174 ipsis
2606 4098 2705 4154 est
2746 4109 2874 4152 una
2915 4091 3192 4154 essentia
3235 4097 3300 4153 et
3341 4097 3589 4166 natura,
3621 4099 3685 4154 et
3724 4092 3907 4175 quid-

798 4196 1039 4254 naturae
1078 4195 1175 4252 est
1214 4188 1282 4250 in
1324 4206 1593 4270 persona
1634 4189 1713 4250 ad
1756 4197 1968 4251 actum
2015 4207 2303 4252 commu·
2331 4190 2380 4252 D
2409 4190 2564 4272 quid
2609 4189 2845 4252 dicitur
2887 4188 3176 4252 absolute
3209 4207 3223 4250 :
3257 4189 3402 4252 ideo
3445 4209 3655 4272 neque
3696 4209 3906 4254 essen-

799 4287 1137 4350 nicationis
1184 4287 1475 4367 ejusdem
1525 4294 1804 4365 naturae3
1852 4294 2075 4369 estque
2119 4295 2299 4349 natu-

798 4385 916 4448 rali
950 4384 1173 4448 ordine
1214 4385 1388 4467 prior
1432 4403 1625 4466 quam
1682 4384 1939 4447 creandi
1993 4385 2298 4467 potentia,

798 4484 951 4566 quia
1021 4482 1455 4545 immediatius
1524 4489 1815 4544 naturam
1887 4484 2302 4565 consequitur

796 4579 1419 4645 communicabilitas
1459 4581 1560 4644 sui
1601 4581 1953 4644 secundum
1985 4601 2075 4655 se,
2107 4600 2300 4664 quam

796 4679 863 4744 in
903 4679 1391 4762 participatione
1430 4697 1545 4761 per
1582 4678 1837 4741 similia.
1871 4678 2155 4743 Potentia
2192 4699 2300 4742 au-

792 4786 926 4842 tem
974 4778 1040 4841 in
1083 4777 1321 4841 divinis
1365 4776 1691 4858 analogice
1736 4777 1992 4852 dicitur,
2038 4797 2300 4860 praeser-

793 4877 910 4940 tim
955 4885 1247 4959 respectu
1286 4876 1588 4959 potentiae
1622 4875 1947 4939 actionum
1988 4877 2066 4938 ad
2112 4876 2298 4949 intra,

796 4984 861 5038 et
918 4975 1363 5057 operationum
1424 4974 1505 5036 ad
1564 4981 1761 5038 extra.
1797 4974 2057 5050 Verum,
2110 4981 2304 5056 prout

796 5073 1165 5136 radicantur
1221 5074 1286 5135 in
1347 5091 1475 5136 una
1533 5073 1796 5136 Deitatis
1854 5073 2154 5147 essentia,
2207 5073 2301 5134 sic

798 5179 948 5233 sunt
990 5171 1273 5253 potentia
1315 5187 1583 5234 numero
1628 5189 1755 5233 una
1792 5177 1983 5253 atque
2029 5171 2302 5234 univoce

802 5270 1013 5349 dicta3
1062 5270 1171 5332 sed
1224 5287 1339 5352 per
1388 5269 1930 5352 comparationem
1986 5271 2065 5334 ad
2122 5277 2303 5334 actus

2407 4289 2518 4363 tia,
2578 4305 2698 4351 nec
2757 4294 3001 4360 natura,
3062 4305 3182 4350 nec
3239 4287 3572 4368 majestate
3629 4307 3756 4350 una
3807 4297 3906 4352 est

2409 4386 2532 4448 alia
2581 4386 2797 4467 prior;
2847 4385 3150 4449 similiter
3203 4404 3324 4448 nec
3378 4386 3737 4460 duratione,
3785 4405 3905 4450 nec

2407 4491 2721 4565 tempore,
2755 4501 2874 4545 nec
2919 4483 3080 4556 loco,
3125 4501 3246 4546 nec
3289 4483 3439 4559 situ,
3483 4502 3604 4547 nec
3645 4484 3907 4547 causali-

2409 4589 2554 4644 tate.
2589 4583 2847 4654 Iterum,
2878 4599 3164 4663 personae
3191 4581 3269 4644 ad
3301 4582 3578 4645 invicem
3609 4581 3910 4646 dicuntur

2409 4680 2692 4743 relative.
2750 4679 3034 4743 Relativa
3087 4686 3304 4743 autem
3353 4687 3507 4743 sunt
3553 4680 3750 4744 simul
3803 4700 3908 4744 na-

2411 4787 2552 4841 tura
2585 4795 2599 4840 :
2637 4777 2767 4840 imo
2799 4777 3025 4860 posita,
3059 4795 3128 4840 se
3157 4785 3426 4860 ponunt,
3457 4786 3522 4842 et
3551 4788 3904 4861 perempta,

2383 4875 2478 4938 'se
2519 4875 2866 4958 perimunt.
2911 4875 3039 4939 Nec
3079 4894 3280 4940 unum
3325 4893 3547 4938 eorum
3590 4885 3690 4940 est
3729 4877 3908 4959 prius

2409 4973 2534 5037 alio
2565 4973 2920 5047 intellectu,
2953 4992 3156 5056 quum
3195 4992 3398 5036 unum
3437 4974 3523 5037 sit
3558 4975 3638 5037 de
3667 4975 3907 5038 ratione

2409 5080 2474 5136 et
2501 5071 2830 5136 intellectu
2859 5070 3467 5136 alterius.—Nihilo
3497 5073 3711 5136 minus
3730 5074 3912 5136 Pater

2410 5177 2509 5234 est
2549 5170 2944 5253 principium
2990 5169 3154 5244 Filii,
3189 5169 3368 5233 Pater
3409 5189 3666 5253 quoque
3708 5178 3771 5235 et
3812 5172 3910 5234 Fi-

2412 5269 2537 5333 lius
2566 5275 2718 5332 sunt
2745 5267 3136 5353 principium
3169 5267 3689 5351 Spiritus.Sancti
3707 5269 3912 5354 :prin-
