4300 6259
911 515 989 560 DE
1030 514 1257 562 mamm
1299 514 1680 562 cnnlsnANAE
1722 513 2023 570 runcum-3,
2068 515 2244 562 LIBER
2285 518 2348 564 n.
2395 536 2474 546 —
2515 521 2655 566 ΛΒΤ.
2703 519 2825 568 xcu

3298 503 3417 566 497

316 679 567 744 animas
641 694 935 749 asserunt
1010 687 1421 750 immortales.
1494 685 1671 748 Unde
1751 683 1816 747 in
1846 683 1896 746 A
1926 688 2207 768 petendi.
2243 688 2336 752 Ad
2377 691 2546 772 quod
2579 691 2794 766 etiam,
2830 692 2998 754 sicut
3025 690 3420 772 Augustinus

318 779 557 843 Timaeo
586 781 937 846 introducit
966 785 1160 858 Plato,
1194 785 1640 847 universorum
1682 781 1816 864 opi·

316 875 513 939 ficem
558 879 758 942 Deum
808 883 885 944 ad
936 902 1157 946 causas
1206 882 1519 945 secundas
1566 881 1818 942 univer-

316 973 483 1036 sales
532 983 597 1038 et
645 978 936 1041 coelestes
978 979 1097 1042 hoc
1150 981 1337 1042 modo
1386 980 1751 1061 loquentem
1798 995 1813 1039 ε

314 1071 559 1135 Horum
607 1085 959 1140 sementem
1000 1078 1095 1158 (id
1140 1085 1235 1140 est
1279 1077 1641 1140 mortalium
1688 1077 1819 1138 ani-

316 1171 587 1234 malium
656 1175 933 1255 animas)
994 1195 1113 1258 ego
1182 1175 1435 1247 faciam,
1508 1174 1819 1256 vobisque

313 1269 605 1349 tradam3
638 1291 751 1336 vos
782 1281 990 1336 cetera
1020 1275 1283 1358 exsequi
1326 1293 1439 1357 par
1474 1281 1592 1348 est,
1627 1273 1710 1336 ita
1750 1280 1820 1335 ut

315 1369 749 1432 immortalem
816 1372 1269 1454 coelestemque
1328 1381 1619 1434 naturam
1677 1378 1821 1453 post

316 1465 805 1530 dissolutionem
856 1470 1199 1552 recipiatis,
1242 1471 1319 1532 Et
1366 1477 1510 1551 post
1555 1488 1758 1551 pauca
1801 1485 1815 1530 ε

316 1565 899 1649 coagmentataque
948 1587 1095 1632 mox
1156 1569 1471 1632 universae
1534 1568 1623 1630 rei
1690 1586 1818 1630 ma-

314 1663 533 1738 china,
592 1664 827 1746 delegit
892 1666 1137 1730 animas
1203 1667 1532 1730 stellarum
1598 1684 1820 1728 nume-

314 1780 387 1824 ro
446 1781 673 1844 pares;
727 1762 1009 1846 singulas
1070 1755 1340 1846 singulis
1402 1764 1817 1846 comparavit,

1924 783 2193 858 inducit,
2244 786 2364 852 hoc
2411 790 2581 871 quod
2638 790 2702 852 in
2764 790 3162 854 Ecclesiastae
3208 789 3420 871 primo

1924 883 2235 964 scriptum
2281 894 2400 962 est,
2445 889 2682 951 referre
2725 889 2922 971 aliqui
2969 889 3210 952 volunt.
3259 887 3418 962 Quid
3447 905 3596 950 Recte.
3616 918 3647 953 ι.
3668 908 3710 958 ο,

1924 989 2021 1042 est
2056 982 2324 1064 (inquit)
2362 986 2530 1066 quod
2574 985 2741 1048 ruiti
2781 987 2994 1069 ipsum
3039 987 3209 1068 quod
3254 973 3468 1048 futu-¹

1925 1097 2069 1141 rum
2100 1087 2214 1142 est.
2251 1082 2410 1155 Quid
2441 1091 2537 1145 est
2567 1085 2734 1167 quod
2768 1084 3005 1147 factum
3039 1087 3172 1148 est?
3201 1085 3417 1166 Ipsum

1926 1176 2093 1257 quod
2146 1176 2512 1242 faciendum
2561 1188 2675 1243 est.
2729 1181 2900 1244 Nihil
2952 1182 3073 1244 sub
3124 1180 3258 1244 sole
3311 1199 3421 1243 no-

1926 1293 2098 1336 vum.
2119 1275 2248 1338 Ncc
2279 1277 2446 1340 valet
2477 1279 2816 1361 quisquam
2849 1279 3084 1352 dicere,
3109 1280 3271 1343 Ecce
3301 1280 3421 1342 hoc

1928 1391 2149 1435 recens
2201 1382 2298 1436 est
2351 1393 2364 1436 :
2414 1375 2547 1456 jam
2593 1376 2763 1439 enim
2817 1379 3143 1460 praecessit
3191 1378 3254 1440 in
3311 1397 3422 1441 sae-

1928 1469 2110 1532 culis.
2165 1471 2312 1544 Quae
2357 1475 2572 1536 omnia
2617 1475 3032 1557 intelligenda
3077 1493 3204 1538 non
3249 1481 3421 1550 sunt,

1928 1575 1999 1630 ut
2060 1570 2285 1632 asserit
2350 1572 2766 1653 AugustinuS,
2836 1580 3142 1656 tanquam
3200 1575 3423 1636 eadem

1928 1685 2200 1730 numero
2229 1678 2636 1751 repetantur3
2669 1672 2778 1734 sed
2809 1672 3031 1734 eadem
3069 1673 3422 1735 secundum

1928 1767 2212 1848 speciem
2245 1768 2307 1828 in
2341 1769 2535 1830 variis
2573 1771 3094 1851 generationibus
3124 1770 3428 1833 reiteran-

316 1879 555 1943 easque
632 1861 947 1924 vehiculis
1015 1863 1529 1945 competentibus
1603 1879 1820 1943 super·
1848 1859 1894 1922 Β
1929 1871 2033 1924 tur
2085 1881 2099 1926 ε
2151 1866 2320 1946 quod
2362 1868 2552 1929 etiam
2594 1868 2966 1932 Aristoteles
3011 1869 3180 1932 circa
3221 1869 3426 1932 finem

316 1960 677 2040 impositaS,
708 1959 1021 2024 universae
1064 1961 1155 2024 rei
1200 1968 1491 2023 naturam
1534 1967 1820 2042 spectare

312 2059 533 2140 jussit,
587 2059 887 2142 legesque
946 2059 1367 2123 immutabilis
1426 2059 1663 2122 decreti
1716 2059 1821 2122 do-

316 2159 471 2220 cuit.

398 2255 709 2339 Sequitur
762 2255 958 2337 igitur
1014 2255 1369 2320 secundum
1433 2256 1820 2340 positionem

316 2356 507 2428 hanc,
536 2354 707 2436 quod
736 2355 963 2418 animae
994 2354 1371 2437 corporibus
1400 2355 1817 2418 reuniuntur:

320 2455 472 2526 imo,
526 2471 729 2535 quum
788 2453 1143 2516 secundum
1202 2471 1367 2528 eam,
1416 2453 1645 2517 animae
1694 2453 1823 2516 sint

318 2561 594 2626 aeternae,
628 2553 849 2616 eadem
878 2553 1093 2615 anima
1122 2553 1701 2616 innumerabilibus
1730 2553 1823 2616 vi-

320 2652 507 2716 cibus
570 2651 823 2732 corpori
870 2658 970 2713 est
1014 2651 1195 2714 unita
1244 2669 1593 2734 rursusque
1642 2670 1819 2734 sepa·

320 2759 473 2824 rata,
508 2755 575 2812 et
604 2750 817 2812 denuo
860 2749 1227 2829 conjuncta,
1260 2749 1493 2812 iterum
1524 2767 1819 2831 separan-

318 2851 435 2912 da:
460 2856 527 2910 et
556 2847 679 2910 hoc
710 2865 837 2910 non
868 2854 1145 2910 cessaret
1176 2847 1241 2910 in
1275 2847 1619 2910 infinitum.
1646 2847 1820 2910 Unde

320 2947 427 3029 qui
470 2964 648 3008 nunc
680 2952 797 3018 est,
830 2951 977 3007 ante
1018 2944 1163 3019 fuit,
1197 2953 1260 3008 et
1304 2953 1523 3028 postea
1566 2945 1819 3006 futurus

1931 1961 2077 2023 libri
2116 1963 2197 2025 de
2236 1965 2652 2028 Generatione
2691 1967 2990 2038 ostendit,
3033 1975 3250 2030 contra
3294 1967 3426 2029 Pla·

1930 2067 2141 2124 tonem
2191 2062 2544 2145 disputans,

2305 2335 2794 2403 ARTICULUS
2841 2337 3050 2402 XCII.

1934 2476 2118 2542 Quod
2161 2476 2450 2536 homines
2496 2487 2838 2554 resument
2884 2479 3330 2546 immortales,·
3367 2483 3428 2536 et

2010 2566 2091 2622 de
2122 2566 2594 2640 improbatione
2621 2568 2770 2644 jam
2802 2576 3134 2627 enarratae
3165 2568 3430 2642 positio-

2014 2655 2121 2713 πίε
2163 2656 2554 2716 Stoicorum.

1938 2845 2446 3046 QUANQUAM
2479 2866 2668 2931 porro
2705 2850 3113 2933 philosophia
3143 2849 3261 2912 ista
3297 2848 3430 2911 Pla·

2103 2945 2273 3009 tonis
2318 2953 2382 3009 et
2421 2947 2626 3009 Procli
2671 2966 2799 3012 non
2845 2948 3102 3031 penitus
3145 2948 3430 3011 veritatis

320 3051 432 3108 est.
468 3043 948 3116 Verumtamen,
980 3061 1181 3124 quum
1224 3042 1579 3105 secundum
1622 3042 1821 3106 Plato·
1849 3045 1893 3111 C
1932 3063 2162 3127 expers
2209 3045 2312 3118 sit,
2359 3045 2901 3126 quemadmodum
2947 3065 3022 3108 ex
3070 3063 3294 3108 eorum
3339 3063 3431 3107 ra-

320 3161 491 3216 nem,
526 3142 720 3204 homo
748 3141 921 3204 aliud
954 3157 1079 3204 non
1111 3141 1194 3204 sit
1222 3140 1347 3204 nisi
1378 3141 1593 3203 anima
1636 3148 1820 3203 utens

318 3258 609 3324 corpore,
666 3239 747 3304 ad
808 3239 1201 3302 identitatem
1264 3239 1655 3322 resurgentis
1706 3259 1820 3303 seu

318 3339 649 3403 redeuntis
689 3339 770 3400 ad
814 3340 1035 3412 vitam,
1070 3355 1196 3402 non
1241 3339 1603 3420 exigeretur
1646 3339 1820 3400 iden-

318 3440 461 3500 titas
523 3436 757 3520 prioris
816 3437 1123 3520 corporis.
1186 3436 1325 3500 Haec
1386 3435 1685 3519 equidem
1743 3455 1820 3499 ex

317 3536 535 3600 verbis
580 3535 781 3599 Procli
825 3535 1251 3598 innotescunt.
1290 3535 1396 3597 Ait
1438 3553 1715 3617 namque
1755 3535 1821 3597 in

318 3642 689 3699 commento
730 3651 745 3696 t
788 3633 1039 3698 Etenim
1088 3633 1305 3696 anima
1348 3633 1699 3708 descendit,
1744 3635 1825 3696 ir-

318 3733 731 3798 rationabiles
776 3750 1109 3796 assumens
1148 3731 1341 3809 vitas3
1382 3733 1668 3796 ascendit
1713 3751 1820 3794 au-

320 3841 466 3906 tem,
500 3833 831 3915 deponens
869 3849 1093 3894 omnes
1132 3831 1559 3911 generationis
1598 3838 1821 3912 poten—

320 3930 435 3993 tias
482 3949 643 4012 quas
690 3929 755 3991 in
802 3929 1115 3991 descensu
1152 3927 1519 4011 acquisivit,
1551 3934 1615 3989 et
1656 3925 1823 3988 facta

321 4048 481 4110 pura
525 4035 591 4090 et
634 4027 807 4090 nuda
846 4025 929 4088 ab
972 4025 1275 4089 omnibus
1328 4025 1564 4089 talibus
1610 4033 1825 4107 poten-

320 4129 443 4190 tiis.
488 4127 663 4190 Hanc
716 4126 979 4208 insuper
1027 4125 1408 4208 positionem
1456 4133 1666 4186 narrat
1702 4125 1823 4186 Au-

1934 3143 2216 3206 tionibus
2248 3143 2374 3205 cito
2405 3143 2702 3222 clarebit3
2737 3145 2800 3206 in
2832 3152 3010 3226 parte
3041 3151 3277 3218 tamen,
3303 3161 3430 3206 non

1926 3242 2061 3323 jam
2109 3242 2438 3304 dumtaxat
2487 3259 2565 3304 ex
2622 3240 2780 3304 fidei
2839 3243 3266 3316 documentiS,
3319 3241 3430 3304 sed

1932 3359 2045 3422 per
2088 3339 2410 3402 naturales
2454 3339 2646 3401 etiam
2689 3338 2965 3404 rationes
3010 3340 3252 3403 destrui
3296 3346 3434 3421 pot-

1930 3445 2025 3501 est
2059 3455 2072 3499 :
2108 3437 2350 3519 quippe
2381 3437 2549 3518 quod
2581 3437 2863 3501 animam
2905 3439 3156 3522 corpori
3187 3439 3430 3502 reuniri

1932 3554 2116 3619 posse
2156 3535 2356 3609 aiunt,
2389 3543 2561 3598 recte
2602 3536 2990 3618 loquuntur3
3023 3537 3134 3599 sed
3179 3536 3430 3618 corpori

1930 3653 2151 3696 rursus
2194 3633 2506 3696 morituro
2549 3633 2753 3716 ipsam
2797 3636 3211 3698 reuniendam
3262 3654 3430 3697 asse-

1930 3739 2165 3806 renteS,
2235 3749 2271 3793 a
2337 3732 2601 3794 veritate
2671 3732 2948 3813 elongati
3013 3741 3180 3796 sunt.
3251 3733 3429 3807 Quod

1930 3830 2142 3912 primo
2201 3848 2277 3892 ex
2345 3829 2703 3892 rationibus
2761 3829 2916 3893 fidei
2977 3830 3425 3905 innitentibuS,

1930 3928 2050 3990 hoc
2082 3928 2272 3989 modo
2299 3928 2674 3990 ostenditur.
2709 3928 3062 3990 Necessitas
3091 3929 3266 3990 enim
3298 3946 3430 3991 mo-

1930 4025 2160 4099 riendi,
2194 4033 2434 4088 naturae
2473 4026 2770 4088 humanae
2799 4045 2876 4088 ex
2907 4027 3096 4109 culpa
3138 4027 3426 4100 adhaesit,

1931 4126 2204 4206 ideoque
2270 4131 2512 4186 naturae
2578 4123 2864 4186 defectus
2932 4131 3068 4202 est;
3137 4124 3247 4186 sed
3316 4143 3432 4207 per

319 4225 617 4308 gustinus
666 4223 1046 4286 duodecimo
1094 4223 1171 4286 de
1221 4223 1548 4296 Trinitate,
1599 4222 1819 4284 dicens
1850 4225 1900 4287 D
1934 4223 2234 4286 meritum
2269 4222 2584 4304 passionis
2625 4241 2777 4297 suae,
2813 4223 3102 4286 Christus
3141 4222 3429 4287 desectus

320 4325 631 4408 quosdam
674 4322 1011 4404 gentilium
1051 4322 1580 4404 philosophorum
1620 4320 1821 4384 credi-

323 4423 515 4496 disse,
563 4422 784 4486 eadem
830 4429 1191 4502 temporum
1243 4419 1821 4502 temporaliumque

322 4541 541 4585 rerum
586 4521 917 4584 volumina
959 4520 1163 4602 repeti
1209 4537 1223 4581 z
1266 4519 1447 4582 verbi
1489 4520 1709 4600 gratia,
1752 4527 1823 4581 ut

322 4620 491 4682 sicut
551 4619 671 4682 isto
729 4618 963 4682 saeculo
1019 4618 1193 4680 Plato
1251 4617 1693 4700 philosophus,
1755 4616 1821 4679 in

320 4719 541 4782 schola
596 4737 741 4800 quae
794 4715 1177 4780 Academica
1232 4716 1487 4789 dicitur,
1540 4716 1603 4777 in
1665 4713 1823 4778 urbe

320 4817 699 4880 Atheniensi
730 4815 1081 4897 discipulos
1110 4815 1348 4889 docuit,
1378 4815 1464 4877 ita
1494 4833 1609 4898 per
1638 4814 1823 4876 innu-

326 4915 661 4979 merabilia
686 4923 835 4978 ante
864 4913 1117 4988 saecula,
1145 4914 1361 4976 multis
1392 4913 1651 4995 quidem
1685 4930 1824 4995 pro·

325 5015 471 5077 lixis
538 5013 915 5085 intervalliS,
976 5012 1168 5075 certis
1225 5019 1461 5086 tamen,
1522 5019 1587 5074 et
1653 5012 1822 5073 idem

325 5114 521 5189 Plato,
584 5112 809 5192 eadem
866 5129 1123 5194 quoque
1180 5111 1427 5186 civitaS,
1487 5119 1553 5173 et
1608 5109 1826 5173 schola

324 5213 553 5276 eadem
586 5211 910 5294 iidemque
938 5209 1243 5292 discipuli
1278 5211 1529 5292 repetiti
1564 5211 1713 5284 sint,
1736 5218 1826 5273 at-

329 5330 453 5396 que
484 5328 603 5394 per
642 5307 1135 5372 innumerabilia
1178 5309 1409 5372 deinde
1453 5309 1683 5373 saecula
1726 5328 1824 5372 re-

583 5445 647 5495 T.
685 5444 763 5494 33.

1932 4330 2172 4386 naturae
2217 4321 2536 4403 reparavit
2577 4321 2690 4403 qui
2729 4320 2788 4384 ei
2829 4339 2906 4384 ex
2948 4329 3206 4404 peccato
3243 4322 3430 4386 adve-

1932 4429 2185 4486 nerunt.
2256 4419 2601 4483 Efficacius
2671 4429 2768 4483 est
2833 4439 3066 4503 nempe
3127 4421 3430 4486 meritum

1932 4523 2166 4585 Christi
2210 4522 2288 4584 ad
2332 4519 2685 4584 tollendum
2729 4527 3022 4594 mortem,
3057 4540 3248 4601 quarn
3289 4541 3435 4604 pec·

1932 4629 2143 4683 catum
2176 4621 2324 4682 Adae
2361 4620 2439 4681 ad
2482 4618 2656 4680 illam
2697 4617 3144 4682 inducendam.
3179 4619 3277 4681 llli
3317 4621 3432 4683 ita-

1932 4737 2057 4800 que
2098 4718 2210 4800 qui
2254 4735 2370 4799 per
2409 4715 2710 4778 meritum
2751 4714 2981 4778 Christi
3023 4725 3356 4798 resurgent
3392 4737 3431 4780 a

1934 4825 2136 4880 morte
2177 4815 2452 4888 liberati,
2496 4831 2623 4877 non
2669 4813 2946 4895 amplius
2987 4823 3257 4878 mortem
3297 4836 3431 4878 sus-

1933 4915 2250 4979 tinebunt.
2320 4913 2440 4978 Sed
2513 4929 2735 4974 omnes
2799 4911 3094 4975 homines
3160 4913 3241 4975 ab
3308 4914 3430 4978 hoc

1935 5023 2176 5077 naturae
2246 5011 2502 5074 deiectu
2573 5009 2822 5071 liberati
2899 5017 3067 5072 sunt.
3143 5011 3431 5076 Christus

1936 5131 2216 5194 namque
2263 5119 2555 5172 naturam
2616 5108 2894 5170 hominis
2942 5112 3311 5192 assumpsit,
3361 5119 3434 5174 ut

1935 5231 2077 5275 eam
2136 5218 2333 5273 totam
2381 5213 2723 5290 repararet.
2774 5207 3098 5280 Praeterea,
3149 5227 3262 5271 nos
3321 5214 3432 5294 qui

1938 5310 2230 5375 membra
2276 5307 2508 5372 Christi
2559 5324 2804 5380 sumuS,
2855 5305 2946 5367 sic
3007 5325 3432 5390 resurgemuS,
3464 5345 3532 5386 27,

3128 5442 3188 5494 32

3475 972 3514 1011 0.

3495 5277 3510 5321 1
3535 5275 3638 5322 Cor.
3655 5287 3727 5330 ιη,
