4300 6259
854 483 977 550 548

878 683 887 692 ·
932 673 1125 737 natur,
1180 671 1251 728 72
1266 670 1347 738 B',
1406 671 1553 734 73A,
1613 673 1669 728 et
1724 671 1798 726 ad
1850 668 1991 742 quid
2048 669 2356 732 deserviat,

930 761 1071 819 wc.
1124 761 1401 818 'totaliter
1462 765 1550 818 est
1618 759 1927 824 uniforme,
1986 759 2124 821 700,
2187 758 2362 816 unius

928 849 1214 924 simplicis
1270 867 1339 907 ac
1394 849 1743 907 velocissimi
1802 852 2015 908 motus.
2070 848 2236 903 721)’.
2294 879 2360 890 -

931 941 1152 998 Coelum
1211 943 1501 1005 octavum,
1563 957 1664 995 seu
1730 938 2046 1003 stellatum,
2105 939 2364 994 secunda

932 1029 1025 1086 die
1073 1028 1293 1086 factum
1340 1031 1445 1091 est,
1500 1030 1601 1083 159
1619 1030 1679 1092 Β,
1721 1029 1777 1092 C,
1820 1044 1888 1084 ex
1936 1043 2122 1098 aquea
2159 1027 2246 1094 (ut
2281 1025 2363 1080 vi-

932 1120 1125 1190 detur)
1153 1117 1415 1180 materia,
1459 1118 1635 1180 1598,
1678 1117 1755 1172 0.
1790 1116 2010 1171 Dicitur
2048 1116 2226 1172 etiam
2267 1115 2360 1170 fir-

934 1210 1321 1272 mamentum,
1360 1207 1521 1270 7213‘,
1558 1207 1732 1271 1598,
1764 1209 1821 1262 et
1850 1205 2102 1262 circulus
2142 1205 2359 1276 planes,

931 1296 1002 1350 72
1015 1295 1095 1352 D’.
1128 1295 1431 1368 Duplicem
1460 1295 1635 1352 habet
1663 1297 1910 1359 motum,
1935 1295 2095 1358 7213’,
2127 1295 2362 1365 propter

932 1386 1088 1459 quod
1118 1401 1236 1441 non
1268 1387 1454 1457 potest
1491 1401 1615 1441 esse
1646 1383 1906 1456 primum
1937 1382 2171 1448 mobile,
2196 1384 2265 1436 72
2281 1382 2356 1447 C';

932 1476 1007 1531 ad
1038 1473 1585 1530 determinationem
1608 1471 1931 1528 formarum
1964 1470 2205 1536 confert,
2219 1470 2357 1535 700,

934 1568 991 1622 et
1018 1565 1093 1621 ad
1124 1563 1467 1622 inferiorum
1503 1561 1960 1635 generationem,
1993 1560 2129 1624 73C,
2155 1560 2256 1615 sed
2285 1561 2357 1615 ad

932 1670 1063 1711 cam
1104 1669 1220 1709 non
1260 1651 1489 1717 sufficit,
1522 1651 1685 1706 ’72Β’.
1720 1682 1784 1691 -
1818 1649 1909 1720 Cf.
1942 1653 2123 1722 Aqua,
2159 1648 2356 1713 Orbes,

933 1743 1203 1815 Sphoerae.

1004 1829 1139 1887 Coeli
1178 1833 1373 1886 motus
1410 1831 1497 1886 est
1533 1829 1650 1885 vita
1688 1827 2051 1891 inferiorum,
2083 1827 2230 1891 30A,
2264 1841 2360 1898 ge-

932 1919 1294 1977 nerationem
1344 1921 1402 1974 et
1456 1915 1891 1990 corruptionem
1942 1914 2077 1971 facit
2133 1915 2192 1970 in
2250 1914 2360 1969 hoc

936 2009 1179 2071 mundo,
1228 2007 1333 2063 329
1351 2006 1433 2070 D’,
1484 2006 1622 2079 quia
1665 2003 1985 2062 coelestium
2034 2002 2360 2060 essentialis

932 2097 1083 2154 actio
1119 2100 1207 2152 est
1244 2111 1502 2160 causare,
1543 2109 1792 2159 movere,
1834 2095 1891 2149 et
1928 2092 2266 2164 imprimere
2297 2091 2356 2148 in

932 2185 1225 2250 inferiora,
1277 2183 1451 2248 3300,
1494 2182 1751 2238 maxime
1800 2181 1976 2254 primi
2016 2181 2162 2246 coeli,
2201 2181 2357 2254 quod

928 2275 1153 2332 ratione
1184 2273 1401 2330 animae
1430 2287 1570 2338 suoe,
1602 2287 1778 2328 causa
1815 2273 1901 2327 est
1942 2270 2211 2325 omnium
2244 2269 2358 2326 for-

926 2379 1160 2421 marum
1200 2362 1379 2435 hujus
1426 2361 1653 2425 mundi,
1694 2360 1800 2415 337
1816 2360 1899 2422 A’,
1940 2376 2007 2414 ac
2054 2363 2358 2431 propterea

928 2453 1079 2510 inter
1117 2454 1367 2523 quatuor
1403 2449 1715 2522 primarias
1759 2464 1967 2504 causas
2002 2450 2356 2513 recensetur,

928 2543 1075 2598 31A.
1108 2573 1179 2582 —
1207 2537 1469 2596 Coelestia
1498 2537 1895 2594 indesinenter
1923 2539 2122 2608 agunt,
2155 2533 2356 2600 3191)’,

930 2633 1030 2689 sed
1062 2630 1322 2687 influxus
1351 2643 1555 2685 eorum
1586 2627 1645 2682 in
1678 2625 2051 2682 inferioribus
2077 2625 2358 2697 recipitur

919 2723 1093 2795 Juxta
1123 2717 1563 2791 dispositionem
1594 2714 2027 2781 inferiorum,et
2047 2730 2149 2787 per
2169 2718 2353 2771 artem

929 2809 1250 2882 impeditur
1288 2809 1389 2863 aut
1426 2808 1751 2878 superatur,
1788 2805 1890 2860 150
1905 2804 1998 2868 C';
2032 2805 2187 2860 unde
2227 2805 2356 2861 nul-

928 2901 1053 2957 lum
1094 2897 1383 2954 influxum
1434 2895 1655 2952 habent
1696 2893 1754 2949 in
1800 2892 2156 2949 substantias
2193 2910 2356 2965 sepa-

930 2990 1106 3053 ratas,
1149 2985 1330 3050 3151),
1372 2983 1663 3039 influxum
1714 2981 2094 3038 inclinantem
2146 2981 2204 3036 in
2253 2981 2356 3036 ho-

934 3076 1141 3140 mines,
1166 3072 1361 3136 3150,
1387 3072 1446 3128 in
1479 3073 1766 3144 quantum
1798 3086 1867 3126 ex
1896 3086 2099 3126 eorum
2130 3069 2358 3126 diversa

929 3162 1237 3222 influentia
1267 3161 1458 3235 major
1493 3159 1780 3232 contingit
1819 3159 1907 3215 vel
1941 3159 2135 3215 minor
2163 3159 2356 3231 dispo-

928 3254 1063 3311 sitio
1093 3253 1166 3310 ad
1196 3250 1469 3308 scientias
1495 3253 1553 3306 et
1578 3249 1839 3314 virtutes,
1865 3249 1964 3304 194
1978 3250 2037 3314 8,
2062 3248 2352 3305 influxum

929 3345 1229 3416 cogentem
1272 3341 1331 3396 in
1377 3337 1669 3402 inferiora,
1710 3338 1914 3393 3150’.
1946 3338 2166 3410 Corpus
2195 3337 2353 3394 enim

930 3433 1174 3496 coeleste,
1198 3431 1657 3486 instrumentum
1690 3430 1777 3484 est
1806 3428 2115 3483 dumtaxat
2141 3426 2355 3483 intelli-

932 3521 1142 3595 gentiae
1181 3518 1462 3584 metricis,
1490 3517 1597 3572 326
1614 3517 1695 3582 D’,
1725 3533 1829 3573 seu
1866 3516 2083 3572 animae
2122 3516 2353 3580 nobilis,

928 3627 1061 3684 quae
1098 3625 1283 3682 quum
1323 3608 1383 3664 in
1432 3605 1709 3663 inferiora
1746 3621 1863 3661 non
1902 3605 2013 3660 nisi
2062 3604 2356 3662 mediante

929 3715 1169 3772 corpore
1217 3701 1369 3770 agat,
1418 3697 1524 3750 326
1543 3695 1618 3760 0,
1670 3694 1730 3750 in
1780 3692 2081 3750 inferiores
2126 3693 2358 3750 animas

930 3788 1147 3846 directe
1188 3802 1356 3859 agere
1396 3783 1617 3857 nequit,
1650 3785 1755 3838 327
1774 3783 1853 3848 1)’,
1887 3782 2174 3854 quidquid
2215 3799 2356 3839 con-

928 3881 1023 3933 tra
1059 3875 1215 3931 dicat
1244 3873 1551 3936 Avicenna,
1584 3872 1779 3927 32613’.
1809 3903 1882 3912 —
1910 3871 2189 3936 Coelestia,
2221 3871 2360 3944 quia

930 3962 1399 4036 incorruptibilia
1426 3963 1581 4024 sunt,
1602 3961 1710 4016 512
1725 3961 1780 4024 C,
1814 3962 1870 4016 et
1896 3960 1969 4015 ad
2001 3960 2358 4032 contempla-

930 4055 1151 4110 tionem
1203 4051 1301 4107 Dei
1348 4052 1588 4115 ducunt,
1636 4049 1837 4112 5128’,
1888 4051 2016 4121 post
2062 4049 2355 4122 judicium

931 4141 1321 4199 remanebunt
1385 4141 1443 4194 et
1504 4137 1954 4200 innovabuntur,
2014 4139 2119 4192 512
2138 4139 2202 4202 D,
2260 4138 2354 4202 C';

929 4231 1030 4288 sed
1058 4231 1255 4284 motus
1295 4227 1593 4290 coelorum,
1627 4225 1726 4298 qui
1763 4226 1837 4281 ad
1876 4224 2218 4282 inferiorum
2263 4243 2359 4299 ge-

930 4318 1294 4376 nerationem
1348 4315 1671 4380 ordinatur,
1726 4314 1990 4381 cessabit,
2039 4315 2238 4370 512Α’.
2290 4347 2356 4356 -

929 4407 1104 4464 Aliud
1152 4409 1237 4462 est
1284 4404 1493 4461 coelum
1542 4403 1843 4468 rationale,
1895 4402 1953 4459 id
1999 4406 2088 4459 est
2122 4404 2354 4476 Justus;

931 4496 1093 4553 aliud
1160 4493 1370 4552 coelum
1439 4491 1844 4555 intellectuale,
1908 4508 2009 4549 seu
2074 4493 2318 4565 angelus
2339 4511 2354 4560 ;

931 4585 1094 4643 aliud
1124 4583 1335 4641 coelum
1356 4581 1929 4653 supersubstantiale,
1944 4581 2164 4637 scilicet
2186 4583 2354 4648 Deus,

934 4674 1131 4731 1610.
1163 4705 1237 4714 -
1266 4671 1358 4742 Cf.
1392 4672 1617 4735 Fatum,
1652 4672 1851 4725 Homo.

857 4763 1242 4822 COGITATIO.
1283 4760 1381 4816 Vis
1420 4758 1727 4831 cogitativa
1773 4758 1832 4813 in
1882 4758 2117 4817 homine
2150 4759 2357 4818 tertius

928 4856 1017 4910 est
1062 4866 1267 4908 sensus
1314 4848 1574 4914 interior,
1622 4848 1697 4903 ad
1746 4864 1919 4920 quem
1978 4849 2230 4920 pertinet
2283 4865 2354 4907 ex

927 4940 1229 5015 speciebus
1258 4937 1504 4995 sensatis
1544 4936 1763 5008 species
1802 4953 1919 4992 non
1962 4941 2223 4994 sensatas
2259 4938 2357 4995 eli-

926 5047 1075 5095 cere,
1108 5028 1268 5092 540’,
1303 5024 1652 5082 conveniens
1680 5029 1737 5081 et
1774 5025 2067 5088 nocivum,
2098 5027 2353 5084 arduum

927 5135 1157 5194 quoque
1205 5115 1656 5189 apprehendere,
1704 5116 1775 5170 55
1792 5115 1850 5168 8.
1901 5114 2123 5170 Dicitur
2176 5117 2354 5172 etiam

926 5208 1255 5265 intellectus
1300 5204 1579 5278 passivus,
1619 5207 1676 5260 et
1720 5202 1774 5258 vi
1823 5203 2183 5280 aestimativae
2221 5205 2355 5262 bru-

926 5300 1123 5360 torum
1154 5293 1481 5365 respondet.
1514 5292 1583 5346 62
1599 5291 1656 5355 C,
1688 5291 1889 5346 3510.
1921 5322 1992 5331 -
2020 5292 2174 5357 Quid
2219 5309 2354 5349 con-

2106 499 2291 546 mom(
2332 499 2457 545 ANA
2463 498 2707 546 LYTmth

2538 668 2684 724 ferat
2721 665 3058 741 cognitioni,
3080 668 3251 741 juxta
3290 668 3618 730 Averroem,
3651 665 3832 728 3528,
3860 663 3956 736 qui

2542 774 2847 831 perperam
2887 758 3109 816 asserit.
3154 757 3455 814 hominem
3491 757 3564 815 ab
3603 773 3672 813 ea
3707 755 3953 828 speciem

2543 847 2756 911 sortiri,
2785 848 2980 904 3510.

2471 931 3024 994 ΟΟΕΝΙΤΙΟοηιῃίο
3060 936 3308 994 efficitur
3341 953 3443 1008 per
3479 933 3958 992 assimilationem

2545 1025 2761 1098 cogniti
2809 1027 2884 1083 ad
2931 1029 3398 1100 cognoscentem,
3445 1027 3633 1088 237Α,
3686 1040 3828 1080 nam
3873 1039 3960 1078 co-

2546 1116 2774 1188 gnitum
2805 1117 3130 1173 secundum
3170 1115 3457 1171 rationem
3497 1130 3612 1186 qua
3649 1117 3740 1169 est
3785 1111 3847 1168 in
3875 1129 3962 1167 co·

2547 1207 2877 1277 gnoscente,
2945 1203 3161 1261 dicitur
3227 1205 3468 1262 verbum
3543 1201 3962 1274 cognoscentis,

2547 1295 2724 1350 1278.
2765 1296 2852 1349 An
2900 1297 2954 1350 et
3003 1294 3300 1366 quomodo
3347 1291 3576 1348 dicatur
3615 1290 3964 1362 respondere

2543 1383 2793 1456 cognito,
2844 1383 3030 1448 3181),
3082 1381 3274 1446 3240,
3332 1383 3390 1438 et
3443 1395 3562 1436 non
3618 1379 3791 1436 aliter
3845 1395 3962 1434 rem

2544 1471 3035 1543 comprehendere
3065 1486 3242 1542 quam
3275 1469 3400 1542 ipsa
3423 1471 3526 1535 est,
3559 1469 3746 1532 3198,
3779 1467 3962 1523 3251).

2540 1592 2611 1602 --
2648 1559 2910 1632 Cognitio
2957 1563 3044 1616 est
3097 1561 3262 1614 actus
3309 1556 3732 1631 cognoscentis,
3781 1556 3964 1620 3248,

2539 1652 2596 1706 et
2641 1649 2705 1704 fit
2749 1650 2824 1705 ad
2872 1650 3135 1713 modum,
3167 1663 3284 1703 non
3331 1645 3568 1719 cogniti,
3599 1647 3703 1702 sed
3751 1661 3966 1716 cogno-

2541 1738 2772 1803 scentiS,
2801 1739 2976 1802 151Α,
3005 1737 3198 1800 2390,
3222 1735 3362 1808 quia
3389 1735 3454 1790 fit
3479 1735 3811 1792 secundum
3841 1750 3968 1806 pro·

2541 1828 2843 1900 prietatem
2886 1826 3108 1892 formae,
3146 1842 3277 1899 quae
3321 1828 3422 1882 est·
3452 1824 3812 1897 principium
3856 1839 3968 1896 quo

2539 1917 2769 1990 agendi,
2808 1917 2990 1972 2198.
3031 1916 3232 1972 Modus
3267 1930 3407 1987 ergo
3447 1912 3839 1986 cognoscendi
3884 1930 3967 1969 se-

2541 2007 2741 2079 quitur
2779 2007 3022 2062 modum
3067 2004 3316 2070 essendi,
3362 2005 3536 2063 185C.
3566 2005 3626 2060 et
3662 2002 3838 2058 aliter
3877 2019 3966 2058 co·

2541 2094 2767 2167 gnoscit
2801 2111 3024 2156 sensus,
3057 2093 3227 2150 aliter
3265 2091 3630 2166 imaginatiO,
3669 2079 3846 2148 aliter
3881 2109 3968 2147 ra-

2539 2185 2639 2249 tio,
2681 2184 2850 2241 aliter
2895 2182 3298 2255 intelligentia,
3347 2181 3519 2247 59A',
3563 2181 3659 2236 151
3681 2181 3747 2245 Β,
3787 2181 3966 2236 3240.

2539 2274 2712 2330 Nulla
2743 2272 3035 2346 cognitiva
3061 2272 3246 2328 virtus
3273 2275 3362 2328 est
3387 2271 3458 2328 ad
3491 2287 3552 2326 se
3581 2270 3836 2334 rediens,
3861 2269 3970 2326 nisi

2539 2362 2882 2426 intellectus,
2901 2362 3006 2417 237
3025 2363 3085 2418 Β.
3105 2393 3174 2402 —-
3204 2363 3328 2426 Quo
3356 2359 3538 2433 igitur
3563 2359 3774 2417 ceteris
3801 2358 3972 2416 altior

2537 2456 2625 2509 est
2681 2453 2849 2515 Deus,
2908 2467 2976 2507 eo
3040 2449 3356 2507 sublimius
3409 2448 3727 2523 cognoscit,
3787 2450 3894 2505 324
3909 2449 3966 2514 C,

2539 2541 2742 2598 omnia
2771 2540 3006 2597 intuens
3035 2539 3249 2596 unitim
3289 2541 3346 2595 et
3383 2539 3559 2596 unica
3595 2535 3808 2610 specie,
3841 2554 3969 2610 quae

2536 2633 2624 2686 est
2652 2630 2776 2703 ipsa
2806 2646 2912 2686 sua
2939 2628 3209 2693 essentia,
3241 2628 3425 2694 3058,
3456 2626 3830 2688 aeternaliter,
3863 2627 3968 2682 im·

2539 2717 2886 2792 partibiliter
2949 2720 3006 2774 et
3071 2715 3471 2779 immobiliter,
3541 2716 3728 2782 3041),
3787 2717 3966 2780 3050,

2535 2809 2716 2864 3241).
2768 2807 3049 2863 Similiter
3093 2805 3286 2878 angeli
3335 2822 3438 2877 per
3481 2804 3722 2870 formas,
3771 2821 3890 2861 non
3935 2821 3968 2860 a

2535 2898 2709 2953 rebus
2742 2899 3025 2968 sumptas,
3067 2897 3168 2952 sed
3217 2895 3328 2951 sibi
3367 2898 3724 2956 concreatus.
3768 2894 3968 2951 omnia

2535 2989 2912 3059 cognoscunt,
2957 2985 3059 3040 166
3077 2985 3158 3050 1)’,
3214 2984 3409 3052 177A’,
3459 3000 3576 3040 non
3626 2983 3965 3048 discursive.

2535 3077 2636 3132 sed
2693 3074 2976 3140 intuitive,
3035 3075 3106 3130 83
3121 3074 3201 3139 B',
3261 3076 3318 3130 et
3373 3076 3592 3146 quanto
3649 3074 3770 3129 Deo
3835 3078 3971 3130 sunt

2535 3164 2850 3236 propiores,
2889 3166 3051 3220 tanto
3095 3180 3198 3235 per
3238 3163 3540 3234 pauciores
3573 3165 3634 3218 et
3667 3163 3968 3219 universa·

2535 3253 2709 3310 liores
2755 3253 2991 3317 formas,
3036 3251 3234 3308 1668’.
3285 3251 3500 3308 Anima
3543 3254 3743 3307 autem
3793 3252 3968 3308 ratio-

2537 3342 2705 3406 nalis,
2739 3359 2870 3416 quae
2901 3341 3108 3398 ultima
3145 3343 3234 3397 est
3271 3340 3330 3396 in
3369 3339 3573 3397 ordine
3605 3339 3967 3397 intellectua-

2535 3432 2681 3488 lium
2729 3430 3210 3496 substantiarum,
3251 3429 3394 3494 530,
3439 3446 3557 3486 non
3594 3446 3698 3502 per
3745 3429 3966 3486 formas

2537 3523 2891 3584 concreatas,
2921 3520 3024 3576 sed
3060 3535 3096 3574 a
3130 3519 3304 3576 rebus
3341 3521 3607 3591 sumptas
3645 3535 3752 3591 per
3793 3518 3968 3574 mini-

2535 3610 2776 3668 sterium
2817 3608 3093 3681 corporis,
3135 3608 3450 3682 cognoscit,
3490 3608 3660 3664 84n‘.
3697 3608 3967 3682 Cognitio

2535 3697 2692 3754 enim
2743 3695 3152 3753 intellectualis
3195 3711 3232 3752 a
3280 3693 3554 3752 sensitiva
3597 3695 3832 3753 eruitur
3868 3713 3968 3768 per

2537 3785 2895 3843 intellectum
2929 3788 3218 3858 agentem,
3242 3785 3344 3856 qui
3373 3801 3408 3840 a
3435 3783 3814 3841 sensibilibus
3841 3801 3966 3857 spe·

2537 3876 2733 3931 ciebus
2779 3878 2835 3931 et
2870 3873 3380 3947 phantasmatibus
3418 3873 3708 3930 abstrahit
3745 3873 3967 3946 species

2537 3963 2932 4036 intelligibiles
2981 3963 3296 4036 generales,
3337 3963 3481 4027 55C,
3521 3966 3580 4019 et
3622 3979 3658 4018 a
3701 3963 3965 4035 specula·

2536 4054 2692 4109 tione
2740 4052 3185 4125 particularium
3232 4053 3307 4107 ad
3355 4051 3623 4108 notitiam
3666 4051 3966 4108 universa-

2536 4141 2682 4197 lium
2731 4141 3010 4213 exsurgit,
3050 4141 3200 4204 551),
3241 4144 3298 4196 et
3334 4139 3679 4196 illuminans
3719 4140 3968 4212 phanta-

2535 4233 2742 4294 smata,
2787 4246 2856 4287 ea
2897 4229 3215 4286 intellectui
3271 4228 3530 4301 possibili
3583 4229 3970 4301 acceptabilia

2536 4316 2688 4383 facit,
2721 4318 2886 4374 558’.
2920 4319 3358 4383 Verumtamen,
3391 4317 3458 4383 si,
3499 4319 3564 4373 ut
3600 4317 3840 4382 dicitur,
3883 4318 3969 4374 in-

2536 4407 2801 4464 tellectus
2832 4406 2927 4463 ille
2957 4423 3136 4480 agens
3166 4423 3398 4479 semper
3417 4406 3722 4479 intelligat,
3739 4411 3800 4464 et
3825 4408 3970 4466 sciat

2539 4496 2680 4568 quid
2719 4499 2871 4569 agat,
2912 4497 3074 4560 550,
3115 4499 3172 4553 et
3209 4496 3284 4552 sit
3319 4512 3494 4568 super
3540 4512 3600 4552 se
3639 4495 3840 4567 ipsum
3881 4513 3968 4554 re·

2537 4585 2770 4649 ditivus,
2828 4585 2991 4651 550,
3053 4584 3278 4642 inutilis
3349 4585 3578 4642 videtur
3635 4584 3968 4642 intellectus

2535 4673 2845 4746 possibilis,
2886 4674 3053 4730 55[)’.
3097 4673 3318 4730 idcirco
3354 4673 3670 4731 dicendum
3715 4673 3964 4740 videtur,

2532 4763 2689 4835 quod
2729 4779 2832 4835 per
2866 4778 3071 4819 sensus
3112 4760 3427 4819 exteriores
3463 4763 3522 4817 et
3558 4760 3868 4820 interiores
3912 4768 3968 4822 et

2535 4867 2636 4922 per
2665 4850 3024 4908 intellectum
3055 4853 3348 4922 agentem,
3381 4849 3583 4905 anima
3619 4851 3694 4905 ad
3737 4849 3966 4908 intelle-

2533 4939 2788 4996 ctualem
2854 4939 3116 5013 pervenit
3179 4938 3470 5004 notitiam,
3527 4939 3700 5005 55⁰⁹,
3767 4944 3828 4998 et
3891 4942 3966 4996 ad

2531 5031 2728 5083 actum
2796 5027 3158 5102 intelligendi
3224 5026 3550 5085 formaliter
3610 5028 3963 5101 disponitur,

2533 5119 2685 5173 56Α.
2721 5119 2962 5189 Insuper
2991 5117 3048 5172 in
3088 5117 3422 5190 cognitione
3461 5117 3814 5175 intellectiva
3841 5120 3966 5176 ani·

2535 5223 2634 5262 ma
2678 5206 3077 5279 independens
3123 5210 3212 5263 est
3255 5224 3292 5264 a
3337 5224 3598 5279 corpore,
3645 5208 3812 5274 57A‘,
3861 5225 3968 5265 nec

2537 5296 2760 5370 indiget
2791 5296 3046 5357 converti
3075 5298 3150 5352 ad
3180 5298 3616 5369 phantasmata,
3632 5299 3790 5364 570,
3811 5298 3960 5367 591),
