4300 6259
126 1362 185 1399 art.
198 1370 265 1401 ctu.

117 2440 179 2477 art.
200 2449 265 2485 xci,

98 2510 162 2541 uu.

894 476 973 521 DE
1012 474 1241 521 Lunum
1286 473 1667 521 cflmsrlaNAE·
1708 470 2009 531 TBEORIAE,
2054 472 2230 521 LIBER
2273 475 2314 520 1.
2360 492 2440 503 -
2480 475 2617 522 Aur.
2665 475 2740 523 CV

3251 455 3370 519 369

291 664 430 729 pore
474 654 771 728 operatur
819 664 892 708 00
942 664 1083 727 quae
1132 644 1324 707 homo
1370 644 1619 726 operari
1667 643 1765 705 di·
1795 642 1845 705 A
1878 641 2125 705 scilicet
2153 645 2506 708 secundum
2549 646 2612 709 id
2654 646 2823 729 quod
2867 643 3376 708 actualissimum

291 744 479 821 citur;
522 750 585 805 01
628 744 721 805 sic
760 744 861 823 (ut
903 742 1075 806 Plato
1114 742 1232 821 ait)
1271 741 1465 805 homo
1501 758 1626 803 non
1670 748 1767 803 est

290 841 399 903 nisi
439 840 651 904 anima
693 849 879 905 utens
922 857 1209 923 corpore.

358 938 663 1020 Amplius,
715 939 767 1000 si
818 956 1051 1021 corpus
1100 943 1199 999 est
1244 937 1323 999 de
1370 936 1647 998 essentia
1703 944 1765 997 01

291 1038 515 1099 ratione
567 1038 874 1110 hominis,
927 1045 1081 1099 tunc
1139 1053 1402 1098 necesse
1450 1042 1546 1097 est
1594 1034 1765 1116 quod

290 1135 485 1197 anima
516 1134 577 1197 in
612 1143 927 1217 quantum
968 1133 1317 1206 rationaliS,
1352 1133 1435 1195 sit
1472 1132 1767 1195 intrinse-

292 1251 392 1295 cus
437 1240 496 1295 et
546 1232 899 1295 informans
957 1240 1137 1294 actus
1187 1231 1473 1313 corporis
1526 1248 1541 1293 τ
1594 1231 1763 1312 quod

292 1338 567 1412 negatum
599 1338 696 1393 est
724 1331 1039 1413 superius
1073 1331 1153 1391 At
1180 1346 1333 1392 vero
1362 1347 1633 1412 persona
1670 1337 1767 1391 est

290 1436 511 1493 naturae
568 1428 893 1492 rationalis
942 1429 1273 1491 individua
1330 1428 1761 1491 subsistentia.

288 1528 343 1590 Si
380 1545 523 1609 ergo
560 1528 775 1591 anima
812 1527 1166 1590 secundum
1206 1527 1378 1608 quod
1416 1526 1763 1601 rationaliS,

286 1644 400 1689 non
444 1626 525 1688 sit
572 1625 1009 1688 substantialis
1056 1632 1122 1687 et
1170 1625 1515 1687 intrinseca
1562 1624 1768 1688 forma

288 1724 575 1807 corporiS,
625 1732 781 1787 tunc
838 1725 961 1787 erit
1007 1742 1300 1807 persona,
1353 1732 1415 1787 et
1464 1742 1591 1787 non
1639 1723 1765 1785 nisi

1876 749 1939 803 et
1968 740 2498 806 formalissimum
2533 745 2599 806 in
2629 745 2889 807 homine
2921 752 3038 818 est,
3059 749 3157 805 est
3185 742 3380 804 homo

1876 858 2031 900 suus
2073 837 2436 903 intellectus
2475 841 2578 903 vel
2620 842 2837 904 anima
2875 838 3221 903 rationalis.
3259 838 3381 902 Sed

1876 937 2259 1018 simpliciter
2302 958 2523 1002 verum
2575 958 2700 1003 non
2752 946 2850 1003 est
2898 940 2960 1001 id
3010 938 3247 1020 ipsum.
3291 938 3381 999 De

1878 1036 2121 1099 ratione
2169 1036 2342 1099 enim
2395 1037 2674 1101 hominis
2723 1046 2821 1101 est
2867 1037 3128 1111 animal,
3179 1045 3242 1098 et
3289 1036 3384 1098 vi-

1877 1153 2029 1196 vum
2062 1152 2176 1196 seu
2209 1152 2440 1218 corpus
2470 1137 2822 1199 animatum
2861 1153 2874 1199 :
2901 1154 3042 1219 quae
3071 1152 3200 1197 non
3230 1142 3383 1197 sunt

1878 1232 2017 1314 ipsa
2073 1233 2305 1295 anima.
2368 1234 2512 1297 Haec
2571 1242 2782 1297 tamen
2841 1252 2970 1297 non
3037 1232 3382 1316 prohibent

1876 1330 2031 1412 quin
2063 1331 2278 1393 anima
2307 1331 2374 1393 in
2405 1339 2717 1414 quantum
2748 1331 3098 1405 rationalis,
3130 1330 3214 1393 sit
3257 1329 3380 1393 for-

1880 1448 1983 1491 ma
2024 1430 2334 1514 corporiS,
2377 1438 2441 1493 et
2488 1432 2732 1495 homini
2787 1431 3066 1513 speciem
3113 1430 3374 1492 donanS.

1878 1528 2011 1591 Non
2044 1530 2220 1591 enim
2251 1538 2348 1591 est
2379 1548 2641 1593 necesse
2682 1530 2851 1613 quod
2893 1529 2976 1591 sit
3015 1536 3152 1592 1010·
3191 1536 3382 1591 mate-

1878 1628 1987 1689 riae
2038 1628 2356 1691 inhaerens
2407 1629 2508 1692 vel
2571 1629 2904 1710 impressa,
2962 1628 3071 1690 sed
3132 1626 3383 1689 sufficit

1876 1727 2048 1807 quod
2080 1746 2195 1808 per
2234 1746 2374 1790 esse
2414 1746 2602 1791 suum
2652 1727 2920 1790 inferius
2963 1725 3286 1799 informet,
3318 1731 3382 1788 et

288 1822 479 1885 h0m0.
519 1822 799 1886 Plurima
846 1841 1079 1904 nempe
1120 1823 1349 1885 adduci
1390 1830 1645 1905 possent
1686 1822 1763 1885 ad
1792 1826 1840 1889 B
1882 1843 1995 1907 pcr
2036 1844 2176 1888 esse
2220 1844 2406 1888 suum
2459 1824 2756 1907 superius
2801 1842 3032 1908 corpus
3075 1826 3152 1887 ad
3199 1832 3380 1887 natu·

290 1921 824 1985 confirmationem
866 1921 1083 2002 hujuS‚
1118 1941 1261 2004 quae
1300 1940 1507 2004 nuper
1546 1929 1609 1983 et
1640 1920 1767 1983 dis-

290 2020 507 2101 persim
558 2028 859 2102 praetacta
904 2027 1071 2081 sunt.
1124 2020 1301 2083 Licet
1350 2020 1543 2101 igitur
1598 2018 1769 2082 diffi-

291 2117 473 2180 cultas
502 2118 851 2181 vebemens
882 2118 1175 2181 videatur
1212 2138 1353 2181 esse
1384 2118 1450 2180 in
1480 2119 1597 2181 hac
1639 2137 1767 2181 ma-

289 2217 453 2288 teria,
484 2234 559 2278 ex
593 2216 1059 2299 praedeclaratis
1096 2224 1309 2279 tamen
1350 2216 1415 2279 in
1459 2216 1769 2300 proximis

290 2314 557 2375 articulis
588 2332 715 2377 non
749 2321 845 2377 est
872 2313 1145 2377 difficile
1175 2316 1507 2378 veritatem
1537 2316 1767 2378 horum

290 2412 577 2493 indagari.
612 2412 951 2475 Ostensum
980 2420 1077 2475 est
1104 2414 1427 2496 equidem,
1450 2414 1770 2496 quomodo

292 2512 517 2585 vivum,
550 2512 979 2592 vegetativum
1016 2519 1079 2573 et
1116 2512 1495 2575 sensitivam
1534 2513 1663 2575 sint
1704 2512 1768 2575 in

292 2610 665 2674 intellectivo
732 2610 1036 2686 hominiS,
1096 2612 1263 2674 sicut
1318 2611 1635 2675 ternarius
1702 2612 1764 2673 in

292 2709 701 2791 quaternario,
760 2716 825 2773 et
887 2711 1211 2792 trigonum
1282 2711 1347 2773 in
1415 2720 1763 2794 tetragono.

290 2808 531 2882 Quando
560 2826 712 2889 ergo
742 2808 1051 2871 rationale
1080 2810 1239 2871 dicit
1266 2810 1610 2872 essentiam
1638 2810 1770 2872 ani-

293 2925 397 2970 mae
450 2908 801 2981 rationaliS,
850 2915 1008 2970 tunc
1052 2907 1538 2990 comprehendit
1585 2908 1650 2970 in
1700 2926 1769 2971 se

1878 1942 2013 1985 ram
2045 1930 2109 1985 et
2142 1924 2406 1987 modum
2437 1924 2533 1985 sui
2568 1924 2792 1986 trahat.
2832 1924 2906 1985 Et
2947 1924 3088 1985 ideo
3129 1922 3187 1985 S.
3219 1922 3380 1985 Tho·

1880 2040 2013 2083 mas
2072 2022 2232 2083 dicit
2287 2039 2416 2084 non
2473 2040 2614 2084 esse
2675 2021 3155 2095 inconvenienS,
3208 2020 3378 2102 quod

1878 2121 2049 2183 idem
2080 2121 2164 2181 sit
2193 2139 2333 2183 esse
2367 2121 2430 2182 in
2462 2138 2590 2202 quo
2621 2119 2914 2182 subsistit
2951 2120 3379 2201 compositum

1878 2226 1943 2281 et
1982 2218 2208 2293 forma,
2240 2236 2443 2300 quum
2488 2218 2914 2300 compositum
2961 2234 3089 2281 non
3133 2218 3214 2279 sit
3256 2216 3382 2279 nisi

1879 2336 1994 2400 per
2024 2316 2321 2392 formam,
2355 2335 2472 2379 nec
2517 2334 2803 2379 seorsum
2847 2324 3194 2398 utrumque
3238 2314 3384 2377 sub-

1881 2417 2079 2479 sistat.

1959 2514 2313 2577 Dicendum
2346 2514 2562 2595 igitur,
2584 2515 2754 2596 quod
2785 2520 2990 2577 totum
3023 2532 3162 2576 esse
3191 2513 3380 2576 ratio-

1880 2613 2022 2675 nale
2080 2613 2182 2676 vel
2244 2612 2710 2675 intellectivum
2778 2631 2893 2695 per
2951 2613 3121 2694 quod
3188 2612 3383 2674 homo

1878 2712 2161 2793 speciem
2209 2712 2490 2785 sortitur,
2537 2716 2632 2772 est
2679 2711 2744 2773 in
2787 2711 2926 2793 ipsa
2967 2710 3182 2773 anima
3223 2716 3381 2773 tota-

1880 2810 2023 2873 liter
2075 2818 2139 2871 et
2189 2810 2474 2891 integre3
2527 2828 2645 2871 nec
2685 2808 2920 2871 dieitur
2960 2826 3099 2871 esse
3143 2808 3210 2870 in
3250 2816 3381 2871 toto

1878 2908 2001 2971 nisi
2047 2908 2291 2970 ratione
2333 2908 2586 2981 animai,
2619 2926 2760 2989 quae
2803 2915 2901 2969 est
2942 2925 3088 2990 pars
3132 2906 3327 2969 totius
3363 2923 3377 2967 ε

288 3005 503 3085 gradus
544 3014 611 3067 et
648 3003 1075 3087 perfectiones
1114 3005 1491 3069 inferiorum
1537 3006 1767 3069 forma·
1799 3006 1843 3071 C
1880 3013 1943 3067 et
1972 3006 2065 3067 sic
2102 3004 2318 3067 anima
2357 3011 2455 3067 est
2491 3011 2697 3067 totum
2738 3003 2802 3066 id
2841 3004 3012 3086 quod
3056 3009 3153 3067 est
3189 3003 3382 3067 homo

291 3120 477 3193 rum}
528 3104 715 3165 aliter
761 3102 841 3167 ab
891 3104 1114 3168 eodem
1176 3122 1301 3167 non
1362 3113 1771 3168 sumerentur

290 3202 521 3282 species
566 3210 631 3263 et
668 3220 891 3283 genus.
942 3202 1005 3265 Si
1054 3221 1206 3265 vero
1252 3203 1559 3266 rationale
1601 3204 1770 3266 dicat

290 3300 451 3363 illam
490 3300 951 3383 perfectionem
988 3302 1216 3365 animae
1252 3322 1291 3363 a
1328 3322 1455 3384 qua
1495 3302 1771 3364 sumitur

289 3399 579 3480 specifica
618 3407 682 3461 et
726 3399 1015 3462 ultimata
1053 3398 1418 3462 differentia
1464 3400 1767 3475 homini8‚

290 3506 427 3559 tunc
454 3515 580 3561 non
613 3496 829 3559 fluunt
858 3497 938 3560 ab
977 3516 1051 3560 ea
1088 3498 1213 3560 nisi
1256 3499 1555 3580 potentiae
1596 3518 1771 3581 sepa-

288 3604 445 3669 ratae,
474 3596 779 3659 videlicet
814 3594 1175 3659 intellectus
1214 3604 1277 3658 et
1307 3593 1623 3672 voluntas,
1655 3616 1770 3679 per

289 3712 433 3775 quas
460 3694 683 3757 differt
712 3694 905 3756 homo
940 3712 979 3755 a
1018 3694 1266 3757 ceteris.
1301 3693 1395 3756 Ad
1437 3695 1769 3777 perfectio-

288 3810 423 3855 nem
464 3800 677 3856 autem
722 3791 815 3855 rei
858 3809 985 3855 non
1027 3791 1275 3855 sufficit
1324 3792 1385 3854 id
1436 3812 1552 3875 per
1598 3794 1769 3876 quod

288 3890 493 3953 differt
547 3891 627 3954 ab
674 3890 843 3965 aliis,
892 3891 1003 3953 sed
1053 3890 1243 3953 etiam
1290 3909 1367 3954 ea
1414 3892 1771 3955 necessaria

288 3998 425 4051 sunt
478 3990 545 4052 in
603 3988 841 4071 quibus
905 3989 1338 4052 communicat
1395 4008 1541 4053 cum
1602 3989 1765 4053 aliis.

290 4088 425 4161 Quis
466 4088 641 4151 enim
691 4088 863 4150 dicat
909 4088 1235 4151 hominem
1286 4088 1669 4171 perfectum,
1714 4089 1770 4152 si

1879 3104 2232 3167 secundum
2265 3122 2406 3166 esse
2435 3120 2624 3165 suum
2658 3101 3062 3185 specificum.
3099 3102 3219 3165 Sed
3260 3102 3382 3165 hoc

1881 3203 2049 3266 idem
2102 3220 2244 3265 esse
2293 3199 2623 3276 rationale,
2670 3202 2736 3263 in
2785 3207 3096 3283 quantum
3145 3208 3382 3263 cetera-

1882 3321 2023 3364 rum
2094 3300 2446 3363 formarum
2516 3300 2894 3363 inferiorum
2954 3300 3382 3382 perfectiones

1881 3399 2370 3482 comprehendit
2408 3406 2472 3461 et
2511 3399 2766 3471 exserit,
2809 3399 2903 3461 sic
2938 3398 3250 3461 veraciter
3286 3406 3385 3461 est

1882 3498 1947 3560 in
1977 3506 2111 3562 toto
2143 3514 2157 3559 ε
2192 3504 2256 3560 01
2285 3516 2400 3579 per
2429 3497 2550 3559 hoc
2581 3516 2744 3571 esse,
2767 3505 2864 3559 est
2892 3496 3086 3561 homo
3113 3497 3378 3572 animal,

1880 3614 2112 3679 corpus
2171 3603 2234 3657 et
2281 3596 2546 3674 vivum3
2599 3613 2717 3657 nec
2768 3595 2862 3657 sic
2909 3595 3101 3658 homo
3159 3602 3256 3657 est
3316 3596 3380 3657 id

1880 3696 2049 3779 quod
2090 3702 2188 3758 est
2223 3695 2454 3757 anima.
2491 3694 2611 3757 Sed
2650 3694 2802 3775 quia
2839 3694 2918 3758 de
2953 3694 3196 3757 ratione
3239 3713 3380 3775 spe·

1880 3794 1999 3857 ciei
2034 3802 2131 3856 est
2159 3812 2359 3875 genus
2389 3799 2454 3855 et
2482 3792 2833 3875 superiora,
2869 3791 3012 3855 ideo
3043 3792 3179 3854 haec
3217 3812 3380 3854 nun-

1880 3912 2071 3975 quam
2122 3891 2530 3955 concedenda
2578 3898 2675 3952 est
2719 3908 2732 3953 :
2776 3891 2977 3953 Homo
3023 3898 3120 3953 est
3165 3890 3380 3953 anima

1880 3990 2226 4054 rationalis.
2271 3990 2445 4052 Patet
2486 4007 2657 4070 ergo,
2705 3989 2875 4070 quod
2918 3988 3110 4051 homo
3153 4006 3378 4050 secun-

1880 4092 2033 4153 dum
2075 4108 2216 4153 esse
2255 4087 2492 4171 speciei
2543 4087 2622 4149 ab
2675 4087 2965 4150 ultimata
3011 4086 3380 4149 differentia

288 4194 482 4249 careat
540 4186 849 4249 sensitivo
904 4192 970 4248 et
1028 4186 1405 4262 mixtionali,
1457 4205 1573 4269 per
1627 4207 1771 4269 quae
1798 4193 1848 4257 D
1880 4186 2305 4272 procedentis,
2339 4186 2590 4249 excedit
2629 4185 2924 4248 ordinem
2968 4193 3032 4248 et
3076 4185 3381 4249 conditio-

288 4302 421 4347 cum
471 4284 885 4347 inferioribus
931 4285 1337 4348 essentialem
1386 4287 1770 4349 convenien-

86 4394 260 4451 cf.p.m
286 4383 429 4445 tiam
466 4383 702 4446 habet?
732 4382 1067 4465 Propterea
1112 4402 1343 4466 nempe
1392 4384 1582 4467 paulo
1624 4393 1769 4448 ante

285 4481 627 4557 dicebatur,
660 4483 831 4564 quod
861 4482 1077 4545 anima
1107 4482 1431 4545 rationalis
1462 4500 1587 4545 non
1636 4502 1771 4565 per-

285 4580 437 4643 fecte
478 4581 787 4644 subsistat
826 4580 891 4642 in
931 4598 1021 4654 se,
1055 4581 1207 4663 quia
1248 4599 1373 4643 non
1413 4582 1768 4644 secundum

284 4688 468 4743 totam
510 4700 695 4743 suam
737 4687 1138 4762 potestatem,
1172 4680 1283 4742 sed
1329 4688 1517 4762 prout
1555 4681 1772 4744 effluit

282 4778 357 4840 ab
384 4798 457 4842 00
488 4780 873 4842 intellectus
899 4779 1099 4843 Homo
1128 4787 1342 4841 autem
1372 4787 1469 4842 est
1499 4798 1599 4843 res
1629 4800 1770 4863 per-

282 4876 453 4941 fectae
496 4876 949 4951 subsistentiae,
982 4877 1085 4939 cui
1124 4877 1515 4940 conveniunt
1549 4895 1771 4941 omnes

284 4976 442 5039 vires
483 4984 547 5039 et
588 4976 987 5058 operationes
1031 4995 1173 5057 quae
1217 4975 1298 5038 ab
1341 4976 1555 5039 anima
1605 4996 1774 5039 ema-

282 5082 445 5137 nant.
480 5076 589 5138 Sic
616 5092 767 5156 ergo
806 5074 1180 5136 verificatur
1220 5074 1454 5156 positio
1496 5076 1770 5139 Platonis

283 5182 341 5235 et
381 5174 745 5248 Avicennae,
796 5180 859 5235 01
904 5172 1245 5236 auctoritas
1288 5173 1664 5250 Aristotelis,
1710 5183 1775 5239 et

282 5274 393 5339 1100
434 5276 609 5359 quod
652 5274 831 5355 Hugo
870 5280 935 5337 et
972 5272 1273 5337 Albertus
1315 5274 1539 5337 dicunt
1571 5292 1585 5337 :
1621 5276 1771 5358 quia

521 5408 589 5459 Τ.
626 5408 701 5457 33.

1880 4305 2028 4351 110111
2058 4295 2414 4349 ceterarum
2436 4284 2829 4347 sensualium
2851 4284 3374 4348 substantiarum.

1880 4387 2006 4450 Hoc
2037 4386 2214 4448 enim
2245 4402 2385 4447 esse
2415 4383 2578 4464 ejuS,
2603 4390 2964 4466 separatum
2998 4390 3094 4445 est
3123 4402 3159 4445 a
3189 4391 3381 4447 mate·

1878 4486 1992 4560 ria,
2018 4485 2081 4547 in
2113 4502 2182 4547 se
2214 4482 2572 4545 subsistens
2604 4489 2669 4544 et
2699 4482 3077 4545 immortale.
3106 4483 3226 4545 Sed
3257 4484 3379 4546 hoc

1879 4584 2048 4646 idem
2089 4602 2230 4646 esse
2271 4580 2572 4655 hominiS,
2618 4582 2972 4643 secundum
3021 4583 3192 4664 quod
3239 4600 3379 4665 pro·

1879 4682 2047 4745 cedit
2076 4681 2157 4744 ab
2196 4682 2410 4743 anima
2450 4698 2565 4761 per
2605 4677 2938 4741 inferiores
2982 4699 3138 4761 quas
3182 4681 3382 4743 inclu-

1879 4780 1973 4843 dit
2013 4779 2463 4863 perfectioneS,
2499 4776 2830 4839 materiam
2875 4777 3243 4840 coincludit.

1962 4879 2038 4941 Et
2103 4877 2158 4941 si
2225 4876 2518 4958 objiciaS,
2589 4875 2759 4957 quod
2826 4875 3380 4961 qualitercumque

1880 4977 2320 5042 consideretur
2356 4973 2592 5047 anima,
2627 4991 2882 5055 semper
2922 4982 3138 5037 manet
3176 4976 3382 5040 forma

1882 5076 2210 5160 corporis3
2257 5092 2498 5147 rursus,
2547 5072 2696 5155 quia
2741 5090 3150 5156 quocumque
3191 5077 3380 5140 modo

1879 5174 2236 5257 accipiatur
2277 5173 2490 5246 homo,
2533 5188 2788 5253 semper
2830 5170 2908 5233 de
2951 5172 3195 5236 ratione
3239 5174 3379 5255 ejus

1882 5282 1979 5337 est
2028 5272 2312 5345 materia,
2357 5289 2558 5353 quum
2607 5269 2690 5332 sit
2727 5269 2976 5351 species
3019 5274 3374 5338 naturalis:

3061 5406 3120 5458 24
