4300 6259
785 441 906 510 200

1404 465 1826 513 RLBHENTATIO
1865 461 2263 511 mmmmm.
2308 479 2390 494 --
2432 461 2509 508 013
2549 460 3005 508 INCARNATIONB
3044 459 3283 508 CHRISTI

785 632 962 696 Tunc
990 635 1254 698 demum
1283 637 1668 720 adimpletus
1713 644 1775 701 et
1819 636 2150 699 decoratus
2189 642 2288 698 est
2313 633 2365 697 A
2394 634 2508 710 vit,
2543 642 2607 697 et
2648 640 2845 697 totam
2888 633 3104 714 gratiae
3142 632 3559 698 eminentiam
3598 647 3901 712 compre-

787 729 1150 796 intellectus
1192 734 1422 798 animae
1465 734 1698 799 Christi
1737 732 2082 815 multiplici
2126 733 2288 814 sapi-

783 830 978 905 entia,
1011 839 1165 912 puta
1193 833 1506 915 sapientia
1533 833 1891 905 Beatorum,
1915 850 2042 914 qua
2070 831 2287 894 omnia

783 928 947 991 vidit
974 928 1041 991 in
1071 929 1279 993 Verbo
1307 939 1564 1006 aeterno,
1600 931 1665 993 in
1697 949 1827 1013 quo
1869 949 1905 993 a
1950 947 2064 992 suo
2109 947 2286 992 exor-

783 1025 891 1088 dio
922 1026 1084 1089 vidit
1113 1034 1179 1090 et
1206 1028 1386 1091 novit
1413 1028 1713 1093 universa
1753 1047 1895 1109 quae
1936 1027 2287 1109 ipsummet

783 1123 1064 1186 Verbum
1105 1126 1458 1189 increatum
1500 1145 1613 1190 seu
1652 1127 1820 1190 Deus
1861 1125 1982 1188 scit
2019 1124 2286 1188 scientia

783 1221 1074 1296 visioni3‚
1099 1224 1401 1288 videlicet
1431 1225 1732 1288 universa
1766 1223 2103 1306 praeterita,
2129 1241 2287 1306 prae-

785 1320 990 1382 sentia
1019 1327 1084 1382 et
1109 1321 1489 1385 futura.N0n
1519 1330 1722 1386 autem
1754 1322 1876 1385 scit
1904 1321 2285 1403 simpliciter

786 1416 1046 1480 infinita
1079 1435 1094 1481 τ
1127 1437 1255 1481 non
1298 1420 1472 1482 enim
1513 1421 1635 1482 scit
1677 1420 1893 1484 omnia
1934 1437 2075 1500 quae
2118 1419 2285 1480 Deus

785 1515 1113 1596 cognoscit
1151 1517 1420 1580 scientia
1455 1518 1773 1600 simplicis
1821 1516 2282 1596 intelligemus,

785 1621 850 1676 et
906 1633 1049 1696 quae
1097 1615 1504 1697 omnipotens
1553 1616 1756 1678 virtus
1815 1615 2018 1698 ipsius
2077 1613 2288 1676 facere

786 1718 1014 1793 potest.
1041 1713 1215 1775 Tunc
1246 1713 1507 1776 demum
1539 1713 1845 1796 impletus
1876 1721 1974 1775 est
2002 1712 2289 1775 eminen-

2391 732 2629 796 heudit.

2472 831 2795 894 Interdum
2828 848 2978 893 vero
3006 830 3243 893 dicitur
3270 828 3633 892 humanitas
3654 825 3899 890 Christi

2392 929 2524 992 sola
2570 929 2771 1012 gratia
2818 949 2855 992 a
2890 929 3099 992 Verbo
3143 935 3491 1011 assumpta.
3533 928 3605 990 In
3652 924 3898 1007 quibus

2394 1027 2606 1091 verbis
2649 1029 2848 1109 gratia
2893 1046 3007 1112 pro
3050 1027 3330 1091 increata
3370 1026 3593 1108 gratia,
3631 1025 3753 1087 hoc
3796 1029 3899 1086 est

2396 1143 2511 1209 pro
2549 1126 2765 1189 divina
2808 1127 3043 1208 pietate
3084 1134 3148 1190 et
3189 1125 3521 1207 dignitate,
3552 1123 3897 1206 accipitur,

2395 1243 2472 1287 ex
2502 1243 2628 1305 qua
2659 1224 3099 1306 principaliter
3129 1223 3371 1287 factum
3409 1230 3505 1285 est
3542 1221 3714 1305 quod
3740 1221 3903 1283 Ver-

2396 1321 2553 1384 bum
2600 1329 2908 1385 aeternum
2957 1322 3420 1385 humanitatem
3478 1321 3831 1402 assumpsit
3884 1335 3902 1380 :

2398 1440 2539 1502 quae
2597 1420 2789 1483 etiam
2847 1420 3052 1501 gratia
3098 1419 3356 1482 unionis
3411 1418 3735 1482 interdum
3788 1434 3908 1479 vo-

2400 1526 2601 1592 catur,
2634 1526 2696 1580 et
2735 1518 3186 1581 antecedenter
3230 1536 3297 1580 se
3338 1516 3533 1580 habet
3573 1517 3652 1578 ad
3696 1517 3911 1578 incar-

2401 1617 2744 1678 nationem.
2780 1616 3169 1698 Quandoque
3208 1633 3361 1678 vero
3402 1614 3666 1697 praefata
3700 1613 3914 1696 gratia

2402 1714 2653 1796 capitis,
2698 1713 2900 1795 gratia
2943 1713 3179 1776 dicitur
3222 1713 3498 1777 unionis,

789 1808 1036 1873 tissime
1066 1810 1429 1874 intellectus
1471 1811 1702 1875 animae
1743 1810 1976 1874 Christi
2023 1809 2289 1872 scientia
2318 1810 2365 1871 B
2483 1813 2573 1874 Ex
2615 1812 2991 1874 introductis
3042 1810 3384 1874 innotescit
3422 1811 3589 1892 quod
3632 1809 3797 1870 fides
3844 1815 3917 1870 et

788 1906 992 1969 indita
1030 1926 1142 1970 seu
1183 1908 1416 1983 infusa,
1450 1928 1576 1990 qua
1613 1909 1832 1972 omnia
1872 1909 2038 1970 intra
2076 1927 2144 1970 se
2184 1924 2291 1969 no-

788 2004 910 2067 scit
958 2023 1072 2087 per
1129 2006 1375 2087 species
1434 2006 1559 2068 sibi
1619 2013 2006 2078 concreataS,
2061 2012 2291 2066 cuncta

789 2103 1037 2166 scilicet
1079 2105 1381 2186 mysteria
1421 2105 1640 2186 gratiae
1677 2124 1751 2167 ac
1790 2104 2014 2166 salutis
2064 2104 2287 2165 huma-

788 2220 908 2275 nae,
941 2218 1134 2284 opera
1166 2203 1320 2264 item
1364 2211 1624 2276 naturae,
1659 2210 1722 2264 et
1752 2210 1957 2265 totum
1995 2201 2286 2264 ordinem

789 2317 1025 2361 rerum.
1062 2299 1181 2362 Sed
1227 2307 1291 2362 et
1333 2301 1638 2363 naturalis
1683 2300 1951 2363 scientia
1995 2308 2055 2362 et
2099 2318 2288 2381 expe-

791 2396 1148 2460 rimentalis
1200 2398 1590 2461 adscribitur
1629 2399 1709 2462 ei.
1756 2398 2072 2480 AmpliuS,
2125 2397 2290 2460 dona

793 2494 1069 2577 Spiritus
1100 2495 1312 2558 Sancti
1355 2497 1433 2559 ad
1478 2497 1936 2560 intellectivam
1980 2495 2107 2558 vim
2151 2513 2290 2577 per-

795 2592 1066 2655 tinentia
1114 2602 1179 2655 et
1223 2613 1365 2656 eam
1419 2593 1848 2677 perficientia,
1894 2601 1964 2656 ut
2001 2601 2154 2656 sunt
2200 2613 2293 2655 sa-

795 2691 1058 2773 pientia,
1119 2692 1406 2766 scientia,
1471 2691 1856 2765 intellectuS,
1922 2690 2287 2766 consilium,

794 2787 930 2851 haec
969 2789 1282 2852 sumendo
1323 2789 1673 2851 secundum
1724 2789 1894 2871 quod
1947 2790 2112 2851 inter
2151 2807 2291 2870 sep-

793 2893 925 2948 tem
955 2887 1120 2949 dona
1149 2895 1625 2968 computantur,
1648 2887 2114 2969 perfectissime
2145 2894 2295 2948 sunt

2402 1927 2547 1990 spes
2596 1926 2722 1970 non
2763 1908 3026 1971 fue-runt
3072 1909 3135 1970 in
3183 1908 3453 1982 Christe,
3496 1925 3694 1989 quum
3738 1905 3915 1968 fides

2402 2007 2739 2070 obscuram
2770 2014 2833 2069 et
2863 2007 3331 2087 aenigmaticam
3375 2006 3546 2068 dicat
3584 2005 3911 2075 notitiam,

2402 2123 2547 2186 spes
2576 2112 2787 2166 autem
2820 2104 3175 2168 absentiam
3207 2105 3684 2185 carentiamque
3706 2101 3914 2164 beati-

2402 2203 2661 2264 tudinis.
2688 2203 3010 2266 Postremo
3031 2203 3297 2265 virtutes
3331 2202 3601 2264 morales
3620 2209 3685 2264 et
3702 2199 3914 2263 cardi-

2364 2297 2367 2300 ’
2403 2298 2578 2361 nales
2609 2306 2673 2361 et
2702 2307 2927 2362 ceterae
2958 2319 3099 2382 quae
3130 2299 3372 2362 nullam
3407 2299 3471 2360 in
3503 2317 3618 2361 sua
3660 2298 3913 2361 ratione

2404 2397 2958 2479 imperfectionem
2992 2397 3349 2472 includunt,
3376 2396 3637 2460 fuerunt
3664 2405 3727 2460 et
3756 2405 3919 2458 sunt

2405 2495 2470 2557 in
2518 2495 2733 2558 anima
2782 2495 3013 2559 Christi
3064 2495 3623 2570 excellentissime,
3684 2513 3921 2556 secun-

2403 2595 2558 2656 dum
2610 2601 2845 2656 statum
2898 2594 3256 2676 perfectum
3307 2610 3435 2676 quo
3483 2593 3548 2654 in
3598 2593 3754 2654 viris
3802 2591 3919 2654 he-

2406 2691 2595 2754 roicis
2664 2709 2802 2754 esse
2869 2700 3234 2765 censentur,
3296 2692 3427 2754 imo
3495 2688 3925 2753 ineffabiliter

2404 2789 2793 2852 eminentius
2824 2808 3016 2871 quam
3049 2790 3114 2851 in
3148 2789 3315 2851 illis:
3350 2789 3669 2870 siquidem
3699 2789 3921 2851 omnis

2406 2887 2609 2948 virtus
2650 2895 2712 2949 et
2754 2887 3031 2960 habituS,
3064 2905 3253 2950 omne
3291 2887 3555 2962 donum,
3592 2886 3919 2948 charisma

791 2983 859 3046 in
900 2983 1132 3047 Christi
1174 2985 1503 3048 intellectu
1541 3004 1578 3046 a
1609 2986 1707 3047 sui
1748 2985 2110 3066 principi03
2156 3003 2293 3066 gra·
2324 2989 2367 3052 C
2406 2993 2596 3066 atque
2638 2985 2948 3067 perfectio
2988 3005 3129 3067 quae
3162 2985 3409 3048 Christo
3446 2984 3915 3056 attribuuntur,

791 3082 881 3144 tia
923 3100 1180 3165 quoque
1220 3083 1610 3166 prophetalis
1641 3083 1882 3146 notitiae
1924 3102 1998 3144 ac
2041 3100 2295 3144 summa

791 3179 1148 3262 prudentia.

875 3277 1179 3340 Praeterea
1207 3277 1499 3340 voluntas
1539 3279 1767 3342 animae
1797 3276 2028 3341 Christi
2058 3277 2297 3358 jugiter

793 3374 920 3437 fuit
958 3376 1023 3437 in
1061 3377 1236 3440 omni
1289 3376 1548 3439 caritate
1589 3384 1651 3438 et
1696 3376 2040 3438 dilectione
2081 3377 2192 3438 Dei
2234 3383 2297 3437 et

795 3475 1094 3557 proximi,
1129 3495 1258 3558 prae
1287 3475 1587 3539 omnibus
1617 3474 1863 3538 Sanctis
1892 3474 2300 3538 inaestimabi-

799 3573 943 3636 liter
973 3591 1233 3656 prorsus
1265 3573 1566 3656 perfecta,
1599 3573 1785 3637 donis
1815 3591 2070 3657 quoque
2103 3574 2297 3656 pieta-

795 3671 904 3746 tis,
945 3670 1338 3735 fortitudinis
1390 3680 1456 3734 et
1501 3671 1750 3734 timoris
1807 3671 2296 3754 praeclarissime

799 3770 1114 3844 decorata,
1147 3770 1257 3833 sed
1287 3777 1352 3831 et
1379 3769 1555 3832 omni
1588 3788 1738 3832 vera
1764 3769 2034 3850 justitia.
2067 3769 2196 3832 Nec
2228 3769 2294 3831 in

801 3867 1176 3931 memoriam
1195 3867 1425 3931 animae
1442 3867 1676 3930 Christi
1707 3867 1839 3929 ulla
1861 3867 2124 3930 cadebat
2141 3866 2298 3930 obli-

799 3966 923 4029 vio.
973 3965 1321 4029 Profecisse
1369 3973 1583 4028 tamen
1626 3965 1934 4027 asseritur
1982 3965 2291 4039 ChristuS‚

798 4071 1110 4146 quantum
1154 4063 1234 4125 ad
1276 4061 1858 4126 manifestationem
1889 4070 1951 4125 et
1992 4081 2181 4125 usum
2222 4082 2295 4125 ac

2408 3083 2797 3145 conveniunt
2837 3083 2896 3144 ei
2940 3084 3001 3145 in
3054 3083 3453 3164 plenitudine
3492 3091 3556 3145 et
3592 3081 3917 3145 excellen-

2406 3181 2495 3242 tia
2514 3189 2708 3253 tanta,
2729 3181 2898 3262 quod
2929 3189 3217 3243 creatura
3243 3199 3369 3244 non
3400 3189 3498 3243 est
3528 3181 3784 3243 illorum
3811 3199 3917 3242 ca-

2408 3298 2528 3360 pax
2552 3279 2615 3341 in
2639 3279 2989 3342 eminentia
3017 3279 3346 3360 ampliori3
3370 3279 3909 3361 quemadmodum

2408 3377 2602 3438 etiam
2662 3377 2977 3458 quidquid
3029 3377 3331 3439 convenit
3376 3379 3506 3440 Deo
3552 3377 3913 3440 secundum

2408 3475 2661 3538 deitatis
2719 3483 3035 3550 naturam,
3099 3476 3401 3538 convenit
3446 3477 3505 3538 ei
3564 3494 3714 3538 cum
3770 3495 3919 3558 per-

2408 3573 2683 3636 fectione
2725 3573 3107 3655 simpliciter
3148 3573 3425 3636 infinita.

2487 3671 2745 3734 Interim
2792 3672 3276 3747 advertendum,
3308 3673 3480 3754 quod
3517 3671 3734 3753 gratias
3768 3689 3915 3752 gra-

2407 3769 2489 3831 tis
2529 3770 2687 3832 datae
2725 3769 3151 3851 appellantur,
3194 3790 3335 3852 quae
3382 3771 3461 3832 ad
3498 3787 3912 3834 communem

2407 3867 2678 3930 aliorum
2755 3867 3120 3943 utilitatem,
3194 3868 3575 3950 profectum,
3648 3887 3913 3932 conver·

2408 3966 2655 4029 sionem
2698 3973 2761 4028 et
2804 3966 3075 4028 salutem
3114 3966 3492 4029 ordinantur
3528 3985 3602 4030 ac
3651 3966 3905 4040 dantur,

2406 4083 2484 4126 ex
2532 4063 2767 4146 quibus
2808 4072 2872 4126 et
2911 4082 3027 4145 per
3065 4084 3206 4146 quae
3254 4083 3329 4127 ea
3372 4084 3515 4146 quae
3556 4065 3707 4128 fidei
3754 4075 3908 4130 sunt

797 4161 1366 4224 fructificationem
1427 4179 1557 4224 suae
1618 4160 1940 4223 interioris
1998 4160 2295 4242 perfecti·
2327 4168 2376 4229 D
2406 4169 2470 4225 et
2521 4161 3021 4243 supernaturalis
3076 4162 3363 4224 doctrina
3417 4165 3903 4245 persuadentur,

797 4260 959 4322 onis.
1020 4260 1288 4340 Insuper
1344 4258 1620 4320 essentia
1676 4258 1906 4322 animae
1955 4258 2297 4321 Salvatoris

797 4357 1044 4420 exstitit
1079 4355 1452 4438 plenissime
1483 4356 1776 4418 decorata
1803 4357 2004 4437 gratia
2042 4364 2294 4437 gratum

797 4456 1073 4520 faciente
1106 4472 1121 4517 :
1155 4473 1298 4535 quae
1347 4453 1468 4516 fuit
1507 4454 1570 4516 in
1609 4453 1750 4535 ipso
1792 4455 1995 4534 gratia
2043 4455 2292 4536 capitiS‚

794 4555 862 4619 iu
922 4560 1233 4636 quantum
1282 4570 1360 4614 ex
1407 4552 1625 4633 gratiae
1670 4551 1845 4614 illius
1895 4552 2295 4634 plenitudine

794 4652 1104 4717 membris
1133 4649 1268 4713 suis
1299 4648 1561 4711 influxit
1573 4666 1589 4727 3
1612 4657 1677 4711 et
1703 4650 1895 4712 etiam
1924 4650 2126 4731 gratia
2156 4668 2295 4732 per-

791 4750 1051 4826 sonaliS,
1084 4752 1150 4812 in
1180 4754 1492 4830 quantum
1527 4764 1860 4828 personam
1905 4748 2045 4829 ejus
2085 4751 2294 4831 quoad

791 4858 1084 4915 naturam
1120 4853 1519 4929 assumptam
1558 4845 1845 4928 perfecit.
1880 4846 2028 4920 Quae
2068 4848 2291 4929 gratia,

788 4947 1084 5032 quamvis
1141 4962 1272 5009 non
1329 4943 1524 5008 fuerit
1582 4944 1963 5026 simpliciter
2011 4944 2289 5021 infinita,

2407 4259 2871 4322 confirmantur
2908 4267 3097 4341 atque
3134 4279 3170 4322 a
3210 4261 3337 4324 Deo
3375 4279 3515 4324 esse
3553 4271 3906 4325 monstran-

2408 4365 2529 4419 tur.
2578 4358 2915 4438 Quumque
2957 4357 3242 4421 Salvator
3283 4358 3481 4422 fuerit
3522 4361 3907 4441 evangelicae

2407 4455 2564 4538 legis
2634 4455 2979 4530 institutor,
3042 4456 3371 4521 catholicae
3436 4474 3693 4540 quoque
3750 4457 3906 4522 fidei

2406 4553 2892 4635 evangelizator,
2942 4561 3005 4616 et
3052 4555 3635 4635 supernaturalium
3681 4575 3755 4618 ac
3814 4557 3907 4619 iu-

2408 4651 3087 4734 comprehensibilium
3128 4651 3659 4716 documentorum
3704 4673 3905 4718 asser·

2407 4757 2526 4823 tor,
2585 4749 2906 4832 praecipue
2973 4749 3188 4811 decuit
3250 4769 3399 4812 eum
3464 4751 3631 4814 dona
3684 4755 3904 4834 gratiae

2405 4848 2598 4928 gratis
2638 4849 2797 4910 datae
2839 4848 2904 4909 in
2945 4847 3322 4910 excellentia
3361 4867 3613 4912 summa
3642 4851 3899 4927 habere,

2404 4947 2535 5008 imo
2579 4952 2642 5008 et
2679 4945 2831 5008 talia
2872 4946 3006 5008 suis
3047 4945 3337 5010 conferre
3375 4947 3731 5031 discipulis.
3780 4949 3901 5012 Un-

790 5054 946 5132 puta
1002 5051 1212 5108 creata
1283 5043 1580 5117 essentia,
1642 5043 2018 5124 perhibetur
2078 5051 2290 5106 tamen
2401 5045 2480 5106 de
2519 5043 2767 5106 locutus
2808 5051 2903 5106 est
2941 5043 3034 5106 eis
3070 5043 3413 5108 :Infirmos
3452 5053 3691 5120 curate,
3734 5063 3899 5110 mor·
3948 5073 4149 5118 1424,
4168 5087 4209 5124 ι,

789 5143 1263 5229 quodammodo
1303 5140 1582 5216 infinita,
1615 5141 1921 5223 quoniam
1959 5149 2157 5204 totam
2190 5160 2286 5205 ca·
2398 5150 2541 5205 tuos
2581 5141 2899 5215 suscitate,
2934 5142 3252 5205 daemones
3291 5142 3527 5224 ejicite.
3562 5145 3889 5228 Itemque:
3924 5137 3968 5177 ⁸·

789 5242 1129 5326 pacitatem
1187 5239 1417 5303 animae
1474 5237 1708 5303 Christi
1753 5238 2018 5302 omnino
2068 5240 2291 5324 imple·
2399 5241 2520 5305 Eos
2575 5240 2687 5323 qui
2746 5240 3154 5316 crediderint,
3204 5239 3340 5304 haec
3397 5242 3579 5324 signa
3626 5261 3897 5327 sequen·
3922 5205 4103 5322 13⁰2}
4124 5221 4209 5256 ω’
