4300 6259
92 3131 109 3168 na

114 3131 149 3170 :⁰

934 515 1013 562 1)ss
1052 515 1280 562 mmm!
1320 515 1699 562 cnmsnaffls
1739 513 2041 571 THEOR1AE‚
2086 514 2262 560 LIBER
2303 515 2364 560 11.
2399 533 2480 544 --
2518 515 2657 560 ART.
2705 515 2928 561 LXXXVI

3369 499 3490 564 489

452 689 679 752 Denuo
727 686 1289 770 contemplandum
1336 693 1454 761 est,
1500 686 1669 769 quod
1719 704 1874 768 prae-
1902 681 1955 746 A
1984 684 2277 748 effectus,
2303 685 2424 749 Sed
2457 692 2699 748 remota
2730 684 3284 768 praedestinatione
3315 685 3489 750 Chri-

366 786 721 850 destinatio
768 785 1113 868 dupliciter
1160 786 1549 848 considerari
1600 791 1809 868 potest
1854 802 1868 846 :

365 904 505 949 uno
534 887 723 949 modo
751 884 1105 950 secundum
1138 884 1352 967 ipsum
1381 891 1595 946 actum
1636 882 1873 966 praede-

364 985 673 1047 stinantis
700 1003 717 1064 3
748 984 874 1047 alio
905 985 1093 1046 modo
1129 983 1483 1046 secundum
1524 983 1873 1046 terminum

364 1101 489 1144 seu
550 1083 772 1146 finem
813 1082 1411 1165 praedestinationis,
1464 1082 1526 1143 id
1576 1081 1877 1143 videlicet

360 1183 451 1244 ad
483 1183 653 1263 quod
681 1181 915 1263 aliquis
946 1181 1453 1262 praedestinatur.
1472 1180 1873 1261 Responden-

364 1281 533 1343 dum
595 1280 813 1361 igitur,
868 1279 1039 1360 quod
1100 1277 1573 1360 praedestinatio
1640 1277 1871 1340 Christi

364 1397 571 1440 causa
598 1386 695 1440 est
723 1385 912 1459 atque
944 1377 1273 1458 exemplar
1299 1375 1874 1458 praedestinationis

364 1483 632 1548 nostrae,
665 1476 871 1558 quoad
912 1475 1259 1537 secundam
1300 1473 1875 1556 praedestinationis

364 1574 972 1637 considerationem.
1022 1573 1199 1648 Quod
1247 1591 1481 1656 nempe
1530 1574 1614 1634 sit
1661 1591 1871 1644 causa,

366 1674 465 1735 sic
500 1672 844 1735 innotescit
875 1689 889 1734 ε
924 1690 1071 1733 nam
1114 1672 1196 1733 ab
1235 1680 1473 1734 aeterno
1511 1670 1873 1734 ordinatum

365 1780 467 1834 est
508 1779 581 1832 ut
619 1772 897 1832 humana
928 1770 1097 1832 salus
1138 1788 1253 1851 per
1287 1771 1503 1831 Iesum
1550 1767 1871 1831 Christum

1982 784 2086 858 sti,
2137 793 2418 848 nostram
2479 784 3100 866 praedestinationem
3161 784 3298 847 tolli
3358 801 3486 848 non

1984 891 2251 965 oportet.
2286 884 2464 956 Nam,
2505 891 2575 944 ut
2612 883 2676 946 in
2719 883 2882 945 libro
2921 883 3000 945 de
3031 883 3337 945 Trinitate
3366 883 3488 945 Au-

1982 981 2278 1062 gustinus
2322 981 2566 1054 scribit,
2613 981 2665 1044 si
2711 981 2822 1045 Dei
2869 981 3064 1044 Filius
3110 999 3238 1043 non
3289 981 3490 1044 incar-

1985 1089 2266 1154 naretur,
2318 1089 2452 1144 erat
2497 1081 2704 1143 adhuc
2752 1080 2915 1142 alius
2967 1081 3194 1142 modus
3253 1088 3486 1143 nostrae

1986 1180 2230 1242 salutiS.
2284 1181 2456 1243 Patet
2503 1179 2698 1260 igitur
2755 1179 3296 1261 quemadmodum
3351 1199 3485 1242 ver-

1986 1278 2139 1340 bum
2186 1278 2470 1360 Apostoli
2516 1277 2962 1359 accipiendum
3009 1276 3111 1349 sit,
3159 1294 3288 1358 quo
3331 1278 3418 1339 ait
3468 1295 3480 1338 :

1984 1376 2461 1439 Praedestinavit
2491 1393 2606 1438 nos
2647 1376 2710 1437 in
2751 1375 3158 1456 adoptionem
3199 1375 3482 1437 filiorum

1984 1493 2101 1558 per
2136 1477 2352 1537 Iesum
2394 1475 2736 1538 Christum.
2771 1474 2982 1547 Porro,
3025 1474 3195 1556 quod
3240 1492 3360 1536 nec
3404 1474 3488 1536 sit

1984 1574 2314 1655 exemplar
2359 1571 2934 1656 praedestinationis
2979 1579 3208 1636 nostrae
3253 1572 3485 1635 Christi

1985 1671 2480 1755 praedestinatiO,
2521 1671 2572 1734 si
2627 1690 2859 1734 nomen
2914 1671 3486 1752 praedestinationis

1988 1771 2195 1853 primo
2253 1771 2440 1832 modo
2491 1778 2801 1843 sumatur,
2861 1769 3202 1831 inducitur.
3263 1770 3488 1832 Exem-

366 1877 949 1932 consummaretur.
993 1869 1169 1943 Quod
1220 1870 1485 1950 insuper
1530 1868 1613 1930 sit
1662 1886 1874 1930 exem·
1906 1872 1954 1934 B
1988 1870 2125 1952 plar
2183 1869 2356 1932 enim
2417 1868 2797 1950 praeexsistit
2853 1867 3236 1950 exemplato,
3299 1875 3364 1930 et
3422 1869 3482 1930 in

365 1968 513 2050 plar
564 1967 1139 2050 praedestinationis
1196 1973 1426 2030 nostrae
1480 1966 1601 2029 hoc
1663 1965 1870 2039 mode,

364 2066 463 2129 sic
531 2065 861 2128 elucescit.
922 2067 1057 2127 Jam
1125 2065 1299 2128 enim
1365 2072 1693 2127 ostensum
1752 2071 1869 2134 est,

366 2164 697 2228 Christum
756 2163 1063 2245 singulari
1114 2163 1303 2226 modo
1353 2163 1871 2245 praedestinatum

364 2263 522 2336 dici,
570 2263 649 2324 ad
696 2262 815 2324 hoc
858 2262 1161 2324 videlicet
1203 2269 1273 2324 ut
1313 2262 1395 2323 sit
1440 2261 1768 2332 naturaliS‚
1810 2268 1873 2323 et

364 2380 498 2424 non
527 2361 1015 2442 adoptivus‚Dei
1048 2361 1255 2424 Filius.
1274 2360 1447 2434 Quod
1479 2368 1685 2422 tamen
1720 2379 1873 2442 prae-

364 2459 713 2522 destinatio
752 2458 1059 2541 competit
1096 2457 1347 2522 Christo
1390 2465 1649 2540 propter
1691 2464 1869 2518 natu-

364 2577 505 2619 ram
554 2563 979 2638 assumptam,
1032 2556 1307 2618 lucidius
1350 2555 1483 2636 jam
1534 2555 1868 2617 inductum

364 2664 482 2718 est.
520 2655 647 2718 Nos
678 2655 955 2736 denique
988 2654 1051 2716 in
1083 2655 1447 2736 adoptivam
1488 2653 1868 2716 filiationem

364 2753 921 2836 praedestinamur.
976 2752 1117 2815 Haec
1173 2771 1327 2814 vero
1376 2752 1868 2832 praedestinatiO,

364 2851 673 2914 naturalis
703 2851 1275 2933 praedestinationis
1307 2851 1683 2932 participata
1712 2869 1875 2932 quae-

369 2950 519 3011 dam
562 2948 922 3010 similitudo
964 2948 1235 3022 exsistit,
1279 2954 1669 3010 contestante
1713 2947 1875 3028 Apo-

146 3079 225 3106 οη.
252 3081 340 3118 vm,
369 3046 539 3110 stolo
596 3048 675 3110 ad
733 3047 1049 3110 Romanos
1102 3063 1115 3108 t
1168 3046 1333 3120 Quos
1390 3045 1658 3127 (inquit)
1717 3064 1873 3127 prae-
1905 3045 1947 3107 C

368 3145 585 3217 scivit,
646 3145 763 3208 hos
834 3153 899 3206 et
969 3144 1441 3226 praedestinavit
1510 3145 1872 3206 conformes

364 3243 515 3305 fieri
562 3242 863 3324 imaginis
904 3242 1045 3304 Filii
1090 3243 1209 3304 sui.
1245 3243 1507 3316 Rursus,
1550 3242 1869 3324 praedesti-

362 3341 543 3403 natio
594 3340 827 3404 Christi
875 3349 1105 3403 nostrae
1149 3340 1725 3422 praedestinationis
1769 3359 1871 3402 ex-

360 3439 619 3522 emplar
682 3439 943 3511 dicitur,
1004 3445 1265 3520 propter
1327 3439 1588 3502 modum
1652 3456 1871 3500 conse-

362 3537 609 3620 quendi
654 3537 895 3600 bonum
941 3537 1109 3620 quod
1159 3545 1256 3599 est
1292 3537 1870 3618 praedestinationis

361 3636 706 3699 terminus.
725 3637 793 3697 In
828 3635 1077 3700 Christo
1106 3635 1279 3698 enim
1312 3643 1535 3697 natura
1565 3635 1865 3707 humana,

360 3734 565 3796 nullis
614 3734 750 3796 suis
801 3733 1236 3814 praeeuntibus
1289 3735 1553 3807 meritiS,
1606 3740 1867 3796 eatenus

360 3852 481 3915 per
508 3833 779 3914 gratiam
810 3832 1084 3896 exaltata
1112 3839 1231 3906 est,
1256 3840 1326 3894 ut
1356 3832 1433 3893 ad
1468 3832 1869 3914 personalem

361 3930 850 3994 subsistentiam
910 3929 1101 3992 Verbi
1160 3929 1503 3993 sublimata
1562 3931 1661 3992 sit.
1726 3930 1867 3992 Haec

362 4029 669 4112 equidem
699 4037 829 4091 tam
860 4029 1341 4111 supereminens
1371 4029 1572 4110 gratia
1604 4029 1663 4089 in
1698 4029 1871 4090 Chri-

365 4136 489 4201 ste,
542 4146 671 4190 non
732 4129 1228 4209 incongruenter
1286 4128 1614 4209 exemplar
1668 4128 1870 4189 nomi-

1987 1967 2414 2048 cognitioncm
2449 1967 2621 2028 illius
2651 1966 2930 2028 deducit.
2967 1967 3086 2029 Sed
3118 1967 3330 2048 primo
3361 1984 3488 2029 mo-

1986 2068 2067 2129 do
2110 2066 2280 2128 dicta
2325 2065 2816 2148 praedestinatio,
2848 2071 2946 2127 est
2987 2071 3241 2139 aeterna,
3275 2083 3486 2146 neque

1986 2181 2246 2226 necesse
2293 2170 2390 2224 est
2441 2170 2511 2224 ut
2560 2163 2624 2224 in
2675 2162 2877 2243 ipsius
2927 2161 3319 2242 agnitionem
3367 2163 3480 2224 du-

1985 2269 2239 2325 ceretur
2286 2263 2452 2324 Deus
2511 2279 2586 2324 ex
2635 2261 2850 2342 aliquo
2897 2259 3041 2323 alio.
3097 2296 3178 2306 —
3222 2261 3489 2324 Verum-

1984 2369 2222 2434 tamen,
2295 2359 2463 2442 quod
2534 2359 2886 2422 secundum
2973 2360 3232 2421 modum
3315 2379 3486 2422 nunc

1986 2456 3036 2541 praeexplanatum,praedestinatio
3069 2456 3298 2519 Christi
3335 2477 3488 2539 prae·

1986 2557 2429 2621 destinationis
2479 2563 2709 2619 nostrae
2756 2556 3084 2638 exemplar
3130 2557 3232 2630 sit,
3284 2576 3361 2618 ex
3411 2575 3487 2620 eo

1986 2656 2158 2738 quod
2200 2656 2262 2717 in
2313 2654 2473 2717 libro
2512 2654 2589 2716 de
2633 2654 3186 2716 Praedestinatione
3231 2655 3484 2718 Sancto-

1986 2773 2126 2816 rum
2191 2753 2279 2816 ait
2340 2754 2734 2833 Augustinus
2804 2752 3002 2814 verbo
3065 2751 3406 2815 innotescit
3468 2771 3480 2814 ε

1986 2853 2113 2924 Est,
2165 2852 2396 2933 inquit,
2445 2851 3010 2932 praeclarissimum
3061 2851 3276 2912 lumen
3329 2870 3484 2932 prae-

1984 2948 2426 3012 destinationis
2457 2955 2520 3010 et
2546 2948 2786 3030 gratiae,
2821 2949 2958 3030 ipse
2989 2948 3292 3011 Salvator.

2285 3221 2772 3286 ARTICULUS
2819 3221 3191 3284 LXXXVI.

1986 3367 2095 3426 An
2139 3371 2364 3422 tantus
2404 3363 2489 3420 sit
2531 3380 2846 3422 numerus
2887 3361 3222 3421 hominum
3271 3365 3488 3422 elec-to-

2070 3473 2246 3520 rum,
2287 3459 2575 3529 quantus
2618 3457 2708 3508 est
2753 3469 3070 3510 numerus
3107 3455 3484 3527 anyelorum

2069 3541 2514 3617 reproborum.

2112 3735 2311 3799 ORRO
2351 3735 2429 3797 de
2467 3735 2836 3816 angelorum
2883 3735 3064 3818 lapsu
3109 3745 3174 3798 et
3214 3737 3483 3800 crimine

3515 1401 3685 1456 Ephes.
3705 1403 3778 1452 1,5.

2139 3834 2330 3916 paulo
2388 3841 2534 3896 ante
2594 3833 2886 3895 habitum
2946 3841 3060 3896 est.
3126 3835 3346 3896 Denuo
3405 3855 3480 3897 ex
3567 3875 3616 3902 ,ι
3682 3875 3760 3903 ικι

1984 3933 2396 4015 praeinductis
2437 3933 2725 4014 patescit,
2761 3931 2824 3993 in
2867 3932 3158 4012 ejusdem
3202 3932 3483 3995 veritatis

3511 3937 3635 3965 txxn.

3538 3987 3614 4028 lib.
3639 3985 3670 4035 l.
3693 3990 3776 4029 art.

1981 4031 2176 4112 (haud
2228 4029 2496 4092 dubium
2546 4030 2701 4112 quin
2761 4031 2986 4112 primae
3036 4049 3110 4092 ac
3163 4030 3484 4112 increatae)
3515 4065 3606 4092 m.

1984 4128 2544 4210 contemplatione,
2598 4129 2932 4190 hominum
2981 4129 3484 4212 angelorumque

366 4233 562 4288 natur
590 4225 1019 4307 susceptionis
1047 4226 1263 4306 gratiae
1306 4233 1535 4288 nostrae
1571 4244 1583 4288 :
1620 4245 1765 4288 nam
1808 4233 1871 4288 et
1900 4229 1950 4291 D
1985 4229 2237 4311 plenam
2271 4227 2733 4289 beatitudinem
2767 4227 2902 4290 fore
2942 4227 3372 4290 constitutam.
3410 4229 3483 4290 Et

308 4359 339 4396 1,
368 4324 449 4386 de
510 4323 914 4405 plenitudine
962 4325 1179 4406 gratiae
1238 4325 1440 4407 ipsius
1500 4325 1869 4406 accepimus

366 4440 617 4484 omnes,

450 4520 518 4583 Si
574 4527 789 4583 autem
849 4520 1202 4602 accipiatur
1257 4521 1727 4603 praedestinatio
1780 4543 1872 4586 se-

366 4619 657 4681 cundum
718 4619 999 4701 primum
1069 4621 1351 4694 modum,
1411 4629 1565 4683 tunc
1634 4623 1868 4704 praede-

364 4717 631 4780 stinatio
690 4717 923 4780 Christi
981 4737 1191 4800 neque
1250 4738 1440 4782 causa
1495 4728 1592 4782 est
1659 4740 1869 4803 neque

364 4815 701 4897 exemplar
758 4817 1334 4898 praedestinationis
1392 4827 1644 4892 nostrae,
1705 4821 1870 4883 sicut

362 4915 429 4977 B.
482 4913 757 4976 Thomas
810 4915 915 4977 ait.
964 4915 1138 4988 Quod
1194 4933 1321 4978 non
1376 4916 1456 4979 sit
1510 4936 1721 4991 causa,
1775 4936 1871 4980 os-

362 5012 593 5076 tendit.
648 5012 751 5076 Sic
810 5013 983 5075 enim
1032 5013 1503 5096 praedestinatio
1549 5024 1646 5078 est
1692 5024 1868 5079 aeter-

362 5130 471 5185 na,
525 5110 797 5192 ideoque
848 5130 1103 5174 causam
1158 5129 1287 5174 non
1342 5113 1551 5176 habet.
1605 5115 1864 5188 RursuS,

361 5211 677 5292 quoniam
734 5227 812 5271 ex
868 5209 1149 5292 simplici
1211 5209 1319 5272 Dei
1379 5212 1703 5275 voluntate
1763 5215 1866 5276 de-

363 5308 625 5390 pendet.
651 5307 977 5382 Praeterea,
1000 5315 1241 5371 remota
1270 5327 1479 5383 causa,
1504 5318 1867 5374 removetur

1982 4327 2150 4390 sicut
2207 4327 2424 4389 divina
2485 4326 2648 4388 fides
2705 4326 2998 4398 adstruit,
3049 4326 3128 4388 ad
3187 4327 3485 4409 supplen-

1982 4426 2135 4488 dum
2169 4426 2539 4506 angelorum
2576 4444 2792 4486 casum
2825 4425 3018 4486 homo
3059 4425 3196 4506 ipse
3236 4433 3484 4487 creatus

1982 4533 2095 4587 est.
2144 4525 2448 4604 Angelica
2501 4543 2776 4605 namque
2828 4531 3054 4586 natura
3108 4523 3171 4584 in
3223 4523 3322 4585 his
3372 4524 3480 4605 qui

1982 4623 2314 4704 perierunt
2362 4621 2556 4683 libata
2605 4629 2720 4684 est.
2772 4621 3089 4684 Numerus
3137 4629 3347 4683 autem
3402 4622 3485 4683 ci-

1983 4721 2162 4785 vium
2231 4739 2524 4802 supernae
2590 4719 2867 4781 civitatis
2935 4719 3284 4782 electorum
3345 4719 3480 4792 Dei,

1982 4819 2445 4901 praeordinatus
2495 4824 2590 4880 est
2639 4817 2861 4899 utique
2911 4825 2973 4879 et
3021 4818 3482 4880 determinatus

1984 4937 2244 5000 prorsus
2291 4917 2372 4979 ab
2421 4924 2658 4978 aeterno
2709 4915 2772 4977 in
2822 4916 3056 4978 divinae
3107 4917 3341 4978 mentis
3392 4937 3483 4978 sa—

1980 5017 2239 5099 pientia.
2305 5015 2634 5096 Siquidem
2711 5015 2775 5075 in
2848 5032 3138 5086 numero,
3202 5015 3480 5096 pondere

1978 5122 2170 5197 atque
2217 5131 2536 5184 mensura,
2583 5112 2882 5174 universa
2927 5113 3269 5175 constituta
3305 5122 3477 5187 sunt,

1981 5213 2334 5296 praesertim
2367 5231 2442 5274 ea
2473 5229 2614 5293 quae
2645 5211 2888 5293 optima
2919 5219 3066 5272 sunt
3097 5209 3161 5272 in
3194 5211 3471 5274 entibus.

1980 5312 2139 5374 Hinc
2195 5311 2274 5373 ad
2335 5309 2800 5392 reparationem
2859 5326 3082 5373 eorum
3141 5310 3252 5392 qui
3313 5309 3476 5394 lapsi

3511 5035 3620 5089 Sap.
3638 5037 3772 5084 x1‚2l.
