4300 6259
881 475 1004 545 360
1484 499 1565 546 nn
1605 497 1833 546 Lunum
1875 496 2258 544 camsi-urm
2299 495 2599 553 rnnomAE,
2644 495 2820 541 mann
2862 496 2901 541 1.
2948 513 3028 526 -
3068 495 3207 541 ΑΜ.
3252 491 3395 542 xcix

966 669 1211 745 Adhuc,
1261 671 1539 752 cognitio
1600 670 1676 732 rit
1734 687 1848 751 per
1897 665 2388 744 similitudinem
2414 664 2468 730 Α
2500 665 2757 728 mobilis
2787 673 2852 728 et
2880 665 3165 728 mortalis
3198 668 3571 748 permanet?
3600 663 3715 728 Sed
3744 664 3817 727 de
3842 683 3955 727 sen·

886 768 1124 850 cogniti
1156 789 1297 852 quae
1327 769 1494 831 inest
1524 767 1949 851 cognoscenti.
1987 765 2245 828 Constat
2284 784 2393 827 au·
2498 764 2796 827 sibilibus
2854 772 2919 827 et
2978 764 3325 828 mobilibus
3374 772 3471 828 est
3528 764 3804 836 scientia,
3848 781 3953 825 non

885 875 1040 942 tem,
1092 868 1262 949 quod
1321 867 1680 933 intellectus
1740 865 1909 948 ipsas
1966 883 2182 927 rerum
2240 864 2391 925 sim·
2498 865 2852 925 secundum
2912 882 3051 926 esse
3110 864 3279 945 quod
3327 862 3568 925 habent
3615 863 3676 924 in
3725 879 3789 924 se
3826 861 3957 943 ipsis

886 966 1087 1048 plices
1119 972 1377 1027 naturas
1409 964 1733 1046 cognoscit
1763 964 1932 1026 nude
1973 971 2037 1025 et
2074 962 2386 1034 absolute,
2498 970 2562 1026 et
2602 963 2680 1025 ad
2725 969 2921 1025 extra.
2964 962 3244 1025 Scientia
3285 980 3565 1044 namque
3607 968 3699 1024 est
3740 960 3959 1022 univer·

887 1071 1108 1146 utpote
1138 1081 1265 1126 non
1299 1063 1791 1145 cointelligendo
1823 1081 1896 1124 ea
1927 1081 2068 1144 quae
2097 1061 2389 1123 acciden-
2500 1062 2729 1124 salium
2777 1068 2841 1124 et
2882 1061 3412 1134 necessariorum,
3446 1060 3615 1122 sicut
3648 1079 3807 1141 saepe
3842 1076 3960 1141 pro-

885 1162 1036 1224 talia
1073 1168 1242 1235 sunt,
1276 1162 1816 1243 quemadmodum
1857 1167 2005 1222 sunt
2045 1159 2387 1241 quantitaS‚
2448 1214 2453 1220 .
2499 1160 2607 1222 bat
2648 1160 3036 1223 Aristoteles.
3086 1159 3195 1222 Est
3238 1177 3388 1240 ergo
3432 1158 3511 1220 de
3560 1157 3683 1219 illis
3730 1156 3962 1218 scientia

832 1289 844 1299 ·
889 1259 1087 1332 locuS,
1120 1266 1398 1341 tempuS,
1445 1258 1672 1340 figura,
1715 1266 1949 1331 motuS,
1993 1265 2056 1320 et
2098 1256 2336 1319 similia
2372 1273 2385 1318 :
2501 1259 2853 1321 secundum
2914 1277 3055 1320 esse
3111 1258 3279 1340 quod
3337 1256 3576 1320 habent
3640 1254 3718 1317 ab
3780 1254 3963 1316 anima

886 1357 955 1420 in
985 1356 1125 1439 ipso
1155 1374 1305 1438 ergo
1336 1364 1432 1419 est
1461 1357 1708 1439 species
1740 1375 1881 1438 quae
1910 1362 2007 1418 est
2037 1355 2390 1418 similitudo
2424 1337 2449 1358 ’
2502 1358 2853 1438 deputante
2891 1363 2955 1419 et
2998 1356 3403 1419 abstrahente
3440 1374 3479 1416 a
3526 1353 3964 1436 praenominatis

887 1463 1128 1518 naturae
1176 1455 1269 1517 sic
1317 1455 1777 1537 contemplatae.
1831 1456 1957 1517 Aut
2015 1454 2208 1535 igitur
2257 1452 2391 1515 haec
2504 1454 3124 1535 imperfectionibus,
3173 1453 3275 1517 Sic
3325 1470 3498 1534 erg0‚
3544 1453 3597 1514 si
3640 1450 3855 1513 animae
3892 1449 3966 1512 in·

886 1553 1154 1635 species·
1193 1553 1500 1636 recipitur
1557 1553 1620 1615 in
1681 1552 2010 1615 intellectu
2071 1570 2221 1613 cum
2284 1570 2391 1632 ap·
2503 1552 2794 1615 tellectus
2838 1552 3175 1631 *sensibilia
3224 1570 3496 1633 quaeque
3544 1558 3607 1612 et
3652 1548 3969 1631 corporalia

885 1652 1200 1734 pendiciis
1261 1653 1563 1725 materiae,
1617 1670 1758 1732 quae
1807 1650 2053 1713 scilicet
2100 1657 2391 1711 naturam
2504 1669 2575 1713 ac
2607 1649 2955 1732 superficie
2986 1658 3171 1712 tenus
3201 1650 3596 1733 apparentia,
3621 1647 3863 1730 propria
3888 1645 3967 1707 lu-

887 1768 1296 1813 communem
1359 1749 1832 1830 singularizant‚
1895 1768 2037 1830 quae
2093 1749 2227 1828 jam
2287 1765 2394 1810 no·
2505 1769 2577 1812 ce
2619 1757 2925 1832 penetrat,
2958 1748 3424 1812 occultissimas
3468 1764 3680 1809 rerum
3726 1745 3967 1806 rationes

887 1849 1143 1912 minatae
1183 1856 1372 1927 sunt;
1419 1856 1528 1911 aut
1569 1866 1716 1910 non.
1767 1847 1829 1910 Si
1873 1847 2179 1928 primum,
2230 1866 2390 1908 nun·
2420 1843 2467 1904 B
2506 1849 2916 1928 investiganS,
2962 1855 3025 1910 et
3073 1847 3435 1910 essentialia
3482 1845 3602 1906 sub
3650 1844 3967 1906 accidenta-

887 1967 1078 2029 quam
1111 1966 1226 2028 per
1262 1966 1402 2009 eam
1446 1953 1935 2028 cognosceretur
1973 1943 2247 2026 simplex
2289 1963 2393 2005 na·
2505 1946 2673 2008 libus
2703 1945 2929 2008 formis
2962 1945 3221 2008 latentia
3250 1945 3682 2025 comperiens3
3705 1949 3847 2004 tunc
3866 1940 3967 2002 uti-

886 2052 1027 2107 tura
1085 2045 1254 2107 nude
1320 2053 1384 2107 et
1453 2044 1517 2106 in
1587 2063 1673 2107 se.
1737 2044 2006 2106 Necesse
2066 2049 2165 2106 est
2218 2041 2389 2104 enim
2504 2063 2629 2126 que
2700 2044 2968 2106 dubium
3030 2061 3158 2106 non
3222 2049 3509 2106 remanet
3564 2061 3732 2104 sanae
3796 2039 3965 2101 menti

886 2143 1165 2224 speciem
1199 2143 1734 2225 proportionatam
1766 2159 1905 2204 esse
1936 2141 1994 2203 ei
2026 2141 2209 2221 cujus
2241 2141 2391 2202 ima·
2502 2143 2693 2205 talem
2740 2143 3041 2205 virtutem
3094 2143 3323 2205 animae
3370 2141 3801 2223 incorpoream
3840 2139 3966 2200 sim-

885 2259 964 2322 go
1013 2248 1110 2302 est
1157 2258 1170 2303 :
1222 2249 1287 2303 et
1334 2258 1483 2321 ergo
1532 2240 1586 2302 si
1637 2241 1883 2321 species
1933 2257 2146 2301 rerum
2198 2239 2393 2300 sensi·
2505 2242 2868 2323 plicemque
2900 2249 2963 2303 et
2990 2247 3341 2321 separatam
3384 2239 3742 2302 consistere.
3784 2236 3966 2298 Enim·

887 2338 1117 2400 bilium
1181 2345 1396 2401 essent
1442 2339 1505 2399 in
1556 2338 1769 2400 anima
1817 2337 2171 2399 secundum
2222 2336 2390 2419 quod
2504 2359 2675 2412 vem,
2720 2340 2886 2421 quod
2943 2340 3297 2402 secundum
3350 2355 3491 2400 esse
3542 2345 3607 2399 et
3655 2335 3962 2399 essentiam

890 2437 1244 2519 procedunt
1287 2455 1323 2498 a
1369 2436 1582 2512 rebus,
1629 2455 1756 2500 non
1805 2437 2111 2497 ducerent
2155 2434 2277 2497 nisi
2325 2435 2389 2496 in
2502 2439 2822 2519 dependet
2857 2439 2936 2499 ad
2976 2455 3231 2519 corpuS‚
3266 2436 3509 2498 nullam
3549 2434 3741 2497 habet
3776 2452 3966 2516 opera-

891 2534 1320 2615 cognitionem
1383 2535 1576 2596 unius
1635 2535 1790 2597 certi
1842 2533 2203 2613 singularis,
2254 2533 2390 2594 Jam
2503 2536 2741 2598 tionem
2774 2555 2915 2616 quae
2950 2534 3507 2616 proportionaliter
3538 2551 3664 2596 non
3705 2539 3967 2594 causetur

888 2640 1101 2695 autem
1148 2651 1262 2714 per
1307 2650 1496 2693 unam
1544 2633 1826 2714 speciem
1877 2631 2090 2694 omnia
2134 2650 2275 2713 quae
2326 2631 2389 2691 in
2503 2642 2565 2696 et
2592 2634 2947 2715 dependeat
2973 2651 3008 2694 a
3040 2633 3464 2715 corpore:tali
3497 2633 3671 2694 enim
3703 2630 3825 2694 enti
3854 2648 3969 2691 cor-

888 2750 1017 2793 una
1077 2739 1299 2792 natura
1367 2731 1778 2804 conveniunt,
1844 2729 2393 2811 comprehendun-
2504 2752 2623 2814 pus
2653 2741 2746 2794 est
2776 2740 3037 2794 eatenus
3070 2750 3259 2794 causa
3288 2731 3563 2803 essendi,
3593 2737 3663 2792 ut
3694 2730 3823 2792 sine
3852 2729 3968 2810 ipso

886 2836 1016 2890 tur.
1052 2829 1162 2890 Est
1190 2845 1340 2908 ergo
1371 2827 1503 2890 haec
1535 2829 1780 2910 species
1825 2829 2131 2910 depurata
2165 2827 2244 2888 ab
2286 2827 2391 2888 hic
2502 2849 2641 2893 esse
2686 2837 2979 2913 nequeat.
3022 2829 3251 2891 Anima
3292 2835 3505 2891 autem
3549 2847 3625 2891 ex
3671 2847 3740 2890 se
3778 2835 3838 2890 et
3876 2845 3971 2908 per

891 2935 955 2989 et
1002 2945 1196 3000 nunc,
1243 2934 1307 2988 et
1351 2926 1579 2989 ceteris
1621 2926 2078 3007 singularitatis
2119 2925 2391 2987 circum·
2504 2947 2570 2990 se
2615 2935 2713 2990 est
2753 2927 3117 3009 gubernans
3162 2945 3418 3009 corpuS‚
3452 2934 3515 2989 et
3557 2927 3967 3008 operationum

889 3025 1161 3097 stantiiS,
1194 3024 1430 3107 quibus
1479 3043 1678 3085 unum
1725 3024 2129 3086 individuum
2173 3023 2394 3085 differt
2425 3018 2468 3083 C
2503 3045 2761 3088 suarum
2802 3045 3011 3098 causa,
3046 3027 3138 3088 sic
3178 3027 3347 3108 quod
3386 3026 3463 3088 ad
3505 3045 3649 3088 suas
3692 3023 3968 3106 operatio·

887 3123 967 3186 ab
1012 3123 1158 3196 ali0‚
1202 3130 1266 3185 et
1316 3141 1431 3204 per
1477 3143 1634 3204 quas
1686 3123 2121 3185 individuatur
2172 3130 2395 3184 natura
2502 3143 2615 3186 nes
2658 3142 2785 3186 non
2830 3124 3040 3205 agitur
3090 3142 3299 3205 neque
3346 3123 3705 3205 impellitur
3748 3121 3823 3184 ab
3863 3119 3969 3182 alio

890 3222 1271 3285 communis
1307 3219 1565 3302 Oportet
1611 3221 1803 3302 igitur
1847 3220 2244 3282 intellectum
2289 3221 2393 3281 cui
2500 3223 2600 3284 vel
2633 3229 2859 3284 natura
2892 3239 2905 3282 ε
2942 3222 3109 3302 quod
3154 3220 3565 3284 manifestum
3605 3227 3707 3282 est
3744 3221 3803 3282 in
3842 3237 3967 3300 ope-

890 3321 1057 3383 inest
1113 3320 1247 3383 haec
1306 3320 1575 3401 species,
1627 3338 1662 3381 a
1722 3319 1986 3382 materia
2037 3319 2391 3380 immunem
2502 3319 2855 3381 rationibus
2905 3339 3047 3401 quae
3095 3320 3450 3400 procedunt
3496 3317 3577 3380 ab
3624 3320 3835 3380 anima
3875 3335 3971 3398 per

890 3437 1030 3481 esse
1066 3436 1078 3480 :
1115 3417 1419 3480 fundatur
1463 3436 1612 3498 ergo
1661 3418 1725 3479 in
1772 3417 1905 3480 sola
1949 3417 2223 3480 essentia
2264 3419 2393 3479 ani·
2499 3425 2699 3480 artem
2732 3425 2795 3478 et
2828 3417 3229 3498 prudentiam
3272 3425 3333 3479 et
3375 3416 3860 3479 intellectualem
3896 3415 3970 3475 di·

893 3535 1030 3580 mae.
1085 3516 1206 3579 Sed
1257 3517 1323 3577 in
1372 3535 1447 3578 eo
1497 3524 1594 3578 est
1641 3517 1806 3578 actio
1855 3515 1921 3578 in
1971 3533 2096 3597 quo
2127 3505 2242 3578 'est
2288 3534 2394 3597 po·
2501 3515 2869 3577 rectionem.
2918 3514 3054 3577 Non
3104 3532 3255 3596 ergo
3300 3534 3447 3577 cum
3498 3533 3765 3597 corpore
3807 3513 3965 3596 perit,

890 3615 1090 3678 tentia
1136 3633 1150 3676 τ
1197 3623 1326 3676 tam
1375 3632 1525 3695 ergo
1575 3632 1760 3696 posse
1811 3633 2000 3696 quam
2049 3633 2235 3694 agere
2284 3614 2391 3676 ho·
2500 3632 2699 3695 quum
2744 3631 2955 3695 neque
2996 3613 3367 3694 dependeat.

893 3712 1087 3774 minis
1146 3713 1501 3774 secundum
1565 3720 1806 3793 partem
1866 3712 2389 3785 intellectualem,
2580 3711 2888 3793 Denique,
2941 3711 3341 3792 impossibile
3397 3717 3495 3773 est
3552 3711 3833 3774 naturale
3874 3709 3967 3771 de-

893 3811 958 3872 in
990 3811 1123 3873 sola
1153 3810 1507 3872 substantia
1549 3810 1777 3874 animae
1809 3809 2129 3872 fundatur.
2166 3809 2394 3872 Anima
2500 3809 2807 3871 siderium
2857 3808 3111 3871 cassari.
3158 3807 3314 3870 Nam
3366 3810 3722 3872 secundum
3764 3810 3967 3872 Aristo-

891 3925 1043 3989 ergo
1087 3908 1152 3970 in
1197 3926 1265 3969 se
1309 3898 1447 3989 ipsa
1488 3907 1798 3970 subsistit.
2500 3908 2711 3982 telem,
2764 3908 2931 3970 Deus
2984 3915 3048 3970 et
3094 3914 3322 3969 natura
3370 3907 3531 3969 nihil
3582 3908 3821 3970 faciunt
3861 3908 3969 3969 fru-

971 4006 1296 4077 Praeterea,
1348 4004 1526 4066 nulla
1583 4005 1787 4068 virtus
1835 4003 2273 4085 corruptibilis
2331 4012 2394 4067 et
2501 4013 2649 4080 stra,
2683 4024 2889 4087 neque
2920 4012 3141 4067 natura
3181 4005 3438 4068 inchoat
3474 4007 3646 4088 quod
3684 4006 3967 4089 perficere

895 4103 1265 4177 materialiS‚
1295 4103 1682 4165 constituere
1713 4109 1920 4183 potest
1949 4101 2394 4183 corruptibilia
2500 4105 2741 4186 nequit.
2806 4105 2925 4166 Sed
2986 4103 3195 4166 omnis
3255 4104 3619 4168 intellectus
3684 4103 3967 4169 desiderio

891 4208 954 4263 et
985 4200 1330 4262 materialia
1359 4200 1424 4261 in
1457 4199 1925 4281 incorruptibili
1948 4208 2012 4262 et
2038 4201 2393 4263 necessario
2422 4203 2472 4264 D
2502 4202 2772 4264 naturali
2813 4202 3059 4284 appetit
3094 4221 3349 4284 semper
3392 4221 3551 4266 esse.
3587 4203 3755 4277 Quod
3788 4211 3968 4266 osten—

891 4305 1083 4379 atque
1142 4305 1430 4378 separato
1488 4316 1627 4360 esse
1679 4314 1693 4358 ε
1745 4298 1836 4359 nil
1895 4297 2067 4360 enim
2127 4297 2393 4378 largitur
2501 4299 2689 4362 ditur.
2736 4298 2953 4362 Omnis
3003 4299 3177 4361 enim
3226 4301 3549 4382 appetitus
3593 4309 3691 4364 est
3736 4301 3829 4364 vel
3874 4318 3970 4382 per

888 4396 1071 4458 alteri
1104 4395 1272 4476 quod
1303 4395 1516 4476 ipsum
1548 4412 1674 4457 non
1705 4395 1930 4473 habet3
1964 4395 2207 4458 faciens
2238 4414 2391 4478 quo·
2500 4397 3075 4479 apprehensionem
3123 4399 3449 4478 praeviam,
3490 4399 3593 4461 vel
3637 4418 3750 4481 per
3788 4399 3967 4462 solum

891 4512 1017 4577 que
1048 4510 1172 4555 non
1202 4499 1300 4555 est
1329 4492 1768 4555 honorabilius
1800 4493 1987 4566 fact0‚
2015 4512 2223 4576 neque
2253 4502 2390 4576 pot·
2503 4495 3252 4577 instinctum.Appetitus
3281 4503 3495 4558 autem
3526 4497 3967 4561 intellectualis,

889 4599 986 4654 est
1021 4590 1265 4673 aliquid
1315 4591 1564 4672 operari
1604 4590 1768 4652 ultra
1805 4591 2071 4670 gradum
2116 4593 2389 4674 propriae
2502 4594 2611 4675 qui
2662 4601 2949 4656 naturam
2999 4593 3363 4656 intellectus
3406 4591 3834 4678 consequitur,
3874 4593 3967 4676 qui

888 4689 1215 4771 dignitatis
1282 4696 1347 4752 et
1411 4688 1860 4752 subsistentiae.
1926 4689 2104 4770 Saepe
2172 4697 2386 4752 autem
2500 4692 2692 4753 etiam
2738 4691 3030 4753 voluntas
3079 4700 3509 4773 nuncupatur,
3556 4695 3635 4756 fit
3680 4713 3793 4777 per
3835 4711 3969 4775 prae·

886 4786 1314 4871 praehabitum
1345 4794 1462 4859 est,
1497 4787 1666 4869 quod
1698 4787 1873 4848 nulla
1905 4787 2105 4849 virtus
2137 4789 2385 4868 organi·
2498 4790 2909 4870 agnitionem.
2947 4790 3125 4852 Sicut
3168 4808 3317 4872 ergo
3362 4791 3727 4856 intellectus
3768 4808 3969 4873 cogno-

883 4904 959 4948 ca
985 4904 1172 4966 agere
1204 4885 1403 4967 possit
1431 4884 1554 4946 nisi
1588 4885 1940 4947 secundum
1986 4885 2383 4948 harmoniam
2492 4889 2618 4950 scit
2661 4887 2923 4960 bonum,
2972 4887 3064 4949 sic
3110 4887 3248 4968 ipse
3289 4889 3389 4951 vel
3441 4891 3655 4971 potius
3704 4891 3969 4954 voluntas

883 4985 1164 5046 materiae
1193 4991 1257 5046 et
1286 4983 1656 5064 qualitatem
1699 4982 1981 5064 corporis
2017 4985 2385 5065 :quomodo
2496 4986 2740 5067 appetit
2800 4984 2978 5047 illud.
3042 4985 3172 5048 Hoc
3229 4993 3442 5049 autem
3506 4989 3766 5052 interest
3826 4989 3971 5050 inter

883 5100 1033 5162 ergo
1063 5081 1318 5163 poterit,
1354 5081 1697 5161 conjuncta
1738 5081 1938 5142 motui
1978 5089 2041 5143 et
2081 5082 2381 5155 materiae,
2494 5103 2751 5146 sensum
2802 5091 2866 5146 et
2916 5083 3337 5158 intellectum,
3385 5086 3557 5167 quod
3602 5107 3821 5150 sensus
3860 5105 3965 5147 non

876 5189 938 5243 et
979 5179 1498 5261 corruptibilitati
1542 5187 1733 5261 atque
1777 5180 2246 5260 contingentiae,
2290 5199 2386 5243 se·
2492 5181 2816 5263 cognoscit
2866 5181 3078 5262 ipsum
3129 5200 3269 5243 esse
3320 5201 3527 5264 neque
3575 5185 3815 5268 aliquid
3858 5182 3964 5245 nisi

881 5276 1090 5360 parari
1145 5276 1226 5338 ab
1283 5275 1406 5350 his,
1465 5275 1520 5338 si
1579 5276 1849 5359 ipsamet
1907 5277 2249 5358 conjuncta
2304 5297 2379 5341 ac
2490 5281 2843 5342 secundum
2874 5279 2982 5343 hic
3018 5287 3083 5342 et
3121 5297 3314 5355 nunc,
3348 5299 3550 5363 quum
3588 5281 3672 5346 sit
3709 5280 3967 5366 potentia
