4300 6259
147 3735 318 3779 ibidem.

88 4722 155 4766 lib.
182 4738 207 4766 u

54 4789 115 4828 8¹).

90 5212 191 5256 Luc.

56 5277 115 5320 213.

210 4737 238 4774 1,
267 4735 308 4768 c.

910 493 988 540 1>ss
1030 495 1256 541 LUMINE
1298 495 1681 542 cmusrlANAE
1722 495 2023 552 THEOROE,
2069 495 2244 542 LIBER
2288 498 2349 542 11.
2397 515 2477 525 -
2517 499 2654 544 ART.
2702 498 2864 544 van

3326 479 3444 544 467

334 658 497 724 chiae
553 662 889 725 ordinibus
948 671 1285 726 tractatum
1344 671 1461 738 est,
1523 683 1694 727 nunc
1761 665 2254 729 deAturalium
2321 684 2590 748 operum
2657 666 2982 730 exsecutio
3045 667 3123 729 ad
3190 667 3448 728 eosdem

334 759 699 824 hierarchia
758 764 988 834 media,
1042 763 1106 826 in
1168 783 1295 845 qua
1352 773 1501 826 sunt
1552 765 1840 827 Domina-

336 858 564 932 tioneS,
590 861 869 924 Virtutes
899 869 962 924 et
992 863 1353 935 potestates,
1378 864 1672 943 congruit
1702 881 1841 944 pro-

336 955 475 1018 fari.
512 959 707 1032 Unde,
741 979 941 1042 quum
982 961 1389 1023 dominorum
1422 962 1506 1022 sit
1537 962 1839 1043 praecipe-

336 1074 403 1116 re
449 1057 607 1138 quid
650 1058 761 1120 alii
802 1068 1252 1141 exsequantur,
1284 1060 1549 1141 spiritus
1592 1060 1683 1121 illi
1731 1079 1838 1122 no-

338 1171 487 1216 men
544 1155 999 1219 dominationis
1048 1165 1193 1238 apte
1240 1157 1445 1220 sortiti
1506 1167 1676 1231 sunt,
1728 1159 1837 1240 qui

338 1249 639 1312 ordinant
693 1259 883 1333 atque
946 1250 1341 1315 distribuunt
1404 1253 1623 1316 multis
1684 1255 1838 1337 quid

338 1350 644 1431 prosequi
727 1358 793 1412 et
860 1352 1183 1433 complere
1252 1351 1541 1414 debeant.
1610 1354 1837 1438 Diony-

119 1482 163 1510 οι
224 1479 307 1508 vm.
339 1447 473 1509 sius
514 1447 693 1510 enim
734 1447 797 1510 in
841 1448 1093 1511 Coelesti
1136 1449 1493 1512 hierarchia
1522 1450 1635 1522 ait,
1667 1453 1839 1532 quod

337 1547 795 1609 dominationis
834 1565 1093 1622 nomen,
1125 1566 1447 1628 anagogen
1494 1551 1834 1631 quamdam

334 1645 807 1727 superpositam
862 1647 1040 1708 omni
1090 1647 1383 1708 servituti
1433 1647 1837 1731 indignaeque

332 1743 721 1823 subjectioni
762 1745 1067 1826 designat.
1102 1747 1263 1809 Vera
1303 1748 1543 1830 quippe
1586 1757 1683 1810 est
1726 1749 1835 1812 ho·

1948 772 2236 846 spectare
2275 764 2544 828 videtur.
2581 765 2738 828 Nam
2770 765 3110 846 Gregorius
3149 764 3236 826 ait
3270 781 3284 826 :
3317 765 3450 826 Vir-

1949 868 2115 924 tutes
2166 863 2404 925 etenim
2459 863 2762 925 dicuntur
2805 863 3069 944 spiritus
3124 881 3240 944 per
3288 879 3448 943 quos

1949 960 2129 1039 signa
2159 967 2224 1022 et
2254 960 2565 1023 miracula
2593 961 2995 1042 frequentius
3027 960 3215 1023 fiunt.

2020 1057 2381 1130 Enimvero,
2403 1060 2938 1140 quemadmodum
2969 1058 3294 1121 exsecutio
3323 1057 3452 1120 dis-

1947 1155 2366 1218 tributionum
2422 1177 2459 1219 a
2501 1157 3054 1220 Dominationibus
3101 1157 3449 1239 proceden-

1948 1255 2109 1316 tium
2140 1255 2219 1316 ad
2251 1255 2530 1318 Virtutes
2575 1257 2870 1338 pertinet,
2905 1257 2998 1318 sic
3027 1255 3448 1318 potestatibus

1948 1354 2259 1435 competit
2319 1361 2389 1415 ut
2434 1354 2724 1416 ordinem
2775 1373 2812 1416 a
2859 1353 3214 1416 Virtutibus
3270 1371 3447 1416 exse-

1947 1459 2168 1514 cutum
2238 1453 2302 1514 in
2372 1451 2761 1534 entibusque
2829 1453 3269 1524 constitutum,
3341 1471 3450 1514 cu-

1944 1550 2222 1613 stodiant
2268 1550 2702 1624 inconfusum,
2751 1570 2824 1613 ea
2868 1570 3010 1632 quae
3057 1551 3300 1613 ordinis
3345 1552 3448 1613 de-

1945 1649 2252 1711 structiva
2296 1657 2446 1711 sunt
2488 1649 2840 1712 avellendo,
2892 1651 3066 1713 Unde
3110 1649 3448 1730 Gregorius

1944 1749 2053 1820 ait,
2086 1767 2194 1810 eos
2240 1749 2504 1830 spiritus
2551 1749 2892 1812 Potestates
2931 1749 3273 1822 nominari,
3306 1749 3446 1830 qui·

332 1861 477 1904 rum
524 1842 871 1924 spirituum
922 1845 1297 1919 dominatio,
1328 1853 1389 1907 et
1440 1846 1833 1910 incessabili·
1862 1852 1908 1915 Β
1948 1847 2067 1909 bus
2116 1847 2506 1909 eminentius
2567 1848 2867 1911 convenit
2921 1856 2990 1909 ut
3041 1846 3133 1910 eis
3179 1847 3447 1910 virtutes

332 1946 427 2000 ter
454 1940 650 2000 totius
680 1940 1135 2004 dominationis
1169 1942 1529 2024 principem
1564 1943 1833 2006 fontem-

330 2055 457 2118 que
497 2037 877 2102 desiderant.
921 2039 1078 2102 Nam
1119 2040 1301 2120 juxta
1344 2042 1833 2122 possibilitatem

330 2155 541 2208 suam,
593 2143 655 2198 et
705 2155 843 2199 sese
893 2145 956 2199 et
1015 2138 1350 2200 inferiores
1408 2139 1835 2204 hierarchicas

334 2245 585 2299 mentes
622 2238 697 2299 ad
738 2238 1023 2300 divinam
1064 2239 1552 2302 similitudinem
1598 2243 1836 2324 Deique

334 2335 761 2398 imitationem
806 2337 1266 2411 sursumducit,
1312 2357 1417 2401 eas
1460 2339 1833 2420 purificanS,

334 2434 647 2496 irradians
716 2441 781 2496 et
850 2435 1215 2516 perficiens.
1290 2436 1837 2509 Quemadmodum

336 2550 573 2614 nempe
622 2533 897 2594 mediam
942 2533 1366 2597 hierarchiam
1410 2535 1628 2616 dirigit
1670 2555 1839 2598 sum-

340 2649 466 2702 ma,
500 2630 593 2692 sic
639 2629 935 2693 infimam
982 2632 1192 2694 media
1234 2633 1470 2714 dirigit.
1505 2635 1841 2716 Propterea

335 2729 426 2791 ait
465 2729 807 2810 Gregorius
851 2747 867 2791 ε
910 2730 1237 2792 Dominari
1280 2750 1450 2802 vero,
1493 2740 1587 2795 est
1632 2732 1841 2813 subje-

336 2837 472 2892 ctos
503 2845 795 2911 quosque
826 2829 1167 2910 possidere.
1188 2829 1271 2891 Ea
1300 2849 1451 2911 ergo
1470 2832 1837 2913 angelorum

335 2927 597 3008 agmina
654 2947 797 3009 quae
856 2927 1018 2990 mira
1066 2929 1351 3010 potentia
1398 2931 1838 3010 praeeminent,

1942 1945 2224 2007 adversae
2269 1943 2575 2025 subjectae
2621 1944 2770 2018 sint,
2818 1962 3090 2027 quorum
3137 1953 3448 2027 potestate
3555 2015 3568 2026 ,

1944 2041 2370 2116 refrenantur,
2421 2062 2502 2105 ne
2558 2044 2747 2105 corda
2805 2044 3136 2106 hominum
3198 2051 3446 2105 tantum

1944 2149 2190 2203 tentent
2239 2148 2551 2223 quantum
2604 2141 2846 2204 volunt.
2903 2142 3240 2223 Propterea
3287 2141 3449 2204 dixit

1945 2239 2310 2323 DionysiuS,
2343 2240 2515 2321 quod
2555 2259 2788 2303 nomen
2827 2241 3214 2303 Potestatum
3254 2239 3448 2321 signi·
3494 2265 3739 2312 noenum,

1946 2338 2099 2400 sicat
2156 2339 2560 2401 inconfusam
2612 2339 2952 2420 quamdam
3008 2347 3072 2401 et
3130 2339 3294 2402 bene
3351 2356 3449 2401 or·
3475 2330 3738 2374 ''iem-*²¹¹¹-

1948 2445 2160 2498 natam
2212 2438 2383 2499 circa
2430 2438 2680 2501 divinas
2719 2437 3160 2519 susceptiones
3204 2438 3452 2500 ordina-

1949 2536 2211 2598 tionem.
2247 2535 2323 2597 Et
2353 2535 2546 2617 hujus
2578 2536 2822 2599 ordinis
2851 2536 3115 2618 spiritus
3155 2534 3449 2597 infimam

1948 2633 2372 2696 hierarchiam
2421 2635 2769 2708 continent,
2817 2640 3108 2716 potenter
3151 2633 3344 2695 simul
3388 2641 3453 2695 et

1949 2731 2227 2812 benigne
2287 2751 2428 2794 eam
2489 2740 3010 2812 sursumagentes
3062 2739 3126 2794 et
3169 2733 3232 2793 in
3293 2731 3452 2794 divi·
3497 2777 3504 2786 .

1950 2849 2105 2891 num
2148 2829 2367 2893 lumen
2406 2831 2840 2912 expandentes
2875 2847 2888 2890 :
2925 2849 3331 2912 nequaquam
3365 2837 3454 2912 ty-

1952 2927 2211 2990 rannice
2253 2929 2354 2990 vel
2397 2947 2544 2990 cum
2590 2927 3070 3010 perturbatione
3118 2926 3454 2990 abutentes

338 3044 455 3108 pro
503 3043 581 3090 eo
637 3027 808 3108 quod
862 3025 956 3088 eis
1015 3033 1225 3089 cetera
1276 3027 1351 3089 ad
1409 3027 1839 3091 obediendum
1874 3033 1916 3096 C
1953 3033 2263 3108 potestate
2305 3026 2536 3088 donata
2579 3025 2704 3088 sibi
2747 3024 2827 3087 ab
2876 3025 3165 3088 omnium
3217 3025 3452 3087 hierar-

336 3123 635 3204 subjecta
665 3131 836 3198 sunt,
869 3124 1347 3187 Dominationes
1377 3134 1705 3188 vocantur.

418 3224 715 3305 Insuper,
748 3223 913 3285 sicut
958 3223 1038 3284 ad
1082 3223 1561 3287 Dominationes
1605 3244 1847 3307 praeno-

342 3323 583 3385 minata
643 3320 1013 3384 distributio
1068 3329 1335 3402 spectat,
1396 3323 1489 3384 sic
1554 3324 1844 3403 ejusdem

339 3419 821 3483 distributionis
879 3418 1049 3481 circa
1106 3419 1341 3482 diviuae
1408 3420 1847 3503 dispositionis

339 3537 413 3582 ac
474 3516 895 3601 providentiae
952 3515 1243 3579 ordinem
1306 3521 1846 3600 prosequendum,

344 3616 679 3680 exsecutio
726 3615 803 3677 ad
854 3615 1135 3678 Virtutes
1182 3616 1459 3696 pertinet
1510 3635 1523 3678 :
1576 3636 1847 3698 quarum

340 3717 441 3796 (ut
485 3716 575 3778 ait
618 3712 985 3797 Dionysius)
1022 3731 1254 3776 nomen
1294 3713 1581 3795 designat
1619 3715 1848 3778 fortem

343 3813 692 3898 quamdam
736 3810 1330 3892 infatigabilemque
1373 3812 1739 3876 virilitatem
1783 3815 1848 3877 in

344 3915 680 3975 universas
753 3909 1101 3972 deiformes
1170 3910 1490 3990 actiones3
1557 3933 1695 3994 quae
1767 3913 1848 3976 ob

342 4011 587 4074 nullam
642 4009 1237 4091 pusillanimitatem
1287 4009 1674 4091 derelinquit
1724 4031 1851 4075 mo-

344 4120 479 4172 tum
528 4127 743 4180 suum,
778 4125 907 4188 quo
953 4107 1278 4186 superalto
1321 4107 1451 4170 Deo
1494 4109 1847 4172 conforma-

340 4217 447 4272 tur
480 4226 495 4269 :
536 4208 667 4268 imo
692 4206 875 4286 juxta
904 4205 1135 4285 gratias
1167 4213 1357 4287 atque
1386 4207 1689 4269 virtutem
1722 4209 1845 4271 sibi
1877 4211 1927 4272 D
1956 4204 2249 4284 Angelos.
2285 4203 2460 4266 Unde
2501 4200 2841 4285 Dionysius
2874 4203 2980 4275 ait,
3015 4203 3178 4266 hanc
3222 4204 3455 4267 hierar·
3479 4229 3587 4276 thid.
3609 4242 3646 4274 e.
3670 4242 3727 4276 ιι.

340 4309 669 4377 donatam,
722 4309 847 4365 stat
894 4301 1146 4364 fortiter
1192 4303 1269 4365 ad
1321 4303 1543 4377 Deum,
1592 4307 1700 4387 qui
1752 4315 1848 4369 est

344 4406 550 4468 virtus
596 4403 936 4474 virtutum,
970 4418 1297 4475 conversa,
1341 4400 1847 4487 inferiorumque

340 4504 713 4567 animorum
784 4500 849 4562 in
916 4499 1211 4562 divinum
1267 4501 1518 4563 radium
1567 4521 1848 4566 sursum-

341 4603 573 4666 activa.
610 4601 787 4663 L'nde
820 4599 881 4662 S.
916 4599 1189 4662 Thomas
1228 4599 1293 4660 in
1334 4600 1596 4662 Summa
1632 4612 1849 4666 eontra

340 4700 619 4784 gentiles
666 4699 775 4772 ait,
818 4697 989 4779 quod
1038 4698 1428 4780 principium
1470 4701 1850 4764 universalis

340 4797 741 4883 operationis
770 4796 847 4859 ad
880 4796 1053 4858 hune
1093 4797 1381 4859 ordinem
1418 4799 1710 4878 pertinet.
1751 4800 1853 4861 Di·

342 4900 431 4962 cit
484 4897 687 4968 enim,
736 4895 909 4978 quod
958 4903 1167 4958 motus
1216 4895 1570 4958 coelestium
1635 4915 1851 4978 corpo-

340 5017 517 5070 rum,
540 5015 685 5078 quae
715 4995 1007 5058 omnium
1040 4994 1411 5056 inferiorum
1443 4995 1853 5076 quodammo—

342 5099 429 5160 do
473 5114 667 5158 causa
714 5101 885 5166 sunt,
931 5094 1009 5155 ad
1058 5093 1251 5173 hujus
1299 5093 1541 5155 ordinis
1587 5093 1853 5174 spiritus

222 5225 313 5260 m.
342 5196 597 5260 attinet.
662 5193 807 5254 Ideo
866 5193 931 5252 in
991 5190 1159 5253 Luca
1206 5191 1485 5252 Virtutes
1544 5191 1854 5254 coelorum

342 5292 779 5379 appellantur.
828 5291 1199 5353 Divinorum
1250 5307 1503 5372 quoque
1552 5309 1855 5372 superna-

1952 3123 2284 3185 ehicorum
2336 3123 2634 3186 ordinum
2681 3123 2858 3185 fonte
2907 3122 3454 3205 splendidissimO,

1954 3229 2182 3284 cuncta
2215 3221 2714 3304 pulchrificante
2746 3229 2810 3284 et
2841 3228 3128 3284 ornante.

2305 3485 2794 3550 ARTICULUS
2841 3485 3116 3549 LXVII.

1956 3626 2051 3684 De
2098 3625 2478 3682 hierarchia
2525 3624 2783 3700 infima,
2829 3631 2888 3682 et
2928 3623 3335 3699 proprietate
3383 3641 3459 3681 ac

1996 3713 2484 3788 operacionibus
2515 3713 2878 3787 spirituum
2909 3713 3222 3772 ordinum
3250 3713 3413 3788 ejus,

2033 3907 2271 3972 NFIMA
2310 3906 2552 3989 quippe
2601 3906 2958 3969 hierarchia
3003 3908 3454 3973 ecclesiasticae

2059 4006 2432 4070 hierarchiae
2467 4005 2830 4067 immediate
2862 4006 3179 4086 praesidet,
3194 4013 3259 4069 et
3287 4026 3454 4071 com-

1957 4105 2297 4188 prehendit
2342 4103 2739 4184 Principatus
2786 4110 2849 4165 et
2896 4104 3321 4187 Archangelos
3378 4125 3452 4168 ac

1958 4303 2168 4364 chiam
2243 4299 2542 4363 humanis
2610 4298 2990 4362 hierarchiis
3058 4319 3172 4383 per
3238 4320 3456 4366 conse-

1956 4401 2286 4484 quentiam
2331 4399 2700 4481 praecipere,
2735 4417 2964 4480 resque
3007 4399 3318 4464 humanas
3363 4403 3456 4466 di-

1958 4502 2181 4582 rigere.
2218 4499 2332 4562 Per
2371 4516 2470 4559 res
2516 4506 2728 4560 autem
2774 4496 3086 4561 humanas
3128 4519 3202 4561 ea
3243 4502 3458 4564 omnia

1960 4597 2372 4678 intelligenda
2415 4603 2584 4670 sunt,
2629 4615 2769 4677 quae
2814 4596 2878 4658 in
2923 4595 3252 4661 hominem
3296 4600 3460 4662 ordi-

1959 4705 2193 4760 nantur
2250 4702 2313 4758 et
2372 4694 2438 4756 in
2501 4694 2702 4776 ipsius
2750 4693 2991 4756 bonum
3043 4696 3295 4758 cedunt.
3351 4697 3462 4759 Est

1958 4803 2169 4858 autem
2224 4795 2288 4856 in
2339 4792 2531 4855 rebus
2576 4791 2874 4853 humanis
2923 4793 3242 4873 quoddam
3293 4813 3463 4858 com-

1962 4911 2155 4956 mune
2195 4892 2461 4964 bonum,
2494 4897 2721 4972 utputa
2749 4889 3028 4952 civitatis
3059 4891 3160 4953 vel
3199 4894 3407 4972 gentis
3443 4911 3458 4956 t

1961 5001 2024 5056 et
2064 4991 2258 5073 hujus
2301 4988 2679 5071 gubernatio
2721 4988 2799 5049 ad
2843 4987 3240 5071 Principatus
3286 4992 3462 5054 vide-

1960 5101 2065 5153 tur
2098 5090 2434 5172 pertinere.
2472 5087 2574 5150 Sic
2607 5105 2839 5166 nempe
2879 5086 3214 5168 dispositio
3245 5108 3464 5170 regno-

1963 5209 2105 5253 rum
2158 5187 2552 5269 mutatioque
2615 5183 3065 5246 dominationis
3123 5186 3200 5248 de
3273 5188 3462 5269 plebe

1968 5289 2033 5350 in
2079 5285 2357 5368 plebem,
2393 5282 2726 5346 instructio
2769 5299 3024 5364 quoque
3068 5283 3459 5368 principum,
