4300 6259
606 1524 820 1581 pmcn
851 1511 1040 1573 modo
1098 1510 1499 1592 praeallegato
1558 1510 1952 1590 intelligatur

849 440 972 505 272
1431 460 1512 506 na·
1551 459 1780 507 LmnNE
1821 459 2205 508 cmusTuNAE
2246 458 2548 517 mmmm,
2593 459 2769 507 Lmen
2812 462 2850 507 1.
2898 479 2977 490 —-
3017 462 3156 508 Axi-r.
3202 463 3379 508 xxm

930 628 1245 710 AmpliuS,
1307 629 1477 692 sicut
1533 626 1640 692 hic
1695 630 1887 692 homo
1945 636 2042 691 est
2099 628 2353 710 partici·
2381 629 2430 690 A
2464 629 2633 710 quod
2674 629 2891 692 omnia
2930 638 3079 693 sunt
3118 631 3182 694 in
3214 631 3355 714 ipso
3386 630 3955 704 univer‘salissime,

849 726 1104 808 patione
1143 728 1594 802 autohominis,
1637 729 1730 790 sic
1769 728 1890 789 hoc
1931 726 2162 790 coelum
2206 727 2346 800 erit,

843 824 1025 904 juxta
1082 826 1427 900 Platonem,
1482 825 1968 908 participatione
2027 823 2343 886 autocoeli.

845 923 983 985 Non
1029 941 1178 1004 ergo
1217 931 1384 986 esset
1421 924 1563 1004 ejus
1605 924 1812 986 forma
1856 923 2225 984 immediate
2265 921 2345 984 ab

845 1021 1165 1084 autobono
1203 1039 1216 1084 ε
1251 1023 1420 1104 quod
1464 1029 1677 1083 tamen
1724 1023 1790 1085 in
1834 1021 2069 1084 Timaeo
2113 1021 2220 1083 ait.
2267 1020 2347 1081 At

845 1137 1018 1192 vero,
1051 1120 1217 1201 quod
1251 1139 1328 1181 ex
1370 1119 1664 1182 fluitante
1694 1127 1758 1180 et
1787 1118 2048 1180 informi
2084 1118 2345 1180 materia

847 1225 1150 1299 tanquam
1208 1236 1286 1279 ex
1345 1217 1614 1280 confuso
1673 1217 1863 1279 chaos
1911 1217 2126 1298 posuit
2174 1216 2343 1278 Plato

845 1322 1216 1395 generatum
1247 1315 1420 1378 hunc
1453 1315 1765 1377 mundum
1797 1313 2343 1388 sensibilem,om-

848 1415 1002 1476 nino
1044 1413 1468 1496 philosophiae
1513 1414 1902 1476 contrarium
1948 1421 2064 1485 est,
2108 1412 2232 1474 nisi
2280 1412 2343 1473 id

2014 1526 2028 1570 ε
2089 1517 2343 1590 tempus

848 1610 1046 1682 enim,
1082 1615 1314 1682 motuS,
1351 1609 1614 1671 materia
1643 1616 1707 1670 et
1737 1615 1944 1670 motor
1972 1607 2169 1681 orbis,
2198 1614 2347 1669 sunt

848 1725 1077 1771 coaeva.
1111 1707 1450 1789 Nunquam
1495 1725 1645 1788 ergo
1689 1706 1812 1769 fuit
1856 1706 2120 1769 materia
2149 1706 2341 1779 nuda,

2461 734 2524 788 et
2572 717 2924 790 secundum
2976 729 3433 810 proprietatem
3482 748 3615 792 suae
3659 727 3959 790 bonisicae

2460 833 2721 900 naturae,
2754 833 2817 889 et
2846 827 2939 888 sic
2967 826 3049 889 ob
3082 828 3677 890 determinationem
3716 845 3790 888 ac
3823 845 3961 908 par-

2461 923 2899 986 ticulationem
2930 944 3060 987 suae
3100 925 3403 988 bonitatis
3434 931 3585 986 sunt
3613 924 3701 986 dii
3734 941 3961 986 secun-

2458 1021 2545 1093 di,
2578 1021 2729 1102 quia
2758 1021 2970 1083 simile
3012 1021 3092 1084 fit
3125 1041 3162 1084 a
3198 1023 3397 1084 simili
3434 1022 3789 1084 secundum
3822 1039 3961 1102 spe-

2459 1118 2622 1180 ciem
2682 1119 2784 1180 vel
2852 1120 3175 1201 propriam
3234 1121 3589 1199 rationem3
3650 1120 3771 1182 hoc
3830 1137 3957 1182 non

2458 1224 2724 1298 oportet.
2786 1218 3067 1280 Primum
3126 1219 3300 1280 enim
3358 1225 3457 1280 est
3521 1224 3699 1280 extra
3764 1235 3957 1280 omne

2456 1333 2681 1394 genuS,
2716 1323 2786 1376 ut
2813 1323 2960 1378 ante
2989 1316 3495 1378 demonstratum
3525 1324 3653 1395 est3
3674 1323 3955 1378 attamen
3980 1333 4056 1372 m.
4076 1341 4161 1370 un.

2458 1421 2555 1475 est
2582 1413 2793 1495 ipsum
2824 1415 3252 1477 secundorum
3284 1433 3492 1477 causa.
3516 1416 3778 1487 Iterum,
3800 1431 3957 1496 quo-

2458 1509 2629 1570 niam
2671 1517 2921 1582 causata
2960 1529 2998 1571 a
3037 1510 3436 1592 plenitudine
3474 1510 3776 1572 bonitatis
3815 1528 3959 1571 cau-

2458 1626 2673 1669 sarum
2715 1607 3129 1680 occumbunt,
3174 1608 3318 1670 ideo
3362 1607 3610 1670 sufficit
3649 1607 3959 1688 analogiae

2458 1705 2833 1768 similitudo,
2882 1707 3334 1769 Verumtamen
3382 1706 3502 1768 hoc
3552 1724 3815 1788 prorsus
3860 1725 3963 1767 ve·

846 1824 966 1867 nec
1012 1804 1276 1867 confuse
1321 1805 1676 1867 subsistens
1724 1823 1737 1867 :
1787 1805 1992 1867 forma
2034 1804 2207 1866 enim
2254 1804 2343 1866 di-
2382 1803 2428 1864 B
2459 1822 2601 1865 rum
2671 1811 2765 1866 est
2830 1812 2892 1866 et
2948 1805 3214 1867 omnino
3270 1804 3727 1876 necessarium,
3786 1803 3960 1886 quod

846 1903 1008 1965 vidit
1050 1910 1114 1964 et
1156 1911 1424 1984 separat.

926 2001 1124 2063 Habet
1157 2001 1366 2063 denuo
1397 2001 1530 2063 haec
1573 2000 1806 2082 positio
1836 2000 2191 2064 Stoicorum
2232 2000 2345 2061 du-

850 2099 1190 2161 bitationes
1248 2099 1501 2160 multaS.
1555 2099 1619 2161 Si
1675 2100 1848 2161 enim
1899 2099 1986 2161 dii
2035 2099 2345 2161 secundo-

849 2216 994 2258 rum
1024 2197 1321 2258 ordinum
1355 2203 1505 2257 sunt
1534 2197 1839 2278 specifice
1861 2215 1975 2279 per
1995 2215 2063 2259 se
2087 2197 2149 2257 id
2172 2196 2342 2278 quod

851 2296 916 2357 in
961 2312 1222 2357 suorum
1263 2294 1560 2357 ordinum
1605 2295 2100 2376 proprietatibus
2140 2295 2347 2376 prime

849 2400 913 2456 et
961 2393 1430 2475 imparticipate
1478 2393 1800 2467 dicuntur,
1853 2394 2034 2474 quasi
2084 2393 2348 2454 omnino

849 2493 910 2554 id
970 2511 1098 2554 non
1159 2492 1533 2574 suscipiant,
1585 2511 1657 2554 ac
1707 2491 2088 2573 simpliciter
2138 2491 2347 2572 primo

846 2591 1176 2672 (tanquam
1229 2608 1343 2671 per
1381 2609 1448 2652 se
1487 2589 1681 2651 homo
1727 2597 1792 2650 et
1838 2588 2145 2668 autovita)
2184 2588 2347 2650 hanc

848 2690 947 2752 sui
1007 2687 1491 2750 substantialem
1553 2687 2004 2769 proprietatem
2063 2704 2190 2748 non
2240 2687 2348 2747 ha-

849 2788 1040 2850 beant
1097 2807 1134 2848 a
1191 2804 1444 2849 summo
1502 2785 1671 2864 Deo;
1722 2794 1876 2848 tunc
1934 2786 2159 2867 utique
2218 2801 2343 2846 non

847 2905 1038 2949 omne
1096 2901 1258 2958 esse,
1310 2901 1519 2965 neque
1577 2891 1803 2946 natura
1855 2883 2065 2947 omnis
2124 2901 2348 2946 secun-

2457 1902 2674 1964 omnia
2738 1902 3017 1985 propriis
3084 1902 3535 1984 distinctisque
3600 1901 3959 1964 rationibus

2457 2001 2583 2063 sint
2625 2021 2662 2062 a
2710 2001 2841 2063 Deo
2888 2001 3162 2076 condita,
3210 2009 3283 2062 ut
3330 2000 3667 2064 manifeste
3706 2000 3799 2062 ait
3838 2000 3961 2062 Au-

2457 2101 2794 2180 gustinus;
2835 2117 2961 2162 non
3011 2107 3225 2162 tamen
3272 2099 3355 2163 ob
3399 2100 3463 2162 id
3506 2099 3961 2181 compellimur

2458 2205 2635 2260 extra
2673 2198 2907 2260 divinae
2948 2197 3179 2261 mentis
3226 2197 3459 2272 lucem,
3500 2205 3825 2280 separatas
3869 2216 3961 2259 ra-

2456 2296 2661 2358 tiones
2719 2303 2783 2358 et
2838 2296 3085 2378 species
3144 2303 3442 2371 statuere,
3501 2315 3643 2378 quae
3700 2296 3834 2358 sint
3894 2296 3959 2356 in

2459 2394 2789 2456 identitate
2819 2402 3059 2458 naturae
3086 2413 3159 2456 ac
3199 2395 3442 2457 unitate
3479 2395 3775 2457 essentiae
3816 2413 3961 2476 par-

2458 2492 2873 2574 ticipantibus
2913 2493 3157 2555 similes
3199 2500 3262 2554 et
3302 2493 3747 2575 appropriatae.

2525 2592 2805 2672 Insuper,
2824 2592 2903 2653 ad
2932 2593 3395 2672 agnoscendam
3424 2593 3615 2654 talem
3650 2590 3959 2654 idealium

2456 2687 2807 2752 formarum
2840 2690 3245 2753 essentialem
3275 2690 3964 2772 participationem‚vi·

2457 2788 2643 2849 detur
2703 2787 2763 2848 id
2826 2786 3037 2868 ipsum
3096 2787 3510 2849 asserendum
3570 2805 3731 2861 esse,
3786 2787 3960 2869 quod

2458 2884 2989 2966 quemadmodum
3048 2885 3447 2967 Peripatetici
3502 2892 3763 2948 naturas
3824 2885 3965 2947 uni-

598 2997 818 3044 urt-xvm.
849 2984 1075 3046 dorum
1133 3001 1168 3043 a
1217 2982 1346 3044 Deo
1405 2988 1852 3064 processerunt
1905 2998 1918 3042 ε
1972 2981 2142 3062 quod
2198 2987 2344 3042 ante
2376 2979 2421 3043 C
2458 2981 2891 3045 versalioresa
2917 2981 3509 3064 particularioribus
3530 2982 3754 3046 formis
3775 2983 3963 3045 aiunt

581 3067 669 3098 8¹1.

850 3088 1256 3164 peremptum
1287 3086 1400 3143 est.
1435 3080 1496 3143 Si
1527 3088 1740 3142 autem
1773 3080 2135 3161 suscipiunt
2164 3078 2345 3161 quid-

848 3180 1000 3262 quid
1047 3188 1215 3252 sunt‚
1265 3196 1392 3241 non
1431 3178 1564 3259 jam
1613 3178 2078 3260 imparticipate
2121 3185 2186 3240 et
2232 3195 2347 3258 per

849 3297 938 3352 se,
957 3279 1065 3342 sed
1098 3296 1213 3360 per
1242 3277 1794 3359 participationem
1824 3277 2120 3339 dicentur
2147 3275 2341 3337 tales:

643 3391 822 3436 ibidem.
848 3378 972 3440 nisi
1016 3377 1284 3449 dicatur,
1327 3376 1495 3437 sicut
1536 3383 1682 3437 ante
1725 3375 1968 3438 dictum
2013 3382 2129 3448 est,
2172 3373 2343 3456 quod

848 3476 1110 3541 omnino
1140 3494 1177 3537 a
1206 3474 1413 3556 primo
1441 3474 1794 3556 suscipiant
1823 3473 2134 3555 quidquid
2167 3479 2341 3551 sunt3

847 3575 958 3638 sed
991 3573 1461 3655 imparticipate
1491 3579 1556 3634 et
1586 3591 1700 3653 per
1729 3591 1796 3634 se
1837 3571 2161 3645 dicuntur,
2195 3569 2346 3652 quia

845 3674 980 3736 haec
1024 3672 1310 3753 ipsorum
1350 3669 1705 3753 proprietas
1748 3668 1902 3732 alibi
1947 3687 2073 3731 non
2114 3676 2210 3730 est
2249 3687 2344 3731 56-

844 3771 1128 3834 cundum
1190 3769 1450 3831 modum
1511 3768 1656 3830 talis
1704 3767 1966 3830 ordinis.
2021 3767 2141 3830 Sed
2191 3774 2344 3828 tunc

842 3868 1203 3931 necessario
1245 3865 1565 3949 oportebit
1611 3866 1876 3928 deorum
1924 3866 2003 3927 ad
2050 3865 2343 3946 proprios

839 3969 1099 4032 ordines
1130 3965 1853 4038 determinationem,ad
1887 3982 2213 4026 summum
2248 3983 2341 4026 re-

839 4068 1009 4130 ferre
1059 4065 1364 4148 opificem
1417 4073 1480 4126 et
1537 4062 1950 4126 autobonum.
2006 4063 2342 4144 Quumque

2457 3080 2809 3143 formaliter
2840 3081 3203 3163 participari
3235 3080 3587 3143 secundum
3617 3089 3839 3144 actum
3868 3101 3962 3144 ra-

2455 3180 2646 3242 tionis
2705 3187 2769 3242 et
2825 3179 3263 3261 conceptionis
3321 3186 3584 3254 naturae‚
3644 3179 3817 3242 sicut
3871 3181 3963 3242 ait

2456 3278 2861 3361 PorphyriuS,
2912 3297 3114 3359 genus
3161 3296 3301 3340 esse
3359 3277 3751 3360 principium
3816 3297 3961 3360 spe-

2456 3377 2723 3451 cierum,
2786 3377 3196 3459 speciemque
3264 3394 3522 3438 causam
3594 3376 3961 3440 individuo—

2456 3492 2638 3553 rum;
2670 3475 2762 3535 sic
2791 3473 3096 3536 Platonici
3140 3473 3376 3536 formas
3420 3472 3819 3537 universales
3862 3493 3959 3537 se·

2456 3572 2737 3634 cundum
2787 3590 2922 3634 rem
2966 3579 3285 3653 separatas
3326 3570 3672 3654 ponebant,
3716 3591 3959 3654 easque

2454 3677 2518 3731 et
2575 3688 2611 3731 a
2658 3688 2726 3732 se
2773 3669 3053 3732 invicem
3110 3677 3174 3732 et
3228 3687 3265 3730 a
3320 3669 3779 3750 singularibus,
3828 3671 3957 3733 for-

2456 3768 2707 3831 maliter
2752 3769 3107 3830 secundum
3154 3776 3366 3831 actum
3409 3775 3650 3832 naturae
3698 3769 3959 3850 partici-

2457 3866 2701 3950 pabiles
2752 3866 3218 3930 existimabant.
3268 3867 3545 3948 Ideoque
3593 3868 3744 3930 deos
3795 3867 3959 3930 infe-

2454 3966 2695 4028 riorum
2756 3965 3054 4029 ordinum
3112 3984 3149 4026 a
3206 3965 3629 4048 superpositis
3694 3965 3823 4028 diis
3888 3967 3953 4028 id

2454 4065 2623 4146 quod
2663 4082 3007 4127 commune
3056 4083 3203 4126 eum
3238 4064 3331 4126 eis
3360 4063 3620 4138 habent,
3650 4063 3957 4127 dicebant

842 4166 1054 4229 simile
1102 4165 1400 4246 procedat
1439 4183 1474 4225 a
1513 4162 1732 4234 simili,
1769 4162 2187 4243 proprietates
2228 4180 2339 4224 seu
2371 4162 2420 4225 D
2456 4164 2836 4245 participare
2880 4179 2893 4224 ε
2928 4162 3249 4244 quomodo
3286 4179 3402 4227 nos
3451 4163 3698 4245 species
3744 4181 3955 4244 genus

842 4265 1117 4325 rationes
1158 4261 1584 4324 secundorum
1625 4259 1889 4322 deorum
1928 4276 2183 4322 summo
2212 4261 2340 4323 Deo

841 4359 1351 4445 praeinexsistere
1381 4376 1643 4420 necesse
1675 4375 1933 4439 prorsus
1965 4358 2120 4420 erit:
2156 4365 2217 4420 et
2246 4359 2339 4421 sic

839 4459 1235 4544 principium
1302 4458 1424 4518 erit
1491 4457 1696 4539 prime
1761 4455 1906 4530 tale,
1967 4463 2030 4518 et
2099 4475 2215 4538 per
2272 4475 2339 4520 se

839 4560 1054 4642 ipsum
1112 4555 1559 4619 distinctivum
1618 4555 2064 4617 secundorum.
2117 4556 2338 4637 Itaque

838 4659 961 4722 erit
1001 4655 1418 4729 autobonum,
1464 4661 1527 4716 et
1563 4654 1879 4716 autoentis
1926 4661 1990 4716 et
2037 4655 2337 4718 autovitae

835 4764 902 4819 et
932 4762 1288 4818 ceterorum
1319 4753 1562 4816 habens
1602 4751 2010 4814 excellentias
2041 4772 2183 4833 quae
2215 4753 2337 4815 diis

837 4853 1295 4918 attribuuntur.
1359 4851 1462 4914 Sic
1520 4869 1774 4932 quoque
1832 4850 1912 4911 ab
1979 4867 2054 4912 eo
2120 4851 2338 4912 omnia

840 4953 1208 5016 immediate
1267 4950 1676 5024 emanabunt,
1729 4949 1906 5012 velut
1951 4948 2032 5011 ab
2083 4952 2335 5012 univer-

841 5069 1055 5115 sorum
1100 5049 1448 5131 exemplari
1493 5048 1833 5130 principio,
1868 5066 2075 5129 neque
2119 5066 2336 5111 neces-

839 5150 992 5214 sarii
1022 5157 1212 5211 erunt
1240 5149 1328 5210 dii
1362 5147 1789 5209 secundorum
1820 5147 2138 5208 ordinum.

921 5249 985 5313 Si
1024 5256 1238 5312 autem
1277 5247 1494 5309 dicant
1529 5245 1744 5318 Stoici,
1777 5245 1946 5325 quod
1985 5253 2048 5307 et
2086 5245 2329 5321 dicunt,

2453 4261 2831 4343 participare
2886 4260 3251 4322 asserimus.
3314 4260 3561 4342 Quippe
3618 4261 3787 4343 quod
3860 4261 3955 4324 sic

2451 4358 2745 4442 pluribus
2775 4359 3135 4440 participat,
3166 4377 3203 4420 a
3242 4358 3537 4441 pluribus
3576 4358 3844 4440 produci
3878 4378 3954 4422 ac

2452 4459 2865 4540 compositius
2904 4476 3044 4521 esse
3084 4457 3398 4520 dicebant.
3442 4457 3586 4520 Haec
3626 4457 3821 4538 igitur
3862 4477 3957 4521 se·

2450 4557 2728 4618 cundum
2794 4564 3073 4618 mentem
3142 4562 3206 4618 et
3269 4555 3689 4618 intentionem
3748 4556 3953 4620 Plato·

2449 4656 2738 4719 nieorum
2785 4655 3144 4719 introducta
3184 4663 3333 4718 sunt
3374 4662 3642 4718 tantum.

2746 4855 2755 4859 “
2786 4857 3275 4923 ARTICULUS
3320 4859 3607 4923 XXXII.

2450 4984 2530 5042 In
2565 5001 2690 5060 quo
2720 5001 2759 5039 a
2787 4981 3104 5058 Dionysio
3142 4991 3431 5041 correcta
3460 4984 3545 5042 sit
3573 4983 3953 5047 Platonico·

2527 5091 2677 5130 rum
2702 5071 2964 5144 positiO,
2986 5072 3231 5148 etquid
3248 5072 3549 5130 veritalis
3564 5074 3951 5136 contineant

2526 5179 2599 5218 ea
2629 5179 2774 5238 quoe
2793 5161 3148 5219 secundum
3168 5161 3415 5221 Stoicos
3427 5160 3579 5237 jam
3600 5163 3949 5236 praeindu-

2524 5258 2629 5310 cca
2666 5256 2837 5309 sunt.
3130 5265 3153 5278 ·
