4300 6259
898 458 1019 522 368

1528 478 1607 524 DE:
1648 478 1875 524 Lunum
1914 476 2299 523 cnms'rIANAE
2339 476 2642 535 russomffi,
2687 477 2862 523 LIBER
2901 478 2942 522 1.
2987 496 3068 506 -·
3110 477 3248 525 ΛΒΤ.
3294 477 3369 523 CV

894 642 1065 707 sistit
1092 644 1159 708 in
1198 664 1267 708 se
1309 647 1662 709 secundum
1707 647 2083 710 totalitatem
2126 665 2259 708 suae
2302 664 2395 708 es·
2421 645 2471 707 Α
2584 666 2826 719 cen-naz,
2866 648 3222 708 dicentium
3269 648 3595 709 hominem
3635 648 3814 708 aliud
3848 668 3958 709 non

894 744 1133 819 sentiae,
1176 762 1304 808 non
1350 753 1565 808 autem
1614 746 1967 809 secundum
2018 745 2392 808 totalitatem

893 860 1023 905 suae
1071 844 1411 925 potentiae3
1455 852 1520 906 et
1565 844 1779 907 anima
1828 844 2123 907 subsistit
2171 844 2236 905 in
2278 863 2394 907 suo

890 958 1051 1015 esse,
1088 941 1153 1003 in
1196 949 1508 1025 quantum
1554 962 1694 1006 esse
1738 942 1889 1005 fluit
1929 942 2009 1004 ab
2053 961 2127 1005 ea
2171 960 2394 1004 secun-

888 1040 1043 1101 dum
1074 1058 1448 1122 supremum
1482 1041 1639 1103 illud
1680 1048 1745 1103 et
1780 1041 2071 1103 divinum
2111 1041 2282 1122 quod
2325 1040 2389 1102 in

887 1155 961 1199 ea
1002 1145 1116 1201 est.
1158 1138 1307 1200 Esse
1348 1157 1501 1202 vero
1544 1140 1779 1202 dicitur
1817 1138 1954 1201 fore
1993 1138 2060 1200 in
2100 1138 2386 1213 materia,

888 1236 951 1297 in
1011 1244 1322 1318 quantum
1372 1238 1636 1300 materia
1684 1237 1958 1300 formam
2006 1237 2236 1318 recipit
2285 1238 2388 1299 cui

888 1334 1253 1397 immediate
1286 1336 1520 1409 unitur,
1536 1344 1600 1399 et
1630 1336 2067 1419 participando
2098 1335 2385 1410 formam,

885 1434 1227 1515 participat
1256 1453 1416 1507 esse,
1442 1435 1609 1497 sicut
1638 1434 1991 1497 substantia
2023 1454 2137 1517 per
2168 1454 2386 1516 super-

891 1533 1109 1595 ficiem
1140 1542 1237 1595 est
1266 1535 1632 1617 susceptiva
1669 1534 2005 1596 albedinis.
2040 1570 2120 1579 -—-
2159 1536 2389 1608 Quarta

883 1640 1099 1695 autem
1143 1633 1324 1707 ratio,
1369 1633 1432 1695 iu
1478 1634 1895 1715 responsione
1942 1634 2166 1715 primae
2209 1634 2390 1695 ratio-

884 1730 985 1794 nis
1028 1732 1292 1795 omnino
1335 1733 1541 1796 soluta
1582 1741 1697 1795 est.

2581 756 2710 797 esse
2753 738 2890 796 nisi
2930 738 3224 797 animam
3271 738 3682 797 rationalem.
3723 738 3838 798 Cui
3866 755 3958 812 po-

2581 827 2811 886 sitioni
2863 828 3128 886 videtur
3179 827 3406 903 favere
3459 828 3786 895 Albertus,
3823 828 3957 886 dum

2579 918 2701 984 ait,
2735 918 3090 975 secundum
3135 936 3272 975 rem
3317 917 3490 975 idem
3534 936 3664 975 esse
3703 916 3958 975 animam

2579 1006 2971 1064 rationalem
3030 1013 3090 1063 et
3145 1006 3647 1073 humanitatem,
3694 1012 3752 1062 et
3795 1006 3958 1080 Huqo

2577 1095 2658 1151 de
2713 1095 2785 1153 S.
2831 1094 3103 1164 Victore,
3153 1094 3274 1173 qui
3327 1094 3616 1153 concedit
3673 1094 3958 1153 hominem

2577 1200 2709 1240 esse
2755 1182 3046 1241 animam
3095 1184 3466 1241 dumtaxat.

2632 1335 2684 1397 X
2716 1336 3290 1417 praedeterminatis
3332 1337 3574 1419 quippe
3612 1354 3780 1398 nunc
3811 1336 3961 1418 peni-

2660 1442 2762 1497 tus
2803 1434 3164 1510 innotescit,
3199 1435 3370 1517 quod
3415 1434 3738 1497 rationalis
3777 1436 3963 1497 anima

2503 1534 2856 1595 secundum
2904 1533 3193 1596 divinum
3242 1533 3401 1596 illud
3444 1534 3616 1615 quod
3657 1533 3720 1595 in
3759 1552 3828 1595 ea
3861 1542 3960 1605 est,

2501 1631 2801 1694 videlicet
2861 1631 3348 1707 intellectivum,
3418 1632 3603 1716 ponit
3667 1632 3964 1697 hominem

2499 1732 2565 1792 in
2596 1730 2832 1812 specie,
2865 1731 3107 1812 absque
3139 1730 3258 1793 hoc
3298 1731 3469 1813 quod
3509 1749 3649 1793 esse
3689 1732 3964 1793 rationale

964 1830 1196 1904 Quinta
1226 1830 1489 1914 insuper
1519 1832 1681 1894 ratio
1712 1831 2105 1914 procederet,
2131 1830 2185 1893 si
2216 1838 2386 1892 esset
2421 1824 2468 1886 B
2500 1830 2600 1892 vel
2650 1829 3082 1891 intellectuale
3140 1830 3224 1891 sit
3268 1829 3594 1892 materiale
3634 1849 3746 1892 seu
3787 1830 3964 1891 virtus

882 1929 1098 1991 anima
1128 1928 1425 2013 perfectae
1456 1929 2085 2003 subsistentiae,sicut
2114 1930 2192 1991 de
2225 1929 2384 1991 ideis

884 2028 1045 2089 dixit
1075 2028 1265 2091 Plato.
1302 2028 1492 2090 Inniti
1524 2036 1737 2091 autem
1780 2028 2061 2091 materiae
2099 2036 2164 2090 et
2211 2028 2272 2089 in
2318 2046 2385 2090 se

883 2126 1253 2199 subsistere,
1307 2126 1700 2191 conveniunt
1748 2126 1977 2189 animae
2030 2126 2384 2189 secundum

882 2224 1171 2288 diversos
1187 2226 1418 2306 gradus
1445 2224 1933 2308 perfectionum.
1951 2226 2168 2308 Neque
2194 2244 2386 2288 unum

883 2324 1113 2387 horum
1184 2324 1604 2386 contrariatur
1661 2324 1863 2387 alteri.
1925 2324 2155 2386 Anima
2210 2324 2383 2385 enim

887 2422 952 2485 in
984 2430 1295 2504 quantum
1328 2423 1673 2495 rationaliS,
1697 2431 1791 2485 est
1822 2423 2026 2486 forma
2056 2422 2341 2504 corporis
2368 2438 2382 2483 :

886 2539 1014 2584 non
1044 2529 1257 2584 tamen
1291 2529 1357 2583 ut
1379 2522 1463 2583 sit
1486 2522 1830 2584 materialis
1860 2530 1969 2584 aut
1998 2521 2248 2603 corpori
2281 2521 2388 2584 im-

890 2637 1149 2703 pressa3
1191 2620 1301 2683 sed
1348 2628 1416 2682 ut
1460 2621 1705 2683 dictum
1749 2628 1867 2695 est,
1902 2638 2015 2702 per
2051 2619 2384 2683 inferiores

887 2718 1315 2802 perfectiones
1345 2728 1409 2782 et
1437 2738 1578 2782 esse
1618 2738 1808 2781 suum
1850 2718 2142 2792 inferius,
2177 2717 2387 2801 primo

888 2818 1169 2881 materiae
1210 2818 1742 2900 proportionatur.
1777 2818 2077 2879 Naturam
2107 2816 2386 2897 denique

887 2916 1211 2979 rationalis
1258 2916 1487 2979 animae
1535 2934 1661 2979 non
1712 2916 2128 2998 consequitur
2168 2935 2283 2997 per
2318 2934 2384 2978 se

2498 1927 2804 2009 corporis,
2846 1934 2955 1989 aut
2994 1927 3380 2009 impressum
3427 1928 3722 1991 materiae.
3767 1929 3815 1990 A
3852 1928 3964 1990 Pla-

2499 2034 2643 2089 tone
2674 2026 2848 2087 enim
2879 2033 2944 2087 et
2971 2025 3308 2089 Aristotele
3337 2034 3402 2088 et
3430 2026 3715 2108 ipsorum
3747 2034 3964 2089 secuto-

2497 2124 2675 2187 ribus
2719 2125 3115 2187 concorditer
3156 2125 3552 2207 perhibetur,
3594 2125 3962 2188 intellectum

2496 2242 2636 2285 esse
2677 2230 3062 2306 separatum,
3096 2223 3486 2297 immixtum,
3518 2230 3584 2286 et
3623 2243 3768 2285 cum
3807 2223 3965 2285 nullo

2499 2340 2840 2385 commune
2889 2321 3134 2403 aliquid
3177 2321 3538 2385 habentem.
3585 2324 3758 2396 Quod
3803 2322 3852 2384 si
3895 2322 3964 2385 de

2498 2420 2854 2483 substantia
2895 2421 3125 2483 animae
3167 2420 3577 2485 intellectivae
3613 2421 3964 2503 accipiatur,

2497 2518 2768 2580 habetur
2825 2518 3163 2580 intentum.
3219 2519 3282 2581 Si
3341 2537 3492 2581 vero
3547 2520 3626 2581 de
3683 2518 3964 2601 potentia,

2497 2625 2648 2679 tune
2678 2616 2888 2699 palam
2923 2617 3091 2699 quod
3125 2635 3251 2680 non
3281 2624 3376 2679 est
3418 2618 3702 2699 potentia
3741 2636 3966 2701 separa-

2496 2714 2618 2776 tior
2650 2714 2751 2777 vel
2783 2715 3010 2777 melior
3039 2733 3234 2797 quam
3263 2715 3542 2777 essentia
3576 2736 3615 2777 a
3656 2734 3781 2799 qua
3813 2715 3964 2777 fluit.

2497 2814 2586 2875 Ex
2635 2815 2736 2877 his
2781 2816 2882 2895 (ut
2930 2814 3208 2895 videtur)
3249 2815 3704 2879 convenienter
3746 2816 3969 2878 dictum

2495 2920 2592 2975 est
2621 2932 2657 2975 a
2685 2912 2940 2975 Platone
2977 2921 3042 2975 et
3068 2912 3394 2977 Avicenna
3436 2921 3499 2976 et
3541 2913 3686 2976 aliis
3728 2914 3971 2996 quibus-

886 3022 1051 3078 stare
1101 3014 1387 3097 perfecte
1436 3032 1449 3078 :
1496 3016 1625 3077 imo
1678 3015 1827 3096 quia
1885 3014 2212 3076 rationalis
2264 3021 2379 3089 est,
2420 3012 2462 3075 C
2495 3012 2662 3085 dam,
2698 3012 2868 3094 quod
2911 3012 3101 3074 homo
3141 3030 3266 3074 non
3307 3012 3392 3073 sit
3433 3012 3557 3075 nisi
3595 3013 3807 3075 anima
3839 3014 3971 3074 rati-

882 3112 1075 3176 habet
1104 3115 1181 3176 ad
1212 3131 1442 3195 corpus
1473 3112 1826 3175 naturalem
1860 3111 2322 3175 habitudinem.

962 3213 1056 3275 Ad
1087 3220 1330 3276 sextam
1367 3212 1623 3285 dicitur,
1659 3212 1830 3293 quod
1871 3210 1934 3273 in
1976 3212 2203 3274 eodem
2243 3230 2382 3274 esse

882 3311 1175 3375 subsistit
1202 3310 1415 3373 anima
1444 3310 1598 3372 dum
1639 3315 1928 3391 separata
1970 3318 2086 3383 est,
2121 3316 2186 3371 et
2229 3310 2381 3372 dum

882 3418 979 3473 est
1010 3410 1075 3471 in
1108 3425 1413 3490 corpore3
1446 3408 1555 3470 sed
1605 3406 1671 3469 in
1712 3425 1977 3489 corpore
2023 3414 2145 3470 stat
2187 3408 2379 3470 etiam

882 3507 1002 3571 sub
1060 3526 1199 3570 esse
1257 3507 1472 3580 totiuS,
1527 3524 1640 3588 per
1697 3507 1866 3587 quod
1924 3504 2133 3568 efficit
2189 3525 2382 3589 opera

881 3626 1107 3669 sensus
1138 3612 1203 3669 et
1234 3613 1461 3668 motus,
1498 3605 1619 3667 Sed
1650 3606 1867 3667 omnia
1897 3605 2031 3667 haec
2061 3612 2213 3667 sunt
2247 3606 2380 3686 jam

880 3704 1049 3767 clare
1081 3710 1465 3786 praeostensa
1493 3709 1555 3764 et
1588 3702 1653 3763 in
1684 3701 2064 3783 praecedenti
2089 3702 2376 3766 articulo.

882 3802 990 3865 Est
1025 3803 1201 3864 enim
1240 3801 1462 3864 eadem
1507 3799 1921 3862 subsistentia
1958 3800 2188 3862 animae
2226 3802 2380 3862 dum

882 3901 944 3963 in
993 3919 1260 3983 corpore
1305 3908 1421 3974 est,
1456 3906 1518 3962 et
1560 3899 1713 3961 dum
1759 3906 2047 3979 separata
2090 3905 2186 3961 est
2210 3916 2226 3978 ;
2269 3899 2378 3961 sed

880 4018 1009 4063 non
1058 4007 1156 4062 est
1198 3999 1367 4061 idem
1415 3998 1642 4061 modus
1691 3996 2102 4059 subsistendi.
2148 4033 2230 4041 —
2270 3998 2382 4060 Re-

878 4098 1140 4180 sponsio
1169 4096 1495 4178 sequentis
1527 4096 1790 4158 rationis
1832 4094 2200 4176 frequenter
2237 4096 2381 4157 data

2492 3110 2716 3173 onaliS.
2753 3110 2996 3192 Corpus
3039 3111 3213 3174 enim
3257 3110 3421 3174 nihil
3465 3110 3744 3193 pertinet
3769 3112 3844 3175 ad
3879 3130 3975 3173 na·

2493 3219 2702 3273 turam
2749 3210 3199 3273 intellectualis
3249 3209 3684 3292 perfectionis.
3717 3211 3868 3274 Nam
3911 3217 3973 3272 ut

2495 3309 2939 3391 multipliciter
2988 3307 3414 3391 praehabitum
3457 3316 3575 3383 est,
3621 3328 3760 3373 esse
3801 3310 3972 3371 ratio-

2493 3408 2634 3471 nale
2678 3408 2779 3470 vel
2820 3408 3313 3482 intellectivum,
3349 3409 3414 3469 in
3459 3407 3594 3470 sola
3636 3408 3973 3471 substantia

2491 3508 2720 3570 animae
2750 3507 3070 3569 radicatur
3104 3524 3116 3569 :
3151 3506 3336 3569 aliter
3367 3506 3820 3571 inevitabiliter
3847 3526 3974 3590 pro-

2493 3606 2745 3669 cederet
2772 3606 2931 3668 ratio
2963 3606 3512 3679 CommentatoriS‚
3542 3607 3713 3687 quod
3745 3607 3976 3671 scilicet

2495 3705 2615 3767 tale
2661 3723 2802 3767 esse
2859 3712 3028 3767 esset
3085 3704 3411 3767 materiale
3467 3712 3532 3767 et
3586 3724 3704 3787 per
3759 3724 3974 3789 corpus

2491 3822 2782 3886 operanS,
2843 3805 3011 3865 sicut
3060 3804 3260 3866 virtus
3315 3804 3621 3885 corpori5‚
3663 3812 3735 3867 ut
3771 3806 3972 3883 visus3

2490 3922 2694 3984 neque
2725 3902 3004 3985 potentia
3035 3902 3424 3965 intellectiva
3451 3908 3516 3964 et
3543 3902 3976 3967 intellectualis

2490 4001 2774 4082 operatio
2833 3999 3348 4081 subjectat-entur
3395 4000 3463 4062 in
3521 4002 3657 4064 sola
3711 4002 3977 4065 essentia

2489 4100 2740 4174 animae,
2805 4101 2914 4162 sed
2975 4099 3260 4180 perirent
3317 4099 3641 4163 destructo
3699 4119 3970 4184 corpore.

879 4205 992 4262 est.
1014 4197 1152 4260 Non
1182 4196 1355 4259 enim
1387 4203 1484 4257 est
1511 4195 1725 4257 anima
1754 4213 1791 4255 a
1822 4194 2087 4256 materia
2114 4194 2379 4257 omnino
2408 4201 2458 4262 D
2490 4198 2796 4272 Quoniam
2846 4216 2997 4279 ergo
3045 4197 3238 4261 homo
3287 4196 3522 4260 dicitur
3567 4218 3606 4260 a
3651 4207 3874 4262 natura
3919 4207 3976 4262 et

879 4292 1496 4376 comprehensibilis.
1515 4292 1636 4355 Sed
1665 4291 1787 4353 boc
1816 4309 2040 4353 verum
2072 4292 2378 4373 est,quod

878 4393 1241 4456 intellectus
1291 4391 1357 4453 in
1408 4407 1694 4471 corpore,
1744 4389 1809 4452 in
1859 4389 2081 4451 multis
2130 4390 2380 4470 cogitur

878 4492 1129 4575 operari
1188 4490 1544 4553 secundum
1612 4487 1985 4570 qualitatem
2046 4489 2373 4570 corporis;

877 4610 1005 4655 non
1082 4598 1297 4653 tamen
1369 4589 1677 4669 recipitur
1742 4588 1808 4649 in
1878 4587 2142 4649 materia
2209 4587 2378 4650 sicut

874 4698 1077 4765 actus,
1109 4708 1311 4772 quum
1343 4688 1427 4751 sit
1457 4686 1810 4750 immixtus.
1832 4686 2160 4749 —Ultima
2190 4686 2371 4760 ratic,

875 4808 1006 4872 prae
1048 4788 1277 4851 ceteris
1320 4787 1571 4861 clarior,
1605 4786 1810 4848 soluta
1852 4792 1966 4847 est.

1290 5050 1780 5116 ARTICULUS
1819 5051 1953 5116 GV.

875 5194 1051 5262 Quid
1092 5194 1395 5251 veritatis
1432 5194 1759 5252 contineat
1808 5201 1869 5251 et
1911 5194 2202 5271 qualiter
2239 5212 2372 5253 sus-

958 5284 1162 5349 tineri
1208 5282 1414 5359 possit
1464 5282 1704 5357 positio
1748 5284 2053 5345 Platonis
2106 5292 2170 5342 et
2209 5285 2372 5345 Avi-

2490 4295 2880 4380 perfectione
2918 4305 2982 4359 et
3020 4296 3386 4378 operatione
3418 4296 3702 4371 rationis,
3735 4298 3978 4361 videtur

2490 4413 2747 4477 prorsus
2778 4395 2991 4457 anima
3023 4393 3413 4457 intellectiva
3443 4412 3582 4457 esse
3613 4395 3676 4457 id
3699 4397 3861 4477 quod
3887 4404 3977 4459 est

2485 4494 2697 4567 homo,
2750 4494 2928 4575 quasi
2963 4494 3056 4555 -in
3105 4511 3173 4555 se
3223 4492 3464 4555 habens
3511 4512 3654 4576 quae
3707 4493 3784 4557 ad
3843 4514 3976 4558 esse

2485 4594 2764 4657 hominis
2807 4592 3165 4655 sufficiunt.

2564 4693 2890 4767 Praeterea,
2951 4691 3318 4755 Aristoteles
3387 4708 3553 4754 nono
3611 4692 3974 4757 Ethicorurn

2484 4790 2661 4866 dicit,
2703 4792 2872 4873 quod
2917 4790 3108 4853 bomo
3137 4798 3234 4853 est
3261 4810 3416 4853 suus
3447 4790 3828 4854 intellectus.
3862 4792 3976 4856 Ad·

2483 4889 2630 4961 huc,
2679 4888 2847 4950 idem
2895 4888 3066 4969 quod
3114 4906 3287 4949 nunc
3336 4896 3617 4950 meretur
3657 4897 3722 4951 et
3765 4889 3977 4953 deme·

2483 4996 2678 5061 retur,
2710 4987 2943 5068 gaudet
2985 4994 3050 5049 et
3088 4986 3518 5061 contristatur,
3553 4996 3698 5069 post
3736 5006 3977 5071 separa·

2483 5087 2722 5149 tionem
2780 5086 3010 5149 animae
3058 5093 3122 5148 et
3171 5086 3456 5168 corporis
3507 5097 3972 5163 remuneratur,

2482 5192 2546 5247 et
2575 5185 2841 5257 laetatur,
2875 5185 2976 5246 vel
3009 5190 3273 5263 moeret3
3307 5184 3417 5247 sed
3461 5192 3602 5266 post
3641 5189 3976 5267 separatio-

2483 5302 2630 5347 nem
2662 5282 2796 5345 sola
2831 5282 3047 5345 anima
3086 5289 3302 5345 manet
3333 5298 3348 5346 :
3381 5282 3492 5345 illa
3533 5300 3685 5366 ergo
3731 5284 3797 5347 in
3845 5304 3974 5350 cor·
