4300 6259
959 521 1037 566 DE
1077 519 1306 566 Lmnmt
1349 519 1730 566 cnnlsrtANAE
1771 519 2074 576 rumam,
2121 519 2299 566 uum
2342 522 2381 566 1.
2428 539 2507 550 --
2548 522 2688 568 ΛΒΤ.
2734 523 2925 568 ΧΧΧΙΧ

3366 505 3483 570 281

451 691 1096 774 Verumtamen‚quia
1121 690 1184 752 in
1213 689 1720 753 incommutabili
1741 697 1888 753 ente
1917 691 1968 754 A
1997 689 2301 774 chetypas
2332 691 2568 756 formas
2602 693 2665 756 in
2698 711 2765 756 se
2804 700 2869 756 et
2904 711 2982 755 ex
3023 711 3091 756 se
3130 699 3491 775 conceptas,

393 789 756 853 necessario
783 797 882 852 est
909 807 1164 872 semper
1192 789 1504 872 quidquid
1536 789 1668 852 illic
1697 788 1890 852 semel

393 887 610 958 fuerit,
679 888 824 952 ideo
891 887 1110 951 divina
1179 887 1472 950 voluntas
1539 887 1890 950 immobilis

391 987 876 1069 complacentiae
923 986 1178 1048 dicitur.
1231 987 1398 1050 Deus
1453 987 1696 1070 quippe
1751 986 1892 1048 vult

391 1103 462 1148 se
505 1085 718 1167 ipsum
769 1085 1151 1160 necessario,
1191 1105 1390 1168 quum
1439 1086 1521 1148 sit
1569 1085 1708 1168 ipse
1765 1084 1890 1148 sibi

391 1184 680 1246 ultimata
709 1184 984 1247 felicitas
1011 1192 1076 1246 et
1105 1183 1256 1246 finis
1287 1184 1571 1247 ultimus.
1606 1183 1744 1248 Alia
1781 1203 1888 1246 au-

393 1291 522 1345 tem
581 1283 722 1344 vult
769 1282 993 1356 libere,
1045 1291 1116 1344 ut
1163 1289 1490 1346 ostensum
1549 1291 1645 1345 est
1697 1300 1710 1344 :
1763 1300 1888 1345 non

391 1382 566 1444 enim
599 1381 836 1444 habent
861 1382 1286 1444 necessariam
1331 1381 1770 1444 habitudinem
1811 1383 1890 1444 ad

391 1478 596 1540 finem
653 1479 888 1542 divinae
943 1479 1306 1542 voluntatis.
1357 1479 1660 1542 Voluntas
1719 1498 1894 1542 nam·

394 1595 518 1658 que
557 1596 632 1640 ea
675 1596 818 1660 quae
861 1585 1012 1639 sunt
1055 1577 1118 1640 in
1165 1576 1366 1640 finem
1419 1596 1544 1641 non
1589 1577 1728 1639 vult
1767 1578 1890 1640 nisi

389 1675 746 1738 secundum
789 1675 960 1758 quod
991 1676 1068 1738 ad
1099 1674 1300 1738 finem
1331 1683 1482 1738 sunt
1511 1676 1886 1738 necessaria.

391 1773 730 1856 Quumque
787 1773 956 1836 Deus
1022 1773 1088 1835 in
1153 1791 1222 1836 se
1289 1774 1430 1856 ipso
1489 1793 1602 1855 per
1661 1792 1888 1856 puram

1997 790 2293 870 producit
2356 792 2613 854 divinus
2680 792 3060 854 intellectus
3138 793 3277 874 lpse
3344 807 3495 872 ergo

1997 895 2227 950 cuncta
2260 889 2323 951 in
2366 891 2641 974 propriis
2681 890 3119 954 essentialium
3160 889 3495 972 perfectio-

1998 1003 2153 1046 num
2202 987 2505 1067 gradibus
2554 989 2883 1050 constituit
2925 1005 2939 1050 :
2982 996 3079 1050 est
3127 987 3319 1069 igitur
3360 987 3497 1049 uni-

1997 1100 2329 1146 versorum
2376 1085 2619 1148 ordinis
2668 1086 3099 1168 primordialis
3140 1084 3335 1166 origo.
3380 1085 3495 1146 lta-

2000 1199 2124 1262 que
2164 1182 2559 1264 sapientialis
2590 1191 2685 1245 est
2715 1185 2961 1246 entium
3001 1203 3037 1246 a
3076 1184 3205 1246 Deo
3244 1183 3497 1246 excelso

1999 1279 2273 1342 causalis
2302 1281 2587 1343 diffusio.
2622 1281 2741 1344 Sed
2786 1282 2905 1344 hoe
2944 1281 3259 1364 posterius
3299 1280 3494 1342 clare-

2001 1375 2094 1438 bit
2134 1377 2408 1459 plenius,
2442 1415 2521 1424 —
2554 1381 2813 1454 RursuS‚
2851 1379 3153 1463 quoniam
3181 1379 3313 1460 jam
3356 1395 3495 1460 pro·

1999 1473 2219 1536 batum
2251 1485 2347 1538 est
2376 1477 2657 1560 primum
2689 1479 3057 1541 omnimode
3098 1477 3371 1540 liberum
3404 1493 3497 1538 es·

2001 1591 2090 1646 se,
2124 1581 2189 1635 et
2218 1577 2411 1638 totius
2452 1575 2761 1638 libertatis
2802 1577 3065 1648 fontem,
3098 1581 3343 1638 constat
3382 1593 3497 1636 cur

2001 1670 2201 1734 libera
2242 1673 2367 1736 dici
2414 1674 2617 1736 valeat
2666 1675 2884 1736 mundi
2930 1673 3194 1736 molitio.

2081 1771 2369 1854 Denique
2400 1774 2751 1834 secundum
2784 1772 3327 1846 Aristotelem,ars
3358 1769 3497 1832 imi-

389 1889 570 1932 suam
605 1869 952 1934 bonitatem
993 1871 1076 1933 sit
1117 1871 1498 1953 simpliciter
1539 1871 1717 1944 felix,
1753 1891 1890 1954 per·
1920 1877 1964 1939 B
2003 1875 2169 1930 tatur
2199 1877 2511 1933 naturam.
2548 1871 2665 1932 Sed
2708 1879 2769 1933 et
2811 1879 3035 1933 natura
3074 1870 3359 1932 imitatur
3400 1888 3497 1930 ar-

387 1967 618 2041 fectuS,
671 1977 734 2032 et
771 1969 1254 2051 quomodolibet
1297 1967 1526 2042 bonuS,
1577 1970 1668 2033 nil
1711 1979 1890 2032 extra

386 2085 536 2129 eum
571 2068 1006 2130 necessarium
1037 2068 1328 2130 ordinem
1360 2066 1552 2130 habet
1576 2069 1656 2130 ad
1685 2069 1886 2131 finem

387 2164 622 2228 divinae
665 2164 1090 2229 subsistentiae
1133 2173 1196 2228 et
1235 2165 1510 2228 ultimati
1553 2166 1744 2246 finis3
1777 2167 1888 2230 sed

387 2262 626 2324 dicitur
662 2263 828 2325 Deus
867 2263 1082 2345 aliqua
1117 2283 1156 2326 a
1192 2283 1260 2326 se
1299 2264 1464 2326 velle
1505 2266 1885 2340 necessarie,

387 2361 634 2423 ratione
663 2379 796 2424 suae
827 2361 1176 2424 immobilis
1205 2361 1684 2445 complacentiae
1711 2380 1726 2424 :
1755 2363 1888 2426 haec

387 2475 542 2521 vero
571 2459 916 2522 necessitas
945 2478 1072 2523 non
1101 2460 1224 2522 nisi
1255 2459 1638 2522 conditionis
1667 2469 1764 2524 est
1787 2462 1888 2524 vel

387 2575 466 2618 ex
509 2556 878 2639 hypothesi.

468 2655 714 2728 Denuo,
765 2663 862 2718 est
909 2654 1202 2718 voluntas
1242 2675 1386 2739 quae
1429 2665 1526 2718 est
1567 2657 1890 2739 appetitus

387 2751 480 2814 rei
541 2751 932 2826 deficientis,
994 2771 1185 2835 quarn
1245 2754 1506 2836 quidam
1564 2755 1892 2836 appellant

385 2849 750 2932 appetitum
801 2851 1102 2913 desiderii
1153 2869 1168 2912 :
1215 2859 1280 2914 et
1325 2852 1774 2934 hujuscemodi
1825 2853 1888 2915 in

385 2949 522 3012 Deo
551 2966 678 3011 non
709 2956 824 3012 est.
863 2947 937 3010 Et
977 2948 1055 3011 de
1096 2949 1212 3011 hac
1252 2950 1578 3013 voluntate
1621 2952 1888 3034 loquun-

1999 1975 2150 2029 tcm.
2174 1967 2280 2030 Est
2310 1970 2547 2032 etenim
2576 1989 2677 2032 ars
2708 1989 2849 2053 quae
2880 1976 3176 2032 causatur
3203 1988 3239 2031 a
3269 1967 3491 2030 rebus:

1999 2073 2062 2128 et
2101 2066 2235 2129 haec
2275 2067 2554 2131 humana
2583 2077 2699 2138 est,
2735 2068 2939 2148 legem
2986 2067 3208 2149 utique
3254 2073 3495 2129 naturae

2001 2164 2278 2226 imitans,
2314 2166 2423 2227 Est
2465 2166 2697 2228 iterum
2737 2185 2838 2229 ars
2880 2185 3021 2249 quae
3062 2183 3274 2228 rerum
3306 2183 3497 2226 causa

1999 2270 2116 2336 est,
2158 2273 2223 2326 et
2276 2271 2567 2327 naturam
2628 2266 2831 2346 ipsam
2892 2264 3305 2327 constituens.
3360 2263 3493 2324 Jam

2003 2380 2281 2442 namque
2326 2363 2569 2424 dietum
2617 2371 2734 2433 est,
2770 2363 2939 2446 quod
2984 2369 3209 2424 natura
3256 2361 3499 2441 regitur

1999 2457 2081 2520 ab
2137 2457 2463 2522 infallibili
2538 2469 2599 2524 et
2676 2459 3091 2522 intellectuali
3154 2459 3492 2542 principio.

2001 2557 2142 2618 Haec
2175 2576 2431 2640 quoque
2463 2577 2611 2620 vera
2640 2567 2810 2630 sunt,
2830 2559 2965 2620 sive
2998 2565 3222 2620 natura
3250 2557 3497 2619 dicatur

2001 2654 2203 2717 virtus
2236 2655 2475 2718 diffusa
2520 2656 2583 2717 in
2630 2655 2937 2718 coelorum
2970 2655 3367 2726 substantiiS,
3399 2672 3496 2716 or-

2000 2752 2319 2834 bibusque
2358 2761 2421 2816 et
2458 2753 2643 2815 astris
2684 2753 2994 2834 impressa
3034 2760 3329 2836 potestaS,
3362 2753 3497 2814 sive

2000 2850 2407 2913 sensibilium
2458 2851 2817 2932 specierum
2870 2857 3111 2923 catena,
3157 2859 3267 2912 aut
3303 2851 3493 2913 etiam

2003 2949 2287 3030 ipsarum
2336 2950 2641 3012 naturalis
2691 2949 2791 3012 lex
2836 2957 3027 3031 atque
3074 2949 3429 3031 proprietas
3479 2967 3491 3010 ε

384 3054 492 3108 tur
537 3046 1064 3128 philosophorum
1111 3047 1428 3120 melioreS,
1472 3059 1772 3130 negantes
1823 3050 1886 3112 in
1919 3053 1964 3118 C
2001 3047 2217 3110 omnia
2250 3067 2479 3130 nempe
2512 3048 2643 3111 haec
2674 3047 2755 3111 ab
2786 3047 3217 3110 intellectibus
3248 3066 3495 3130 separa-

383 3146 600 3227 primo
631 3145 1024 3208 voluntatem
1063 3164 1226 3218 esse,
1257 3147 1624 3210 Aristoteles
1670 3148 1890 3211 videli-

383 3251 512 3318 cet,
551 3244 883 3316 AverroeS,
931 3243 1274 3314 Avicenna‚
1317 3245 1786 3327 Theophrastus
1827 3256 1889 3309 et

381 3341 798 3424 Porphyrius.

713 3605 1204 3670 ARTICULUS
1254 3607 1570 3670 XXXIX.

387 3757 578 3823 Quod
605 3755 910 3814 universi
935 3775 976 3812 a
999 3756 1218 3830 primo
1253 3757 1599 3830 proeessz'O,
1631 3775 1758 3816 non
1794 3757 1890 3816 in-

464 3852 908 3920 conqruenter
963 3845 1377 3918 sapientialae's
1433 3864 1508 3902 ac
1567 3846 1774 3904 libera
1831 3855 1890 3904 ec

467 3941 788 4011 tanquam
817 3932 1196 4008 artificialis
1226 3935 1614 4008 appelletur.

521 4127 886 4200 NIMVERO,
905 4128 1056 4190 dum
1089 4129 1447 4210 producens
1479 4129 1714 4191 nedum
1748 4149 1890 4192 eau-

1997 3147 2080 3208 tis
2111 3145 2567 3228 gubernantur.
2596 3146 2807 3218 Porro,
2833 3165 3031 3228 quum
3064 3164 3225 3228 opus
3257 3153 3495 3209 naturae

1998 3254 2061 3308 et
2101 3245 2537 3325 intelligentiae
2576 3247 2659 3306 sit
2695 3262 2857 3326 opus
2898 3245 3121 3328 primae
3160 3264 3387 3317 causae,
3420 3263 3497 3306 eo

1997 3344 2169 3427 quod
2200 3342 2481 3425 primum
2515 3343 2599 3404 sit
2626 3343 2959 3406 fontanum
2990 3362 3238 3424 regenS,
3260 3344 3496 3406 omnis-

1997 3461 2122 3523 que
2156 3441 2459 3503 naturalis
2492 3441 2647 3522 legis
2678 3441 2933 3504 fontalis
2976 3441 3334 3520 institutor3
3366 3449 3493 3503 tam

1996 3558 2096 3603 ars
2139 3547 2353 3602 nostra
2398 3559 2591 3622 quam
2636 3548 2879 3613 natura,
2914 3559 2985 3602 ac
3028 3540 3221 3602 etiam
3254 3539 3497 3602 intelle-

1997 3638 2306 3700 ctualium
2328 3639 3126 3720 supermundanorumque
3145 3637 3499 3719 gubernan-

1997 3736 2163 3798 tium
2194 3743 2435 3808 catena‚
2470 3736 2671 3797 divini
2713 3736 3075 3798 intellectus
3112 3744 3313 3798 artem
3357 3736 3497 3798 imi-

1998 3843 2187 3897 tatur.
2224 3834 2483 3916 Propter
2511 3834 2683 3916 quod
2714 3851 2841 3896 non
2874 3835 3089 3914 inepte
3118 3853 3155 3895 a
3184 3834 3496 3915 theologis

2001 3933 2295 3996 laudatur
2322 3932 2491 3994 Deus
2520 3951 2621 3994 ars
2652 3932 3007 3995 rationibus
3048 3932 3254 4014 plena.
3292 3934 3367 3995 Et
3408 3933 3496 3994 vi-

1999 4031 2188 4094 detur
2236 4031 2299 4093 id
2350 4031 2560 4112 ipsum
2612 4028 2693 4091 ab
2740 4029 3130 4112 Alphorabio
3180 4031 3497 4112 praeindu-

1999 4137 2175 4191 ctum
2201 4129 2481 4210 :quippe
2511 4147 2635 4203 ars,
2660 4135 2831 4190 recta
2862 4147 3075 4190 rerum
3110 4126 3495 4190 factibilium

553 4234 834 4289 satorum
865 4225 1284 4288 substantiam
1328 4227 1644 4308 producit,
1677 4229 1786 4290 sed
1826 4237 1890 4290 et
1917 4227 1969 4292 D
2000 4228 2158 4290 ratio
2206 4227 2590 4289 nominatur.
2644 4227 2917 4309 Ideoque
2966 4226 3201 4289 ideales
3250 4227 3495 4289 entium

381 4327 680 4388 ordinem
729 4324 856 4387 illis
903 4324 1185 4406 largitur,
1217 4324 1680 4407 sapientialiter
1709 4327 1837 4408 agit
1871 4345 1884 4390 :

381 4423 600 4486 omnis
631 4423 874 4504 quippe
905 4423 1241 4485 multitudo
1270 4424 1494 4486 ordine
1525 4441 1745 4487 carens
1777 4426 1892 4487 im-

381 4521 673 4604 perfecta
705 4537 966 4602 prorsus
995 4529 1108 4582 est.
1131 4521 1411 4584 Primum
1440 4529 1654 4584 autem
1688 4523 1890 4604 perse-

377 4620 750 4682 ctissimum
779 4627 876 4682 est
904 4637 1120 4700 agens,
1153 4619 1510 4682 seeundum
1539 4620 1884 4685 Platonem.

379 4719 518 4782 Non
565 4719 762 4799 igitur
799 4717 984 4780 decet
1023 4717 1180 4780 illud
1225 4717 1675 4800 imperfectum
1725 4739 1888 4803 opus

383 4819 742 4900 producere
777 4834 792 4879 :
837 4817 1076 4879 nedum
1117 4835 1268 4898 ergo
1311 4817 1658 4880 multorum
1699 4839 1890 4882 causa

381 4926 504 4992 est,
539 4917 652 4980 sed
681 4925 746 4979 et
774 4916 1020 4980 ordinis
1053 4915 1312 4997 largitor
1340 4923 1454 4978 est.
1483 4917 1888 4999 Sapientialis

379 5023 478 5078 est
509 5032 664 5096 ergo
693 5015 1144 5077 universorum
1181 5034 1218 5076 a
1259 5015 1386 5077 Deo
1425 5014 1688 5077 sublimi
1729 5016 1888 5079 deri-

379 5115 576 5176 vatio.
613 5112 860 5187 Adhuc,
893 5113 1250 5175 secundum
1287 5113 1612 5175 Platonem
1649 5120 1712 5174 et
1742 5114 1886 5176 Avi-

379 5211 944 5292 cebron‚primum
973 5210 1102 5291 agit
1133 5227 1246 5291 per
1277 5210 1586 5274 rationem
1619 5211 1886 5274 interius

377 5316 896 5394 praeconceptam
931 5325 946 5370 ε
979 5308 1111 5371 imo
1149 5309 1368 5372 omnia
1406 5309 1762 5372 secundum
1791 5329 1886 5372 ar-

1997 4326 2453 4390 similitudines
2482 4345 2625 4408 quae
2656 4327 2720 4388 in
2761 4325 2889 4388 Deo
2928 4334 3095 4400 sunt,
3126 4345 3227 4389 ars
3263 4325 3497 4388 divinae

2000 4426 2233 4487 mentis
2257 4427 2493 4506 optime
2518 4424 2862 4506 profantur,
2878 4443 3069 4507 quum
3095 4424 3221 4487 sint
3245 4424 3495 4486 univer-

1999 4543 2215 4588 sorum
2250 4523 2623 4604 productiva
2654 4522 2972 4606 principia
3000 4531 3065 4585 et
3094 4543 3307 4586 rerum
3340 4523 3497 4585 ratio

2001 4631 2173 4685 recta
2206 4640 2221 4684 t
2258 4622 2387 4684 imo
2418 4639 2545 4684 non
2578 4622 2908 4684 dumtaxat
2938 4629 3129 4696 recta,
3162 4622 3271 4684 sed
3302 4622 3497 4684 totius

1999 4719 2403 4783 rectitudinis
2448 4738 2764 4782 mensura.

2081 4818 2169 4880 Ex
2212 4817 2312 4878 his
2354 4817 2653 4900 equidem
2679 4817 2813 4899 jam
2854 4817 3161 4880 elucescit
3198 4819 3499 4899 quemad-

1999 4917 2261 4978 modum
2294 4915 2539 4978 entium
2566 4915 2888 4998 processio
2907 4935 2943 4978 a
2963 4915 3497 4997 supersplendido

1997 5015 2203 5076 divini
2246 5013 2511 5076 luminis
2555 5014 2749 5087 fonte,
2784 5012 3141 5075 artificialis
3188 5013 3314 5076 dici
3358 5033 3497 5096 pos-

2001 5114 2102 5174 sit.
2131 5113 2383 5176 Etenim
2416 5113 2769 5175 secundum
2785 5110 3189 5176 Aristotelem
3222 5114 3493 5193 septimo

1999 5211 2225 5274 Primae
2258 5210 2695 5294 philosophiae,
2728 5211 2955 5272 domus
2996 5217 3091 5272 est
3120 5229 3155 5272 a
3186 5211 3395 5284 domo,
3430 5221 3494 5274 et

1995 5310 2231 5373 sanitas
2259 5328 2298 5373 a
2326 5310 2593 5374 sanitate
2628 5327 2643 5372 z
2675 5310 2905 5374 domus
2934 5309 3197 5392 quidem
3226 5310 3493 5374 sensibi-
