4300 6259
525 1451 542 1498 1
561 1452 663 1498 Cor.
680 1466 738 1505 xi,
750 1455 786 1498 3.

559 3705 605 3748 E
601 3705 729 3761 phet.

535 3771 597 3811 10.

813 464 936 532 204
1429 483 1852 530 ananam-Ario
1891 479 2288 528 TnaonofflcA.
2335 497 2416 510 -
2456 480 2534 526 ne
2576 479 3038 527 memmi-iona·
3081 478 3320 527 cums‘rt

816 661 953 719 stus
999 672 1013 719 :
1061 642 1182 719 cui
1216 657 1572 720 secundum
1614 655 1896 719 animam
1940 671 2122 716 suam
2170 670 2317 715 con·
2342 651 2397 714 A
2426 651 2537 726 tia,
2581 650 2888 716 sustinuit
2930 660 3162 716 cuncta
3203 649 3645 722 ineffabiliter,
3687 645 3961 710 malens

816 755 997 817 venit
1037 773 1178 818 esse
1219 763 1412 838 caput
1454 754 1850 836 angelorum,
1883 769 2012 816 non
2060 750 2317 833 proprie
2428 750 2539 812 illa
2584 751 2801 815 omnia
2858 753 2987 834 pati
3046 770 3240 834 quam
3297 767 3501 832 genus
3549 746 3761 830 perire
3822 745 3961 808 hu-

818 860 1130 934 quantum
1160 854 1237 916 ad
1268 870 1521 934 corpus.
1553 852 1875 914 Postremo
1907 849 2196 914 Christus
2226 866 2319 910 se-

819 951 1102 1014 eundum
1134 957 1424 1014 naturam
1456 950 1741 1012 divinam
1781 955 1974 1031 caput
2009 954 2106 1010 est
2145 947 2317 1029 prin-

818 1048 1027 1131 cipale
1054 1049 1343 1112 omnium
1377 1048 1927 1122 electorum,sicut
1953 1054 2018 1109 et
2045 1043 2318 1108 Trinitas

818 1165 1092 1222 summa,
1123 1166 1266 1229 quae
1309 1167 1475 1209 unus
1514 1153 1612 1209 est
1651 1147 1842 1220 Deus,
1876 1142 2319 1227 principaliter

819 1244 1038 1307 influit
1077 1263 1336 1308 omnem
1374 1245 1592 1326 gratiae
1637 1263 1708 1306 ac
1750 1243 1966 1324 gloriae
1998 1242 2217 1314 vitam,
2253 1246 2320 1302 et

818 1359 1077 1406 omnem
1118 1350 1333 1404 actum
1363 1343 1697 1416 virtutum,
1731 1358 1931 1424 quum
1961 1346 2026 1402 et
2053 1339 2316 1421 Aposto-

818 1440 918 1503 lus
947 1439 1221 1504 fateatur
1253 1457 1267 1502 :
1302 1439 1504 1522 Caput
1543 1440 1799 1514 Christi,
1832 1439 2018 1501 Deus.
2055 1435 2311 1510 Christi,

816 1537 1102 1620 inquam,
1120 1546 1190 1601 ut
1214 1539 1513 1601 hominis.
1535 1537 1900 1600 Secundum
1919 1542 2313 1616 assumptam

814 1655 968 1700 vero
1009 1645 1326 1711 naturam,
1369 1655 1559 1699 causa
1601 1642 1698 1699 est
1740 1635 1956 1716 gratiae
2003 1653 2076 1697 ac
2121 1633 2316 1696 virtu-

813 1743 953 1798 tum
990 1735 1334 1810 meritoria,
1359 1734 1756 1808 secundaria,
1781 1730 2310 1795 instrumentalis.

1141 1942 1661 2008 PROPOSITIO
1710 1941 1982 2007 CXXII.

896 2126 1170 2192 Passio
1239 2125 1567 2203 Christi,
1639 2140 1737 2192 ex
1807 2126 2034 2205 parte
2103 2126 2317 2206 passi

817 2238 1124 2290 summe
1184 2224 1600 2289 meritoria
1651 2224 1735 2288 et
1778 2221 2317 2289 fructuosissi-

816 2336 947 2388 ma
991 2320 1170 2388 fuit.

899 2418 1077 2492 Quod
1125 2424 1243 2491 est,
1292 2417 1595 2500 quoniam
1646 2417 2007 2499 passionem
2052 2425 2114 2480 et
2158 2435 2320 2480 mor-

817 2523 949 2578 tem
990 2535 1069 2578 ex
1107 2514 1578 2598 perfectissima
1615 2521 1680 2576 et
1715 2514 2189 2578 ferventissima
2225 2515 2319 2576 di-

817 2614 1090 2678 lectione
1149 2613 1260 2677 Dei
1327 2621 1390 2676 et
1447 2613 1784 2676 hominum
1845 2613 2202 2696 acceptavit
2258 2621 2320 2674 et

815 2712 1100 2795 pertulit,
1135 2729 1370 2794 easque
1399 2711 1478 2774 ad
1508 2711 1707 2774 Patris
1748 2711 2056 2774 honorem
2102 2718 2167 2772 et
2210 2711 2318 2773 ho-

818 2811 1068 2872 minum
1109 2810 1431 2873 ordinavit
1479 2810 1774 2884 salutem,
1826 2809 2319 2873 aestuantissime

816 2908 1084 2989 cupiens
1129 2926 1243 2989 per
1281 2925 1387 2970 eas
1435 2907 1800 2989 recuperari
1839 2906 2318 2969 honorificenti-

2430 867 2691 912 manum
2727 867 2741 912 :
2778 849 2919 912 ideo
2965 847 3416 913 liberalissime
3462 865 3531 910 se
3571 853 3781 908 totum
3822 859 3963 925 pro

2430 946 2603 1010 illius
2647 947 2998 1011 salvatione
3043 946 3359 1030 exposuit.
3408 946 3538 1010 Nec
3586 942 3801 1008 solum
3854 941 3963 1004 di-

2426 1053 2655 1127 gnatus
2712 1053 2810 1109 est
2868 1047 3031 1110 mori
3089 1063 3206 1129 pro
3265 1063 3458 1109 causa
3511 1051 3644 1106 tam
3690 1040 3961 1105 salubri

2429 1152 2493 1207 et
2522 1144 2647 1226 pia,
2683 1145 2811 1207 imo
2841 1145 3035 1207 etiam
3077 1142 3763 1226 ignominiosissimum
3807 1138 3959 1202 val-

2428 1243 2634 1324 deque
2674 1243 3049 1305 diuturnum
3088 1250 3153 1306 et
3193 1241 3686 1305 acerbissimum
3728 1256 3958 1320 genus

2430 1341 2651 1404 mortis
2681 1340 2812 1423 pati
2844 1340 3058 1422 elegit,
3091 1347 3406 1422 quatenus
3436 1336 3760 1420 copiosius
3788 1335 3961 1398 sub-

2427 1439 2674 1501 veniret
2716 1438 3110 1513 hominibus,
3152 1445 3217 1501 et
3258 1435 3789 1500 abundantiorem
3844 1433 3959 1496 eis

2424 1537 2694 1618 gratiam
2725 1544 3098 1611 mereretur,
3114 1535 3496 1619 perfectiora
3522 1551 3779 1617 quoque
3812 1531 3959 1595 vir-

2426 1641 2636 1698 tutum
2684 1634 2979 1718 exempla
3027 1635 3186 1717 ipsis
3245 1635 3581 1717 praeberet,
3630 1640 3695 1696 et
3748 1649 3955 1694 suam

2426 1735 2505 1796 ad
2563 1752 2671 1797 eos
2728 1735 3140 1796 dilectionem
3200 1732 3643 1816 plenissimam
3700 1729 3960 1793 exube-

2343 1831 2390 1894 B
2428 1833 2671 1894 rantius
2700 1832 3068 1894 declararet.
3104 1833 3432 1907 Praeterea,
3464 1850 3543 1894 ex
3574 1831 3693 1894 hoc
3724 1829 3957 1912 passio

2428 1949 2543 1992 sua
2601 1929 3344 2012 incomprehensibiliter
3398 1929 3524 1992 fuit
3584 1927 3953 1997 meritoria,

2429 2028 2775 2101 fructuosa,
2838 2028 3151 2103 salvifica,
3214 2029 3383 2111 quod
3450 2045 3683 2110 corpus
3741 2045 3951 2088 suum

2429 2133 2494 2189 et
2538 2127 2842 2201 animam,
2894 2126 3093 2190 vitam
3138 2134 3203 2188 et
3250 2125 3628 2207 sanguinem
3671 2132 3802 2186 tam
3851 2123 3959 2184 in-

2430 2222 2825 2288 aestimabilis
2885 2225 3214 2305 dignitatis
3280 2231 3344 2286 et
3407 2221 3957 2305 acceptabilitatis

2429 2342 2505 2387 ex
2538 2324 2777 2387 unione
2817 2324 3215 2406 hypostatica
3252 2343 3403 2388 cum
3429 2323 3639 2386 Verbo
3675 2329 3951 2394 ieter-nc,

2428 2422 2603 2484 dedit
2670 2422 2735 2483 in
2806 2422 3085 2504 pretium
3154 2429 3385 2485 nostrae
3450 2420 3949 2503 redemptionis.

2430 2520 2588 2582 Hinc
2635 2520 2845 2602 passio
2890 2519 3146 2594 Christi,
3178 2520 3246 2582 in
3292 2527 3605 2602 quantum
3650 2536 3727 2581 ex
3764 2524 3953 2580 tanta

2428 2617 2711 2691 caritate,
2773 2616 3029 2698 pietate,
3090 2616 3477 2690 obedientia,
3527 2615 3946 2688 liberalitate,

2426 2715 2825 2796 aliarumque
2869 2715 3179 2777 virtutum
3218 2715 3612 2796 perfectione
3650 2719 3953 2796 accepta-

2427 2822 2511 2888 ta,
2544 2814 2807 2876 tolerata
2844 2820 2909 2875 et
2952 2813 3029 2875 ad
3074 2820 3357 2876 nostram
3402 2811 3675 2875 salutem
3711 2811 3947 2877 relata.

2428 2919 2619 2993 atque
2677 2931 2713 2974 a
2762 2911 3071 2974 salvatore
3119 2919 3249 2974 tam
3300 2911 3830 2993 praestantissimo
3879 2919 3955 2972 et

815 3023 917 3068 am
948 3004 1242 3067 altissimi
1267 3004 1588 3077 Creatoris,
1604 3023 1718 3087 per
1747 3004 2223 3067 conversionem
2255 3011 2319 3066 et
2347 3006 2390 3070 C
2431 3010 2894 3092 pretiosissimo
2935 3027 3007 3071 ac
3041 3008 3166 3072 Deo
3205 3009 3369 3071 Patri
3410 3027 3664 3090 summe
3700 3008 3953 3071 dilecto

818 3103 1121 3165 unionem
1159 3102 1496 3165 hominum
1536 3110 1913 3165 cunctorum
1957 3104 2035 3165 ad
2079 3103 2315 3183 ipsum,

815 3201 1196 3283 generisque
1225 3199 1493 3262 humani
1523 3199 1797 3275 ruinam,
1822 3219 1936 3282 per
1957 3201 2322 3281 fidem,poe·

817 3298 1150 3360 nitentiam
1197 3305 1260 3360 et
1287 3298 1554 3378 gratiam
1596 3306 2125 3361 consummatam.
2161 3298 2318 3361 Prae-

817 3405 1012 3470 terea,
1053 3414 1129 3458 ex
1178 3396 1658 3478 promptissima
1707 3403 1897 3478 atque
1953 3395 2320 3458 humillima

818 3494 1182 3558 obedientia
1239 3494 1457 3557 omnia
1512 3494 1827 3568 toleravit,
1880 3495 1945 3556 in
2006 3502 2318 3576 quantum

817 3592 1472 3675 supergloriosissima
1529 3599 1594 3654 et
1649 3593 2322 3676 supersapientissima

761 3720 790 3756 ι,
818 3692 1092 3755 Trinitas
1141 3690 1594 3774 praeordinavit
1641 3698 1704 3753 et
1764 3691 2049 3754 decrevit
2104 3691 2323 3754 omnia

821 3791 1174 3852 instaurare
1220 3789 1285 3851 in
1333 3788 1604 3862 Christ0,
1639 3797 1701 3851 et
1745 3807 1860 3871 per
1902 3789 2044 3870 ejus
2085 3789 2323 3871 passio-

821 3907 968 3952 nem
1000 3887 1323 3970 complere
1362 3887 1659 3950 humanae
1699 3887 2159 3970 redemptionis
2191 3906 2322 3969 my-

820 3986 1082 4048 sterium
1131 3993 1194 4048 et
1243 3983 1573 4058 effectum,
1628 3984 2020 4047 beneficium
2073 4003 2146 4047 ac
2197 4003 2324 4046 me-

819 4085 1052 4158 delam,
1102 4083 1460 4146 antidotum
1511 4091 1577 4146 et
1624 4084 2042 4165 emplastrum
2091 4101 2105 4145 :
2154 4083 2323 4165 quod

2428 3127 2639 3170 assum
2650 3115 2777 3190 pta,
2793 3106 2911 3169 suit
2938 3107 3132 3170 totius
3162 3106 3777 3189 supersanctissimae
3808 3106 3953 3168 Tri-

2429 3206 2645 3268 nitatis
2691 3205 3132 3287 copiosissime
3177 3205 3514 3286 placativa,
3547 3211 3614 3266 et
3654 3221 3771 3287 pro
3812 3205 3949 3267 ori-

2427 3303 2622 3385 ginali
2682 3311 2941 3386 peccato
3001 3303 3357 3386 ceterisque
3408 3301 3779 3366 excessibus
3834 3321 3953 3382 ge-

2430 3401 2601 3464 neris
2632 3402 2891 3464 humani
2924 3400 3518 3483 superabundanter
3546 3398 3952 3462 satisfactiva

2430 3507 2494 3562 et
2536 3499 2953 3581 redemptiva‚
2997 3505 3152 3581 puta
3195 3499 3325 3561 Deo
3368 3498 3573 3562 multo
3614 3498 3759 3580 plus
3804 3497 3949 3580 pla-

2432 3597 2576 3671 cita,
2608 3605 2806 3678 grata,
2832 3603 2895 3660 et
2926 3596 3301 3659 honorativa
3331 3595 3557 3678 ipsius,
3583 3613 3775 3677 quam
3808 3596 3949 3676 pri-

2433 3713 2684 3759 morum
2728 3702 3067 3778 parentum
3105 3713 3179 3758 ac
3219 3695 3609 3777 posteritatis
3648 3693 3951 3776 ipsorum

2430 3792 2701 3867 offensa,
2749 3792 3005 3873 injuria,
3048 3793 3458 3874 ingratitudo,
3506 3792 3801 3873 impietas
3842 3790 3953 3853 su-

2432 3899 2565 3954 erat
2614 3890 2984 3973 displicenS,
3039 3890 3436 3954 detestabilis
3484 3897 3547 3953 et
3603 3889 3945 3970 injuriosa.

2432 3989 2691 4051 Interim
2733 3988 2913 4051 dolor
2954 3989 3219 4050 interior
3261 3987 3725 4070 compassionis
3762 3987 3953 4051 Chri-

2433 4088 2536 4160 sti,
2573 4087 2855 4166 dolorem
2894 4105 3025 4150 suae
3073 4087 3423 4168 corporalis
3472 4086 3785 4169 passionis
3834 4105 3951 4148 ex·

818 4189 1026 4244 totum
1071 4179 1138 4242 in
1183 4180 1416 4243 Christi
1463 4181 1898 4243 incarnatione
1943 4181 2186 4243 exstitit
2230 4181 2323 4242 in·
2355 4185 2405 4246 D
2435 4185 2673 4248 cessit:
2718 4184 3281 4248 vehementissime
3320 4185 3565 4268 quippe
3608 4184 3951 4247 condoluit

821 4279 1162 4356 choatum3
1213 4277 1280 4339 in
1329 4285 1459 4340 tota
1507 4295 1762 4359 quoque
1821 4279 2322 4353 conversatione,

821 4375 1238 4438 tribulatione
1284 4394 1357 4437 ac
1417 4374 1722 4456 patientia
1778 4375 1919 4456 ejus
1969 4376 2033 4438 in
2094 4376 2327 4440 saeculo

822 4475 944 4538 hoc
1004 4482 1438 4557 prosecutum,
1499 4483 1562 4537 et
1635 4475 1699 4536 in
1770 4475 2063 4557 passione
2124 4477 2328 4558 ipsius

825 4575 1240 4657 completum.
1303 4573 1481 4638 Unde
1538 4573 1603 4635 in
1663 4593 1854 4636 cruce
1912 4575 2198 4657 pendens
2266 4582 2331 4637 et

615 4701 675 4730 nn
707 4700 792 4739 nx,
824 4672 1243 4755 exspirationi
1301 4672 1430 4753 jam
1488 4673 1840 4754 proximuS‚
1891 4673 2052 4735 dixit
2103 4671 2329 4738 :Con-

826 4778 1220 4835 summatum
1251 4777 1365 4833 est.
1401 4769 1836 4852 Inclinatoque
1869 4770 2097 4854 capite,
2127 4790 2331 4853 quum

678 4898 794 4936 xxm.
827 4870 1113 4943 dixisset,
1146 4869 1348 4944 Pater,
1384 4869 1450 4930 in
1496 4888 1723 4931 manus
1764 4877 1906 4932 tuas
1951 4870 2333 4934 commendo

828 4967 1131 5050 spiritum
1175 4985 1416 5039 meum,
1457 4967 1719 5029 tradidit
1761 4967 2084 5050 spiritum,
2125 4967 2333 5030 factus

829 5065 1138 5128 obediens
1179 5083 1384 5147 usque
1428 5065 1507 5126 ad
1554 5072 1843 5128 mortem.

911 5165 1200 5245 Insuper,
1233 5182 1312 5226 ex
1352 5163 1839 5244 incomparabili
1873 5162 2335 5238 misericordia,

835 5261 1093 5344 pietate,
1127 5261 1590 5343 compassione,
1616 5259 2014 5336 liberalitate,
2048 5269 2338 5325 constan-

2437 4283 2699 4365 ingratis
2758 4290 2821 4345 et
2878 4283 3203 4364 perituriS‚
3254 4283 3389 4345 suis
3436 4301 3692 4364 quoque
3746 4283 3951 4345 disci-

2436 4381 2606 4464 pulis
2666 4381 3084 4462 spiritualiter
3132 4380 3350 4464 lapsiS,
3401 4399 3475 4444 ac
3523 4401 3653 4445 suae
3700 4381 3951 4462 dignis-

2437 4481 2615 4544 simae
2674 4487 2738 4542 et
2793 4481 3250 4542 amantissimae
3309 4480 3638 4554 Genitrici,
3690 4480 3755 4542 in
3812 4499 3953 4562 qua

2435 4587 2591 4640 tunc
2627 4577 2806 4640 dolor
2850 4577 3236 4659 parientium
3280 4577 3525 4641 exstitit
3556 4577 3945 4661 duplicatus,

2753 4783 3273 4849 PROPOSITIO
3320 4784 3627 4848 CXXIII.

2510 4967 2804 5034 Anima
2824 4968 3125 5034 Christi
3156 4969 3516 5050 tempore
3545 4969 3951 5050 passionis

2442 5065 2599 5132 fuit
2652 5067 2737 5133 in
2796 5068 3143 5133 maximo
3202 5067 3499 5145 gaudio
3554 5067 3949 5136 beatifieae

2444 5163 2875 5245 fruitioniS,
2898 5166 2985 5254 in
3006 5165 3717 5232 vehementissimo
3744 5167 3947 5232 item

2447 5261 2720 5328 dolore
2778 5264 3171 5344 passionis
3218 5264 3301 5330 et
3347 5265 3945 5346 compassionis
