4300 6259
609 1589 674 1632 1⁸.
691 1601 759 1640 ιν,
786 1591 829 1632 9.

563 1785 581 1828 l
598 1785 700 1830 Cor.
718 1799 745 1836 ι,
760 1789 826 1828 20.

622 2083 739 2126 Ibid.
758 2087 827 2126 2³.

560 2181 712 2225 Jacob.
728 2196 755 2232 ι,
767 2185 827 2225 17.

563 2771 759 2814 Onam-rio
780 2786 830 2815 n

558 2844 695 2876 rann
734 2849 834 2880 cox-

562 2907 793 2944 vnn-stoma.

851 494 973 560 476

1445 517 1524 564 DE:
1566 516 1793 564 Lunum
1833 515 2216 564 cflmsrlANAE
2259 514 2557 573 mmmm,
2601 515 2776 564 Lmen
2817 519 2878 564 1¹.
2927 536 3004 548 --
3047 518 3184 564 Aur.
3229 519 3388 566 Lxxv

855 685 993 750 Non
1025 686 1198 750 enim
1240 667 1659 762 consumitur,
1693 708 1892 771 quum
1935 706 2053 751 nec
2095 705 2354 750 carnem
2383 683 2437 748 A
2468 687 2779 769 aequalia3
2841 707 3049 772 neque
3114 688 3269 752 alibi
3338 688 3668 754 cernimus
3735 703 3954 769 corpus

859 785 1049 848 cibet.
1077 785 1152 848 Et
1184 806 1297 869 per
1327 787 1498 849 hunc
1533 787 1791 849 modum
1825 785 2121 870 exposuit
2147 787 2358 867 Augu-

860 884 1069 946 stinus
1113 893 1358 967 partem
1404 884 1589 947 istam
1634 885 1981 966 Evangelii.

1200 1142 1689 1212 ARTICULUS
1735 1147 2008 1212 LXXV.

932 1287 1327 1363 objectiones
1375 1262 1748 1364 infidelium
1796 1296 2023 1346 contra
2071 1305 2286 1346 sacra-

980 1384 1269 1436 mentum
1298 1377 1741 1438 Eucharistiae
1770 1377 2236 1452 complectitur.

1002 1572 1306 1646 ENIQUE,
1353 1572 1673 1655 quomodo
1722 1571 2079 1635 exaltantur
2125 1571 2274 1634 coeli
2320 1590 2358 1633 a

1027 1679 1214 1743 terra,
1268 1671 1361 1732 sic
1408 1671 1697 1733 exaltatae
1746 1678 1895 1732 sunt
1941 1670 2354 1751 cogitationes

858 1770 969 1832 Dei
1026 1789 1063 1832 a
1120 1768 1613 1850 cogitationibus
1673 1769 2027 1832 hominum.
2082 1767 2352 1831 Stultam

2470 787 2678 868 majus
2712 787 2776 849 in
2821 788 2962 851 loco
3006 806 3081 851 eo
3119 788 3353 852 minori
3393 786 3729 851 contineri.
3761 785 3954 859 Quum

2470 885 2662 967 igitur
2692 905 2914 949 verum
2949 887 3437 970 perfectumque
3469 885 3705 952 Christi
3737 902 3956 966 corpus

2469 984 2671 1047 multo
2729 985 2938 1066 majus
2987 986 3069 1048 sit
3119 1005 3310 1069 quam
3369 984 3808 1048 dimensiones
3860 982 3958 1044 ho-

2468 1083 2625 1156 stiae,
2659 1084 2914 1146 videtur
2943 1084 3200 1166 penitus
3232 1082 3639 1165 impossibile
3677 1080 3802 1144 sub
3838 1087 3954 1142 tam

2470 1181 2720 1244 modica
2766 1182 3118 1263 quantitate
3177 1199 3409 1264 corpus
3469 1189 3602 1243 tam
3661 1197 3952 1260 magnum

2467 1279 2850 1342 conservari.
2883 1315 2962 1324 —
2989 1279 3237 1355 Adhuc,
3273 1278 3678 1362 impossibile
3705 1283 3958 1358 apparet
3981 1313 4035 1343 ψ.

2469 1376 2532 1438 in
2565 1376 2835 1439 diversis
2867 1377 3024 1439 locis
3063 1377 3232 1440 idem
3264 1395 3402 1440 esse
3433 1394 3692 1458 cor-pua.
3727 1375 3958 1455 Corpus

2467 1474 2639 1538 enim
2686 1475 2752 1538 in
2796 1475 3068 1538 diversis
3117 1476 3431 1540 exsistens
3477 1475 3658 1548 lociS,
3705 1473 3962 1536 haberet

2464 1572 2716 1635 diversa
2756 1571 2865 1636 ubi
2911 1592 2924 1636 :
2959 1574 3286 1657 quoniam,
3327 1573 3684 1638 secundum
3731 1571 3961 1635 Gilber-

2465 1680 2601 1733 tum
2639 1671 3076 1746 Porretanum‚
3111 1675 3228 1733 ubi
3265 1681 3560 1736 causatur
3596 1691 3676 1734 ex
3724 1671 3864 1734 loco
3899 1669 3958 1730 in

2467 1769 2606 1852 ipso
2646 1771 2868 1832 loeat0.
2908 1770 3049 1843 Sed,
3093 1771 3260 1834 sicut
3299 1771 3389 1833 ait
3429 1772 3492 1834 in
3541 1771 3621 1833 de
3660 1769 3960 1832 Trinitate

856 1886 1133 1950 namque
1165 1866 1317 1931 fecit
1346 1867 1512 1930 Deus
1538 1867 1915 1950 sapientiam
1950 1867 2145 1947 hujus
2175 1886 2356 1928 mun·
2390 1865 2437 1927 B
2466 1868 3093 1941 BoetiuS,diversitas
3125 1869 3258 1942 ubi,
3290 1870 3498 1951 arguit
3527 1867 3958 1932 diversitatem

858 1966 942 2028 di.
1006 1965 1276 2029 Mundus
1326 1984 1581 2048 quoque
1630 1965 1915 2028 divinam
1973 1963 2354 2046 sapientiam

859 2063 1172 2126 insaniam
1223 2071 1492 2146 reputat.
1546 2063 1665 2126 Sed
1725 2071 1821 2125 est
1878 2061 2265 2124 illuminatio
2319 2079 2355 2120 a

858 2161 1036 2224 Patre
1116 2162 1434 2224 luminum
1512 2161 1927 2236 descendenS,
2007 2161 2352 2221 humanam

863 2269 1141 2323 mentem
1211 2260 1443 2324 divinae
1514 2260 1710 2323 menti
1768 2261 2148 2323 concordem
2208 2257 2354 2319 effi-

859 2359 1057 2433 cienS,
1090 2366 1281 2440 atque
1326 2359 1390 2421 in
1427 2376 1685 2421 omnem
1732 2377 1845 2421 nos
1887 2358 2220 2420 veritatem
2251 2356 2355 2417 de-

860 2457 1248 2530 ducenS.Qui
1281 2458 1473 2539 igitur
1502 2458 1695 2538 hujus
1728 2456 2058 2520 deiformis
2090 2456 2357 2518 illustra-

861 2557 1051 2619 tionis
1096 2564 1387 2639 expertes
1432 2564 1601 2628 sunt,
1636 2564 1855 2618 contra
1900 2562 2351 2637 praeostensam

859 2655 1014 2718 fidei
1060 2654 1387 2718 veritatem
1437 2654 1881 2736 multipliciter
1921 2653 2254 2735 objiciunt.

938 2754 1149 2816 Primo
1179 2753 1440 2837 quidem
1480 2771 1493 2814 :
1529 2753 1680 2835 quia
1710 2753 1881 2815 enim
1915 2771 2146 2834 corpus
2179 2749 2353 2813 Chri-

862 2851 939 2915 sti
988 2851 1053 2913 in
1093 2852 1212 2914 hoc
1256 2858 1655 2914 sacramento
1693 2851 1771 2914 de
1813 2868 1977 2913 novo
2020 2868 2158 2912 esse
2199 2847 2352 2910 inci-

860 2950 975 3033 pit,
1020 2968 1279 3011 necesse
1319 2958 1415 3012 est
1453 2950 1574 3012 hoc
1612 2968 1751 3012 esse
1789 2948 1889 3011 vel
1934 2967 2047 3032 per
2085 2946 2352 3008 localem

2465 1984 2826 2049 corporum.
2889 1968 3001 2029 Est
3067 1986 3219 2049 ergo
3289 1967 3696 2050 impossibile
3765 1985 3958 2028 unum

2466 2083 2696 2147 corpus
2729 2065 2794 2128 in
2825 2065 3122 2148 pluribus
3151 2085 3292 2129 esse
3324 2066 3497 2128 lociS.
3535 2065 3726 2128 Fides
3753 2072 3958 2126 autem

2463 2163 2714 2236 asserit,
2765 2163 2828 2225 in
2880 2161 3175 2246 pluribus
3232 2164 3542 2226 altaribus
3589 2162 3794 2225 simul
3849 2163 3960 2224 hoc

2464 2270 2933 2324 sacramentum
2965 2262 3297 2325 celebrari.
3332 2297 3410 2308 -
3439 2262 3766 2344 AmpliuS,
3798 2262 3958 2323 idem
3987 2292 4050 2323 ιω.

2465 2378 2591 2423 non
2640 2361 2832 2423 distat
2876 2379 2913 2422 a
2963 2379 3030 2423 se
3079 2361 3260 2443 ipso;
3309 2368 3372 2423 et
3421 2359 3830 2443 impossibile
3873 2367 3962 2422 est.

2465 2477 2664 2520 unum
2708 2476 2940 2541 corpus
2979 2459 3170 2520 simul
3209 2458 3542 2541 quiescere
3584 2465 3652 2521 et
3699 2457 3957 2521 moveri.

2465 2556 2528 2618 Si
2559 2564 2773 2618 autem
2815 2556 3006 2618 simul
3051 2556 3301 2620 exsistit
3343 2574 3576 2639 corpus
3619 2556 3858 2620 Christi
3899 2555 3958 2616 in

2465 2654 2626 2717 coelo
2657 2661 2720 2716 et
2750 2654 2870 2715 sub
2899 2653 3124 2716 formis
3152 2654 3399 2729 hostiae‚
3431 2654 3702 2716 distabit
3731 2655 3900 2716 idem
3927 2673 3960 2714 a

2464 2771 2531 2814 se
2563 2751 2723 2833 ips0‚
2757 2752 3006 2833 eritque
3041 2751 3208 2815 idem
3243 2771 3474 2834 corpus
3505 2752 3707 2814 simul
3741 2753 3806 2814 in
3837 2769 3960 2813 mo-

2463 2857 2530 2911 tu
2570 2857 2634 2911 et
2667 2849 3007 2931 quiescens
3043 2869 3056 2912 :
3090 2851 3259 2933 quod
3303 2869 3564 2932 prorsus
3601 2849 3962 2932 impossibi-

2467 2949 2524 3010 le
2563 2956 2660 3011 est
2695 2956 2768 3010 et·
2791 2949 3359 3012 contradictionem
3403 2948 3771 3031 implicans,
3795 2949 4018 3011 -Αῑι

861 3055 1127 3122 motum,
1165 3048 1263 3110 vel
1296 3067 1409 3130 per
1447 3048 1711 3110 alterius
1754 3046 2239 3110 conversionem
2287 3045 2350 3106 in
2389 3041 2433 3106 C
2465 3065 2636 3121 vero,
2685 3055 2893 3129 partes
2937 3048 3213 3129 alicujus
3260 3047 3604 3130 separatim
3647 3067 3799 3110 esse
3843 3065 3960 3109 non

856 3147 1092 3230 ipsum.
1156 3147 1364 3209 Primo
1431 3154 1644 3208 autem
1706 3147 1892 3208 modo
1952 3143 2352 3226 impossibile

852 3253 949 3308 est
991 3253 1062 3307 ut
1109 3263 1340 3326 corpus
1391 3244 1621 3309 Christi
1674 3245 1738 3305 in
1791 3244 1907 3306 hoc
1956 3250 2354 3305 sacramento

852 3363 991 3406 esse
1035 3344 1347 3426 incipiat:
1382 3344 1474 3406 sic
1520 3344 1693 3405 enim
1738 3343 2057 3405 desineret
2102 3360 2242 3403 esse
2287 3341 2351 3402 in

853 3442 1033 3505 coe10.
1068 3441 1299 3505 Mobile
1330 3441 1501 3504 enim
1536 3442 1686 3503 dum
1724 3448 2035 3514 movetur,
2070 3440 2350 3522 priorem

853 3540 1064 3604 locum
1116 3541 1245 3602 exit
1289 3548 1352 3602 et
1396 3539 1651 3612 deserit,
1698 3539 2099 3621 alterumque
2138 3537 2354 3600 subin-

822 3646 995 3704 -trat.
1048 3639 1311 3712 RursuS,
1356 3646 1565 3700 motus
1610 3637 1827 3700 localis
1872 3637 1949 3698 ad
1994 3655 2195 3698 unum
2240 3635 2351 3697 ali-

560 5125 834 5170 Omne-noxas

510 5200 562 5229 xx
580 5201 715 5232 rama
728 5202 831 5232 ιοοι.

852 3737 1008 3819 quid
1039 3736 1396 3800 necessario
1426 3735 1823 3798 terminatur.
1848 3736 2122 3817 Ideoque
2155 3735 2207 3796 si
2241 3753 2354 3816 per

856 3833 1125 3897 localem
1159 3839 1401 3895 motum
1436 3850 1666 3914 corpus
1699 3830 1929 3894 Christi
1962 3831 2081 3894 sub
2112 3832 2352 3913 specie-

853 3932 975 3995 bus
1006 3929 1577 3994 sacramentalibus
1608 3949 1747 3992 esse
1790 3930 2123 4011 inciperet,
2157 3929 2348 3992 simul

853 4037 918 4094 et
955 4029 1153 4092 semel
1196 4047 1321 4090 non
1363 4028 1487 4090 nisi
1540 4029 1605 4090 in
1657 4046 1784 4091 uno
1829 4028 2011 4090 altari
2058 4028 2135 4090 de
2187 4045 2352 4090 novo

852 4126 1199 4191 adveniret.
1238 4126 1453 4208 Neque
1497 4145 1717 4188 rursus
1748 4127 1998 4188 videtur
2027 4127 2197 4237 quod
2239 4145 2352 4208 per

854 4323 1069 4386 altaris
1103 4322 1369 4404 incipiat
1398 4341 1559 4384 esse.
1594 4323 1657 4384 ld
1690 4323 1861 4384 enim
1895 4324 2063 4404 quod
2094 4330 2191 4386 est
2229 4332 2350 4386 ter-

858 4423 1071 4484 minus
1102 4420 1563 4494 conversioniS,
1598 4421 1673 4482 fit
1702 4421 1780 4483 de
1812 4440 1977 4484 novo
2008 4439 2023 4484 :
2056 4423 2352 4504 adipisci-

856 4529 963 4582 tur
1006 4538 1282 4602 namque
1325 4539 1463 4582 esse
1508 4538 1620 4600 per
1664 4521 2166 4583 conversionem.
2213 4522 2350 4584 Non

860 4625 1066 4701 potest
1111 4634 1262 4698 ergo
1310 4617 1591 4679 converti
1642 4616 1883 4698 aliquid
1940 4617 2003 4680 in
2064 4620 2354 4699 praeexsi-

857 4725 1050 4780 stenS.
1103 4715 1344 4797 Corpus
1394 4721 1606 4777 autem
1668 4715 1898 4778 Christi
1948 4717 2350 4798 praeexsistit,

858 4822 1049 4897 atque
1109 4813 1174 4875 in
1235 4813 1396 4876 coelo
1445 4831 1572 4895 quo
1619 4814 1908 4876 ascendit
1967 4822 2347 4896 perseverat.

858 4912 1029 4975 Nihil
1082 4911 1276 4993 igitur
1322 4911 1385 4973 in
1432 4911 1643 4993 ipsum
1690 4911 1941 4974 videtur
1986 4930 2172 4994 posse
2211 4931 2355 4976 con·

861 5009 1043 5073 verti.

942 5108 1268 5181 Praeterea,
1302 5127 1379 5170 ex
1412 5114 1589 5190 parte
1621 5108 1743 5171 loci
1788 5117 2130 5172 sumuntur
2170 5111 2354 5173 ratio-

866 5225 979 5269 nes
1036 5205 1114 5268 ad
1175 5205 1363 5269 idem.
1426 5207 1580 5270 Nam
1654 5210 2009 5272 secundum
2078 5209 2356 5274 Philoso-

867 5305 1091 5386 phum,
1125 5322 1384 5367 necesse
1413 5313 1509 5367 est
1548 5304 1759 5368 locum
1802 5313 1865 5368 et
1902 5307 2181 5370 locatum
2220 5307 2356 5373 fore

2465 3152 2751 3226 possunt,
2788 3145 2926 3227 ipso
2956 3153 3088 3208 toto
3119 3153 3488 3209 remanente
3520 3145 3798 3227 integro.
3824 3145 3966 3208 Con-

2464 3250 2586 3304 stat
2615 3252 2850 3316 autem‚
2887 3262 3117 3325 panem
3151 3252 3211 3306 et
3243 3243 3467 3306 vinum
3499 3260 3800 3306 seorsum
3831 3263 3963 3306 esse.

2465 3341 2528 3402 in
2561 3340 2754 3422 hujus
2784 3341 3160 3404 sacramenti
3193 3341 3646 3404 celebratione.
3683 3342 3750 3404 Si
3785 3341 3968 3424 igitur

2463 3439 2583 3500 sub
2634 3439 2972 3522 speciebus
3031 3439 3216 3522 panis
3273 3440 3682 3502 contineatur
3743 3458 3966 3521 corpus

2467 3537 2722 3610 Christi,
2768 3545 2832 3600 et
2871 3537 2990 3599 sub
3034 3536 3258 3600 formis
3309 3537 3442 3600 vini
3491 3539 3760 3620 sanguis
3807 3537 3963 3618 ejus.

2466 3655 2583 3698 nec
2614 3636 2722 3698 hic
2753 3654 2871 3698 nec
2903 3635 2993 3697 ibi
3027 3636 3148 3698 erit
3179 3636 3424 3717 integer
3453 3635 3771 3700 Christus.
3809 3637 3883 3697 Et
3917 3635 3964 3696 si

2465 3733 2584 3795 sub
2630 3733 2966 3816 utriusque
3013 3733 3353 3816 speciebus
3403 3741 3760 3816 utrumque
3805 3751 3970 3796 com-

2465 3832 2774 3914 prehendi
2815 3833 3086 3905 dicatur,
3118 3831 3336 3894 obviat
3375 3833 3750 3915 praecedens
3790 3833 3962 3894 ratio.

2463 3931 2727 3992 Videtur
2765 3948 2914 4011 ergo
2959 3930 3359 4012 impossibile
3404 3931 3776 3995 christianae
3821 3930 3962 3993 fidei

2463 4030 2710 4110 dogma.

2542 4128 2752 4201 Porro,
2794 4146 2872 4190 ex
2911 4133 3089 4209 parte
3131 4127 3560 4190 accidentium
3607 4128 3962 4192 difficultas
3999 4155 4106 4196 om
4106 4163 4204 4193 sm

853 4225 1339 4288 conversionem
1372 4223 1683 4286 alterius
1670 4245 1733 4286 m
1767 4225 2003 4306 ipsum,
2040 4224 2105 4287 in
2146 4224 2348 4287 hostia
2385 4225 2432 4287 D
2462 4225 2758 4289 occurrit.
2796 4225 3159 4288 Accidentis
3189 4225 3360 4288 enim
3395 4243 3556 4298 esse,
3587 4235 3688 4290 est
3733 4228 3960 4298 inesse,
3991 4231 4090 4260 ‘¹¹'
4093 4229 4178 4254 ““

3987 4291 4158 4322 ’,ΞΜΠῙΣῙ

2462 4324 2816 4387 secundum
2885 4323 3340 4406 Philosophum
3397 4323 3677 4406 septimo
3744 4325 4028 4388 Primae·.

2463 4421 2904 4505 philosophiae.
2968 4422 3118 4485 Tam
3187 4439 3338 4503 ergo
3407 4421 3816 4505 impossibile
3873 4433 3962 4486 est

2462 4521 2759 4584 accidens
2806 4539 2921 4601 per
2963 4540 3030 4583 se
3074 4520 3402 4594 exsistere,
3435 4540 3629 4603 quam
3676 4523 3968 4605 impossi-

2463 4620 2594 4682 bile
2654 4627 2750 4681 est
2799 4618 3011 4701 ipsum
3062 4637 3224 4693 esse,
3275 4637 3392 4682 suo
3439 4637 3580 4682 esse
3629 4639 3765 4684 non
3815 4621 3970 4683 exsi-

2465 4726 2695 4792 stente,
2737 4737 2938 4801 quum
2989 4737 3177 4780 suum
3227 4735 3389 4793 esse,
3436 4718 3520 4780 sit
3565 4718 3805 4782 inesse.
3854 4719 3970 4782 Sed

2464 4817 2822 4880 accidentia
2879 4817 3063 4899 panis
3124 4825 3188 4879 et
3245 4817 3382 4880 vini
3443 4825 3587 4900 post
3645 4836 3973 4882 consecra-

2465 4917 2708 4979 tionem
2740 4917 2805 4977 in
2838 4934 3102 4998 corpore
3132 4924 3198 4979 et
3225 4917 3530 4998 sanguine
3562 4917 3805 4980 Christi
3837 4918 3974 4980 sub-

2462 5015 2688 5096 jectari
2757 5032 2884 5077 non
2953 5022 3241 5096 possunt,
3310 5015 3478 5077 sicut
3549 5015 3746 5078 facile
3812 5023 3972 5080 esset

2467 5114 2842 5192 ostendere3
2915 5131 3034 5175 nec
3109 5113 3304 5176 etiam
3377 5113 3442 5175 in
3513 5114 3972 5178 circumstante
4069 5117 4080 5124 “

2467 5230 2613 5276 aere
2667 5230 2680 5274 :
2733 5231 2880 5274 nam
2941 5230 3142 5294 quum
3207 5211 3338 5274 sint
3393 5211 3616 5275 formai
3685 5212 3971 5294 corporis

2470 5310 2778 5374 naturalis
2807 5316 2868 5372 et
2897 5310 3187 5394 quaedam
3219 5327 3442 5373 eorum
3471 5310 3604 5373 sint
3630 5312 3971 5393 qualitates

4232 624 4254 851 *ᾼΑ-Ι

4227 1208 4264 2379 ¹

4025 2973 4270 4240 l

4159 4309 4270 5437 l
