4300 6259
898 449 1019 516 508

897 638 1092 721 igitur
1148 650 1213 708 et
1268 648 1562 728 sperabat
1620 655 1683 712 et
1738 649 1997 730 optabat
2051 647 2392 731 Apostolus
2424 645 2476 710 A
2505 647 2713 712 lorum
2763 651 3030 734 vestigia
3087 651 3289 715 secuti

897 739 1146 802 deduci.
1217 743 1393 808 Unde
1460 746 1517 809 S.
1582 747 1851 810 Thomas
1918 747 2164 820 asserit,
2226 745 2394 828 quod

896 837 1188 903 ultimata
1218 843 1556 907 retributio
1587 865 1727 926 quae
1760 845 1822 907 in
1857 845 2037 908 coelis
2080 845 2394 928 promitti-

896 943 1019 1012 tur,
1080 937 1291 1002 s'tatim
1354 942 1718 1006 conseratur
1775 943 1982 1007 Beatis
2034 951 2178 1026 post
2233 962 2394 1026 prae·

895 1034 1093 1098 sentis
1148 1037 1295 1101 vitae
1353 1039 1723 1103 abscessum
1770 1059 1781 1102 :
1827 1061 2192 1124 quanquam
2243 1059 2395 1103 non-

896 1133 1057 1195 nulli
1088 1135 1324 1210 dicant,
1355 1138 1601 1201 animas
1634 1139 2007 1202 Sanctorum
2052 1148 2198 1222 post
2237 1140 2390 1202 libe-

894 1231 1205 1295 rationem
1263 1255 1299 1297 a
1346 1237 1617 1299 crimine
1678 1247 1741 1300 et
1798 1256 2007 1320 poena,
2062 1239 2268 1320 primo
2327 1239 2393 1299 in

892 1331 1187 1412 paradiso
1231 1335 1511 1396 terrestri
1554 1336 1879 1410 exsistere,
1914 1345 1976 1398 et
2013 1337 2273 1399 demum
2315 1337 2392 1398 ad

894 1426 1089 1491 coelos
1137 1431 1460 1493 scandere.
1516 1433 1786 1495 Tollitur
1832 1441 2045 1496 autem
2098 1453 2211 1516 per
2258 1434 2392 1497 haec

894 1525 1256 1590 Graecorum
1303 1532 1727 1612 quorumdam
1772 1551 1968 1606 error,
2011 1533 2117 1614 qui
2170 1551 2392 1614 purga-

893 1625 1132 1688 torium
1178 1636 1431 1708 negant,
1464 1631 1840 1711 adjicientes
1882 1631 2127 1694 animas
2167 1630 2395 1692 defun-

896 1729 1142 1786 ctorum
1175 1733 1321 1788 ante
1353 1729 1835 1790 resurrectionis
1871 1737 2149 1810 tempuS,
2185 1747 2392 1811 neque

894 1820 960 1883 in
1005 1822 1168 1886 coelo
1210 1843 1418 1907 neque
1462 1826 1528 1887 in
1572 1825 1824 1889 inferno
1867 1827 2081 1889 locari.

1338 2036 1827 2102 ARTICULUS
1874 2038 1948 2102 C.

1292 2161 1387 2220 De
1442 2161 1641 2236 finali
1700 2161 1986 2238 judicio,

1027 2316 1395 2382 LUCESClT
1463 2319 1741 2400 denique
1806 2339 1883 2382 ex
1954 2319 2388 2401 praeinductiS‚

1052 2416 1297 2478 animas
1327 2417 1541 2479 statim
1572 2417 2055 2480 retributionem
2092 2425 2233 2500 post
2263 2436 2394 2480 cor-

894 2512 1067 2594 poris
1117 2514 1602 2577 dissolutionem
1653 2515 1945 2597 adipisci.
1992 2517 2133 2578 Haec
2178 2523 2388 2578 autem

894 2611 1253 2686 retributio,
1284 2611 1600 2693 J‘udicium
1636 2614 2092 2696 praesupponit.
2129 2614 2239 2676 Est
2279 2614 2390 2695 igi-

891 2716 998 2771 tur
1027 2710 1262 2792 duplex
1305 2711 1640 2774 retributio
1679 2711 2045 2793 duplexque
2072 2713 2388 2792 judicium

894 2825 1114 2870 eorum
1150 2829 1291 2891 quae
1322 2810 1467 2892 quis
1502 2810 1563 2871 in
1597 2810 1727 2872 vita
1756 2810 1940 2891 gerit.
1978 2811 2109 2873 Una
2148 2811 2391 2893 quippe

894 2907 1233 2969 retributio
1276 2909 1628 2971 secundum
1674 2911 1951 2972 animam
2002 2917 2137 2989 est3
2171 2919 2234 2972 et
2269 2911 2392 2973 alia

1483 476 1561 522 DE
1602 475 1827 522 mmm:
1869 475 2251 524 CHRISTIANAE
2293 474 2592 532 ΤΗΕΟΒΙΕ,
2639 477 2812 524 LIBER
2855 479 2916 524 11.
2963 497 3042 508 --
3084 479 3224 525 An'r.
3270 478 3325 537 C,
3369 479 3426 526 cl

3343 669 3356 714 :
3410 651 3646 734 quibus
3698 647 3972 713 omnibus

2501 746 2771 812 Matthaei
2817 749 3239 813 nonodecimo
3282 750 3524 812 dictum
3569 756 3686 824 est,
3726 748 3844 810 Vos
3879 747 3974 828 qui
3999 769 4202 819 umam.

2502 847 2702 908 secuti
2737 847 2890 910 estis
2933 867 3057 921 me,
3091 847 3395 912 sedebitis
3435 867 3629 930 super
3667 846 3863 919 sedeS,
3887 845 3973 925 J'u·
3999 833 4052 872 ²³·

2502 944 2785 1008 dicantes
2829 947 3167 1009 duodecim
3214 946 3420 1010 tribus
3461 946 3674 1009 Israel.

2582 1043 2644 1106 Si
2675 1052 2888 1107 autem
2922 1046 3065 1127 quis
3097 1045 3309 1118 instet,
3343 1045 3648 1137 quoniam
3678 1061 3803 1106 non
3827 1042 3975 1122 judi·
3999 1055 4040 1096 Υ
4037 1055 4160 1098 ειμι-ιι
4165 1059 4208 1103 i.

2502 1141 2672 1204 cabit
2702 1143 3010 1205 Dominus
3053 1143 3152 1206 bis
3195 1145 3258 1205 in
3306 1144 3366 1206 id
3412 1143 3650 1226 ipsum,
3683 1159 3810 1204 non
3846 1133 4056 1220 ergo¹'²¹
4011 1119 4190 1160 ”mm

2501 1241 2736 1322 duplex
2780 1242 3070 1323 ejusdem
3111 1243 3342 1306 animae
3378 1242 3480 1304 vel
3521 1241 3802 1305 hominis
3837 1239 3980 1320 J'udi-

2501 1339 2675 1401 cium
2725 1339 3016 1402 futurum
3067 1348 3205 1418 est3
3249 1340 3790 1423 respondendum,
3830 1339 3978 1419 quod

2501 1437 2808 1499 Dominus
2848 1439 3005 1501 duas
3048 1457 3268 1520 poenas
3315 1457 3429 1520 pro
3472 1446 3736 1520 peccato
3777 1437 3976 1500 eodem

2503 1551 2629 1597 non
2689 1535 2950 1617 infligit,
3002 1555 3212 1618 neque
3261 1538 3560 1600 eumdem
3611 1537 3714 1598 bis
3761 1535 3981 1617 J'udicat

2503 1635 2856 1697 secundum
2897 1636 3188 1698 eamdem
3235 1637 3546 1698 rationem
3587 1642 3652 1698 et
3691 1633 3981 1697 conformi

2505 1732 2710 1794 modo.
2746 1732 2920 1796 Unde
2951 1753 3151 1815 quum
3193 1733 3384 1796 homo
3427 1733 3706 1816 quilibet
3745 1733 3826 1795 sit
3861 1751 3982 1814 per-

2427 1829 2474 1892 B
2505 1848 2657 1892 sona
2695 1832 3008 1912 quaedam,
3051 1839 3115 1894 et
3161 1831 3354 1894 etiam
3407 1851 3551 1914 pars
3599 1832 3816 1914 aliqua
3859 1829 3982 1892 uni-

2502 1929 2694 2001 versi,
2747 1948 2946 1991 unum
2998 1928 3075 1991 sit
3131 1930 3210 1993 de
3269 1930 3410 2012 ipso
3464 1930 3786 2009 judicium
3833 1928 3983 2010 quod

2501 2026 2823 2108 singulare
2855 2035 2972 2102 est,
2996 2028 3168 2090 aliud
3201 2037 3414 2091 autem
3447 2029 3805 2092 secundum
3835 2029 3982 2110 quod

2503 2133 2599 2188 est
2629 2145 2773 2207 pars
2806 2126 3088 2189 universi
3126 2144 3138 2188 :
3174 2127 3542 2190 ultimatum
3573 2145 3810 2209 nempe
3835 2125 3985 2206 judi-

2503 2225 2675 2286 cium
2717 2224 2793 2286 ad
2841 2225 3268 2288 universalem
3315 2225 3630 2288 bonorum
3678 2241 3985 2306 perverso-

2504 2341 2776 2405 rumque
2815 2323 3281 2404 separationem
3309 2323 3604 2405 pertinet.
3639 2324 3898 2396 Rursus,
3929 2323 3984 2383 in

2501 2420 2744 2501 judicio
2786 2420 2997 2502 primo
3046 2440 3171 2485 non
3223 2422 3546 2504 recipiunt
3594 2439 3806 2504 neque
3854 2419 3986 2482 mali

2505 2538 2712 2602 neque
2741 2519 3172 2600 praedestinati
3217 2520 3579 2583 mercedem
3621 2520 3774 2582 vitae
3813 2537 3984 2600 quam

2503 2618 2570 2679 in
2615 2635 2880 2698 corpore
2929 2619 3252 2680 duxerunt
3300 2619 3578 2680 totaliter
3619 2637 3634 2680 :
3681 2618 3829 2700 quia
3873 2635 3983 2679 non

2503 2717 2857 2779 secundum
2899 2734 3153 2798 corpuS,
3195 2717 3303 2778 sed
3347 2717 3414 2778 in
3462 2716 3682 2778 anima
3723 2714 3982 2798 praecise.

2503 2813 2804 2876 Finaliter
2832 2820 3045 2876 autem
3087 2815 3342 2895 plenam
3385 2815 3683 2896 adepturi
3725 2820 3868 2876 sunt
3903 2831 3985 2874 re-

2501 2911 2940 2984 tributionem,
2975 2911 3039 2973 in
3079 2911 3293 2973 anima
3333 2911 3578 2974 scilicet
3614 2919 3685 2974 et
3720 2927 3983 2993 corpore,

894 3013 1038 3087 post
1069 3007 1497 3069 universalem
1529 3008 2059 3070 resurrectionem
2089 3009 2230 3071 erit.
2266 3009 2391 3072 Pri·
2427 3009 2518 3074 C
2502 3029 2569 3072 ln
2612 3027 2885 3092 quorum
2929 3018 3202 3092 utroque
3247 3019 3700 3093 peccaverunt.

895 3123 1001 3165 ma
1030 3121 1285 3186 quoque
1324 3105 1403 3167 fit
1442 3106 1711 3186 singulis
1752 3105 2081 3187 sigillatim
2118 3125 2131 3168 :
2167 3127 2391 3170 secun-

894 3202 1047 3263 dum
1092 3222 1285 3284 quam
1331 3203 1561 3266 animae
1608 3223 1645 3265 a
1694 3204 2068 3286 corporibus
2117 3206 2389 3280 emissae,

896 3299 1107 3360 statim
1164 3299 1553 3380 judicantur.
1613 3300 1755 3363 Alia
1824 3320 1972 3364 vero
2039 3303 2162 3364 erit
2226 3321 2394 3366 com-

899 3397 1110 3459 munis
1160 3398 1482 3472 omnibuS,
1536 3400 1601 3461 in
1662 3401 2097 3482 resumptione
2145 3402 2392 3464 scilicet

895 3497 1197 3577 corporis
1235 3497 1310 3558 Et
1340 3497 1760 3560 consimiliter
1788 3499 1909 3560 erit
1932 3499 2250 3578 judicium
2283 3502 2394 3563 du-

896 3593 1061 3673 plex.
1099 3594 1174 3654 Et
1204 3594 1268 3655 in
1309 3594 1589 3656 secundo
1628 3594 1885 3675 quidem
1929 3594 2174 3675 J'udicio
2217 3593 2393 3656 retri-

898 3690 1130 3753 buetur
1180 3692 1527 3773 unicuique
1578 3692 1930 3754 secundum
1981 3692 2149 3773 quod
2199 3692 2395 3773 gessit

898 3789 964 3850 in
1008 3789 1223 3852 anima
1268 3797 1330 3852 et
1373 3807 1655 3872 corpore.
1706 3791 1781 3852 Et
1826 3791 1887 3852 id
1936 3790 2049 3853 fiet
2091 3790 2392 3853 omnibus

897 3886 1211 3966 simul;et
1242 3888 1305 3949 in
1339 3887 1477 3969 ipso
1505 3887 1820 3968 judicabit
1838 3889 2123 3952 Christus
2158 3889 2221 3951 in
2249 3888 2396 3951 visi-

897 3984 1011 4047 bili
1045 3985 1269 4059 sorma,
1305 3993 1529 4048 natura
1559 3986 1807 4048 scilicet
1835 3987 2135 4061 humana,
2162 4006 2284 4070 qua
2313 3986 2393 4049 ab

895 4084 1198 4146 omnibus
1255 4085 1453 4147 videri
1518 4092 1762 4166 queat:
1806 4104 2174 4167 quanquam
2235 4085 2395 4147 divi-

2579 3107 2809 3170 Judicii
2841 3115 3053 3170 autem
3086 3108 3279 3189 hujus
3314 3108 3522 3171 ultimi
3566 3108 3726 3170 hora
3765 3108 3984 3170 incerta
4029 3124 4154 3167 unt

2502 3214 2616 3269 est.
2670 3206 2789 3268 Sed
2841 3205 3017 3269 locus
3069 3207 3132 3268 in
3184 3207 3494 3288 Propheta
3543 3201 4052 3269 determinatus¹
4065 3189 4162 3232 ‘⁵⁶

2501 3305 2834 3386 reperitur.
2871 3305 3027 3368 Nam
3071 3305 3134 3366 in
3176 3305 3342 3368 valle
3369 3306 3670 3387 Josaphat
3701 3306 4050 3424 discepta-
4021 3319 4150 3360 luetur.
4153 3317 4196 3364 ³„

2502 3410 2683 3464 turus
2726 3410 2823 3464 est
2864 3403 3168 3466 Dominus
3212 3422 3360 3466 cum
3403 3403 3731 3485 gentibuS‚
3764 3410 3827 3466 et
3861 3420 3987 3464 con-

2501 3507 2875 3581 gregaturus
2927 3508 3024 3561 est
3077 3519 3181 3562 eas
3233 3500 3385 3563 illic
3439 3500 3692 3564 Christo
3751 3517 3983 3581 nempe,

2503 3598 2806 3680 quoniam
2848 3597 3142 3679 passione
3186 3598 3601 3662 humanitatis
3647 3619 3778 3664 suae
3821 3598 3985 3661 nobis

2505 3703 2568 3758 et
2599 3697 3130 3759 resurrectionem
3175 3705 3238 3760 et
3277 3697 3472 3760 vitam
3517 3705 3822 3761 aeternam
3867 3713 3986 3779 pro-

2505 3793 2762 3867 meruit,
2815 3794 2984 3856 istud
3042 3795 3402 3858 universale
3457 3795 3781 3876 judicium
3835 3813 3986 3857 eom-

2506 3893 2712 3974 pctit:
2747 3893 3289 4003 quemadmodum
3320 3894 3632 3976 scriptum
3683 3901 3800 3968 est,
3831 3895 3984 3956 Pote-
4039 3909 4102 3948 Μ

2506 3998 2731 4054 statem
2799 3991 2976 4054 dedit
3039 3991 3100 4053 ei
3166 3991 3482 4073 judicium
3549 3991 3788 4066 facere,
3853 3975 4044 4074 quia*

2507 4089 2702 4151 Filius
2743 4088 3022 4152 hominis
3061 4097 3176 4152 est.
3210 4090 3513 4154 Humanae
3552 4092 3730 4153 enim
3769 4097 3987 4154 naturae

896 4181 1083 4256 nitaS‚
1120 4201 1261 4262 quae
1302 4181 1835 4264 contemplatores
1867 4201 2013 4246 suos
2044 4183 2392 4257 beatificat,
2426 4190 2475 4252 D
2509 4187 2811 4250 meritum
2855 4187 3180 4269 competit,
3216 4205 3341 4250 non
3386 4187 3643 4252 divinae.

895 4278 976 4341 ab
1007 4279 1226 4342 electis
1258 4281 1587 4342 dumtaxat
1626 4282 2093 4362 conspectanda
2128 4282 2229 4344 sit.
2266 4283 2395 4345 Hoc

897 4376 1138 4460 quippe
1166 4377 1507 4458 judicium,
1534 4378 1684 4460 quia
1714 4397 2053 4460 corporum
2085 4381 2226 4452 erit,
2252 4381 2396 4443 visi-

896 4475 1115 4537 biliter
1164 4476 1509 4556 continget,
1564 4483 1633 4537 ut
1678 4476 1769 4538 sic
1815 4477 2132 4556 judicium
2189 4497 2394 4541 corre-

896 4573 1205 4657 spondeat
1267 4574 1589 4654 judicatiS.
1667 4575 1949 4637 Primum
2011 4584 2229 4640 tamen
2295 4577 2394 4657 ju-

896 4673 1161 4746 dicium,
1205 4673 1373 4754 quod
1418 4672 1778 4735 animarum
1824 4682 1940 4748 est,
1984 4674 2396 4738 invisibiliter

895 4771 1207 4853 expletur.

977 4868 1551 4950 Contemplandum
1602 4869 1833 4942 denuo,
1878 4871 2045 4952 quod
2098 4871 2159 4932 in
2215 4871 2393 4934 finali

891 4967 1137 5047 judicio
1181 4965 1589 5048 judiciariam
1633 4967 2073 5030 auctoritatem
2122 4969 2395 5032 habente

896 5066 1165 5138 Christo,
1190 5066 1312 5147 ipsi
1346 5084 1601 5146 quoque
1632 5067 1743 5147 qui
1776 5066 2164 5129 eminentius
2191 5069 2394 5148 judici

798 5205 805 5214 ·
898 5163 1144 5228 Christo
1174 5164 1597 5238 adhaeserunt,
1622 5182 1839 5226 secum
1870 5163 2272 5244 judicabunt,
2300 5175 2396 5229 ut-

898 5270 1050 5344 puta
1108 5261 1393 5345 Apostoli
1454 5269 1517 5323 et
1573 5261 1694 5324 viri
1754 5263 2087 5343 apostolici
2135 5264 2398 5347 Aposto-

2932 4405 3423 4470 ARTICULUS
3473 4407 3578 4470 cl.

2508 4539 3062 4606 Quemadmodum
3105 4537 3576 4595 immateriales
3613 4546 3676 4596 et
3719 4539 3988 4610 incorpo-

2587 4645 2714 4684 reoe
2743 4629 2984 4684 animae
3011 4645 3052 4683 a
3081 4626 3461 4700 corporibus
3481 4627 3635 4702 jam
3665 4635 3988 4701 sepa-ratae,

2584 4735 2624 4774 a
2662 4715 2995 4790 corporali
3037 4715 3187 4791 iyne
3232 4715 3531 4792 torqueri
3565 4718 3842 4790 possint.

2648 4873 3206 4938 lFFlCULTATEM
3249 4891 3376 4936 non
3431 4875 3824 4938 mediocrem
3870 4874 3990 4958 plu-

2675 4972 2820 5034 rimi
2869 4971 3203 5045 inducunt,
3245 4971 3521 5052 qualiter
3564 4974 3852 5055 spiritus,
3890 4973 3985 5054 qui

2508 5089 2716 5151 neque
2755 5070 2949 5132 situm
3001 5088 3210 5151 neque
3257 5069 3696 5133 extensionem
3747 5071 3985 5140 habent,

2508 5175 2572 5231 et
2614 5187 2728 5250 per
2767 5184 3187 5248 consequens,
3221 5175 3292 5228 ut
3337 5166 3611 5242 videtur,
3647 5188 3766 5231 nec
3809 5169 3984 5232 sensi-

2509 5265 2739 5330 bilium
2797 5265 3306 5348 corpor-aliumve
3354 5266 3734 5347 qualitatum
3783 5275 3846 5331 et
3889 5269 3988 5330 im·
