4300 6259
1044 491 1125 538 nl:
1166 490 1395 539 tumn
1436 490 1819 538 cmusTIANAE
1860 490 2163 550 THEORIAE,
2209 492 2386 541 menn
2429 494 2491 541 Π.
2541 510 2618 523 -
2659 496 2800 541 Am.
2845 496 2968 543 XXV

3437 480 3554 545 417

166 672 263 716 1³·-
290 686 343 723 u.
370 676 418 716 τ.
448 666 643 741 ptum
672 669 771 724 est
804 678 819 723 ε
852 660 983 743 Ego
1009 660 1201 725 hodie
1238 662 1431 743 genui
1468 668 1550 725 te.
1588 662 1665 724 Et
1704 660 1955 743 planius
1986 658 2037 721 Α
2068 662 2256 737 nitas,
2307 683 2448 746 quae
2505 671 2604 727 est
2660 664 2800 748 ipse
2846 665 3035 739 DeuS,
3086 665 3169 727 sit
3225 664 3556 749 proprium

94 834 186 882 24.
214 838 291 876 ..5.

122 1066 207 1109 Ie.
224 1080 355 1116 un,
373 1068 421 1108 9.

114 4818 197 4863 tib.
214 4816 279 4869 11,
292 4818 405 4859 nrt.

86 4895 113 4923 x
120 4895 199 4923 Vu-

450 855 533 929 si,
578 863 645 918 et
684 874 802 937 ego
836 856 967 937 Jam
1018 864 1327 939 concepta
1368 874 1587 936 eram3
1633 864 1781 919 ante
1820 874 1953 919 om-

450 970 569 1015 nes
600 954 797 1017 colles
824 972 941 1035 ego
972 954 1389 1037 parturiebar.
1411 955 1478 1016 In
1510 954 1669 1017 lsaia
1698 971 1953 1036 quoque

450 1052 767 1135 scriptum
831 1062 929 1116 est
988 1070 1003 1115 ε
1062 1052 1389 1135 Numquid
1447 1070 1565 1135 ego
1626 1053 1736 1135 qui
1794 1052 1953 1114 alios

454 1168 681 1233 parere
709 1152 898 1225 facio,
930 1152 1069 1235 ipse
1098 1169 1225 1215 non
1258 1152 1539 1235 pariam?
1561 1151 1717 1213 dicit
1747 1151 1953 1213 Domi-

452 1268 597 1311 nus.
640 1250 704 1312 Si
748 1267 867 1331 ego
906 1250 1017 1333 qui
1058 1251 1535 1331 generationem
1575 1250 1803 1313 ceteris
1846 1249 1951 1311 tri·

450 1346 603 1421 buo,
637 1347 774 1430 ipse
815 1349 1053 1411 sterilis
1094 1351 1245 1412 ero?
1282 1348 1373 1411 ait
1414 1348 1719 1412 Dominus
1760 1348 1945 1409 Deus,

446 1445 519 1507 In
552 1444 789 1526 quibus
820 1446 1042 1529 utique
1070 1446 1501 1519 sermonibuS,
1525 1446 1577 1508 si
1608 1446 1753 1528 quis
1784 1446 1949 1528 sapi-

447 1552 631 1605 enter
685 1546 989 1619 attendat,
1044 1544 1383 1607 manifeste
1441 1546 1727 1616 docetur,
1778 1544 1947 1627 quod

446 1650 679 1725 praeter
734 1643 1167 1723 generativam
1230 1643 1687 1706 fecunditatem
1754 1662 1945 1725 quam

445 1740 757 1803 creaturis
800 1742 967 1804 Deus
1009 1741 1271 1822 largitus
1312 1750 1431 1816 est,
1466 1741 1603 1824 ipse
1646 1741 1839 1803 etiam
1882 1740 1947 1803 in

138 771 421 860 [fise-vm,
450 756 521 819 in
554 758 913 823 Proverbiis
943 760 1181 823 dicitur
1204 776 1219 821 ε
1242 759 1537 823 Nondum
1568 765 1749 821 erant
1775 756 1956 840 abys·
2062 758 2391 840 objectum
2433 760 2666 826 divinae
2708 763 3072 826 voluntatis.

2143 858 2450 941 Denique,
2494 859 2887 923 intellectum
2941 868 3008 923 ut
3051 860 3116 921 in
3166 858 3560 940 intelligente

2061 956 2396 1030 exsistenS,
2449 959 2718 1021 intentio
2775 959 3064 1041 quaedam
3123 965 3240 1031 est,
3287 958 3558 1020 verbum

2060 1072 2135 1115 ac
2177 1054 2338 1118 ratio
2386 1055 2821 1137 intelligentis.
2857 1058 2993 1120 Non
3037 1056 3208 1119 enim
3249 1057 3433 1118 aliter
3465 1063 3564 1119 est

2062 1152 2458 1215 intellectum
2495 1155 2556 1216 in
2593 1155 2988 1237 intelligente
3027 1155 3150 1217 nisi
3193 1164 3380 1237 prout
3419 1172 3564 1217 con-

2061 1251 2300 1333 cipitur
2343 1251 2423 1315 ab
2485 1252 2834 1315 intellectu.
2892 1252 3265 1335 Concipitur
3320 1259 3560 1326 autem,

2062 1348 2125 1409 in
2179 1356 2491 1431 quantum
2543 1350 2908 1414 intellectus
2967 1350 3212 1433 aliquid
3271 1350 3438 1412 intra
3495 1369 3564 1414 se

2060 1446 2218 1509 dicit
2245 1448 2324 1509 de
2357 1467 2424 1511 re
2467 1447 2807 1512 intellecta.
2841 1449 2972 1513 Hoc
3015 1459 3231 1512 autern
3276 1449 3444 1531 quod
3485 1450 3564 1513 de

2060 1544 2387 1609 intellecto
2415 1546 2572 1610 dicit
2601 1555 2665 1610 et
2695 1547 2996 1630 concipit,
3029 1555 3126 1609 est
3161 1546 3430 1610 verbum
3475 1548 3566 1609 in-

2060 1642 2427 1724 telligentis.
2477 1645 2598 1707 Sed
2648 1646 3046 1707 intellectum
3098 1652 3168 1706 ut
3218 1646 3282 1707 in
3333 1646 3565 1709 intelli·

2058 1751 2247 1823 gente
2276 1752 2635 1827 acceptum,
2670 1763 2783 1807 seu
2814 1744 3082 1808 verbum
3115 1745 3240 1807 tale
3270 1744 3348 1807 de
3380 1745 3563 1807 intel·

444 1858 517 1901 se
568 1840 709 1921 ipso
758 1840 875 1902 hac
925 1840 1313 1923 proprietate
1353 1840 1635 1921 genitiva
1676 1858 1804 1903 non
1849 1859 1947 1902 ca·
1977 1836 2024 1899 B
2062 1839 2228 1903 lecto
2287 1848 2694 1924 conceptum,
2759 1843 2824 1905 in
2892 1842 3174 1905 humano
3232 1842 3562 1905 intellectu

444 1946 601 1999 reat.
656 1938 765 2001 Est
820 1957 973 2019 ergo
1030 1938 1317 2002 Christus
1378 1938 1488 2002 Dei
1549 1939 1769 2013 Filius,
1818 1958 1947 2003 non

444 2045 697 2099 tantum
730 2037 973 2101 ratione
1002 2044 1243 2101 naturae
1272 2038 1767 2120 assumptae,sed
1800 2039 1951 2121 quia

440 2154 523 2197 ex
554 2134 909 2199 substantia
936 2136 1135 2199 Patris
1165 2154 1315 2199 vere
1343 2136 1620 2218 genitus,
1652 2144 1715 2199 et
1745 2144 1951 2219 pater-

440 2252 595 2295 nam
628 2242 919 2297 naturam
954 2234 1235 2317 perfecte
1266 2236 1329 2297 in
1361 2234 1621 2317 propria
1650 2252 1947 2318 persona-

440 2332 623 2395 litate
666 2331 909 2395 habens
944 2352 959 2395 ε
993 2332 1180 2413 cujus
1223 2333 1591 2416 oppositum
1634 2332 1947 2396 Sabellius

442 2430 659 2506 finxit,
690 2449 808 2495 suo
836 2432 1093 2513 ingenio
1122 2431 1356 2495 divinae
1387 2431 1691 2494 doctrinae
1720 2431 1946 2493 verita-

438 2538 577 2593 tem
620 2529 829 2592 metiri
873 2548 1305 2612 praesumen53
1349 2529 1619 2611 ideoque
1662 2529 1727 2591 in
1778 2547 1949 2591 men-

439 2628 629 2691 dacia
669 2628 811 2709 ejus
856 2628 1205 2709 loquacitas
1250 2628 1425 2711 lapsa
1468 2635 1581 2691 est.

816 2898 1307 2967 ARTICULUS
1352 2900 1567 2965 XXV.

2060 1956 2190 2001 non
2231 1939 2422 2002 habet
2463 1958 2602 2003 esse
2647 1940 2957 2014 naturale,
2991 1941 3101 2003 sed
3148 1940 3563 2004 intentionale

2059 2038 2389 2101 dumtaxat
2421 2056 2436 2099 z
2470 2039 2641 2120 quod
2671 2045 2769 2101 est
2809 2040 3056 2121 species
3095 2057 3168 2101 ac
3208 2038 3564 2103 similitudo

2060 2136 2366 2198 intellecti
2399 2144 2571 2199 stans
2616 2136 2682 2199 in
2721 2136 2967 2199 lumine
3007 2137 3390 2199 intellectus
3426 2138 3562 2200 Non

2059 2243 2158 2297 est
2190 2236 2404 2317 itaque
2435 2235 2832 2297 intellectum
2883 2244 2952 2297 ut
2995 2235 3058 2297 in
3109 2242 3320 2298 mente
3362 2236 3564 2299 homi-

2058 2335 2160 2396 nis
2192 2343 2600 2417 conceptum,
2621 2342 2682 2396 et
2716 2343 2786 2396 ut
2817 2334 2882 2396 in
2915 2353 2981 2397 se
3013 2334 3154 2417 ipso
3183 2333 3560 2407 subsistenS,

2058 2431 2302 2496 habens
2349 2451 2488 2495 esse
2537 2433 2828 2514 ejusdem
2878 2433 3141 2496 rationis
3189 2441 3254 2496 et
3299 2441 3558 2497 naturai.

2059 2530 2340 2593 Verbum
2397 2538 2610 2594 autem
2664 2531 2866 2594 divini
2928 2531 3313 2605 intellectuS,
3375 2529 3567 2593 habet

2060 2648 2284 2691 verum
2359 2648 2498 2692 esse
2569 2629 2858 2691 naturale
2929 2637 2995 2690 et
3062 2628 3567 2691 substantialiter

2062 2724 2532 2788 identificatum
2553 2743 2701 2787 cum
2733 2743 2872 2787 esse
2903 2725 3150 2807 paterni
3181 2724 3560 2787 intellectus

2063 2823 2320 2887 Constat
2351 2823 2565 2904 igitur,
2581 2823 2750 2905 quod
2783 2822 3054 2885 verbum
3084 2822 3349 2885 humani
3381 2822 3566 2885 intel-

2064 2922 2268 2984 lectus
2299 2921 2468 2984 dicat
2511 2921 2667 3004 quid
2705 2922 3040 2985 actualiter
3077 2922 3562 3004 superadditum

443 3042 753 3111 Qualiter
787 3041 1167 3116 accipienda
1209 3041 1295 3099 sit
1339 3040 1665 3099 emanatio
1710 3040 1829 3099 ma
1872 3041 1945 3099 in
1980 3024 2023 3089 C
2064 3021 2154 3083 rei
2189 3020 2546 3083 intellectae.
2565 3019 2848 3082 Verbum
2880 3036 3035 3082 vero
3065 3018 3300 3083 divinae
3332 3019 3566 3083 mentis

526 3132 781 3192 divinis
818 3150 949 3209 qua
990 3130 1293 3205 Spiritus
1334 3131 1619 3191 Sanctus
1646 3130 1949 3189 creditur

526 3242 565 3281 a
612 3223 825 3283 Patre
868 3218 1173 3297 Filioque
1210 3220 1582 3294 procedere.

526 3417 579 3480 N
610 3432 1019 3499 quacumque
1061 3430 1253 3496 porro
1295 3421 1519 3477 natura
1562 3422 1659 3477 est
1701 3414 1949 3477 intelle-

556 3524 721 3587 ctus„
754 3512 821 3575 in
852 3531 927 3575 ea
954 3520 1053 3575 est
1080 3519 1145 3575 et
1172 3512 1466 3575 voluntas
1492 3530 1505 3573 :
1530 3513 1947 3595 quemadmo-

406 3617 604 3679 .dum
654 3614 721 3675 in
780 3610 994 3694 primo
1040 3610 1383 3673 deductum
1443 3618 1555 3673 est.
1608 3609 1945 3691 objectum

442 3729 725 3794 namque
754 3710 1235 3783 voluntati8,est
1260 3708 1496 3772 bonum
1529 3709 1941 3772 intellectum.

438 3812 603 3875 Nam
646 3809 815 3873 sicut
860 3808 927 3871 in
976 3826 1045 3869 re
1096 3806 1365 3869 naturali
1415 3806 1686 3869 formam
1734 3825 1949 3871 conse-

438 3910 663 3992 quitur
728 3903 1063 3969 inclinatio
1128 3904 1417 3986 quaedam
1474 3905 1552 3967 ad
1611 3906 1942 3988 proprium

437 4010 707 4081 bonum,
742 4005 943 4069 finem
975 4023 1049 4066 ac
1082 4002 1566 4086 perfectionem,
1595 4023 1735 4085 quae
1768 4012 1945 4066 natu-

436 4106 591 4170 ralis
620 4104 945 4189 appetitus
975 4101 1243 4181 dicitur3
1277 4101 1369 4163 sic
1403 4100 1466 4163 in
1498 4108 1723 4165 natura
1758 4102 1941 4165 intel-

2062 3120 2154 3182 nil
2223 3118 2596 3201 superaddit
2651 3116 3046 3180 accidentale
3105 3118 3165 3179 ei
3225 3118 3410 3198 cujus
3469 3125 3567 3181 est

2062 3215 2332 3280 verbum
2374 3224 2438 3279 et
2475 3217 2554 3279 de
2596 3233 2725 3299 quo
2754 3215 3096 3297 profertur.
3131 3216 3308 3279 Ratio
3349 3224 3566 3280 autem

2060 3316 2290 3379 horum
2339 3323 2456 3387 est,
2518 3314 2672 3397 quia
2730 3314 2988 3376 divinus
3048 3313 3410 3377 intellectus
3467 3322 3565 3378 est

2060 3433 2260 3497 purus
2291 3420 2354 3475 et
2385 3412 2856 3495 supersimplex
2887 3419 3068 3474 actus
3103 3429 3117 3472 ε
3151 3412 3218 3473 in
3262 3430 3390 3494 quo
3425 3431 3560 3476 om-

2058 3511 2424 3575 niformiter
2493 3531 2697 3574 unum
2764 3518 2913 3573 sunt
2978 3528 3116 3573 esse
3189 3518 3253 3573 et
3317 3512 3556 3575 intelli-

2056 3628 2224 3691 gere.
2279 3610 2407 3672 Hoc
2461 3627 2614 3673 vero
2669 3608 2896 3671 creatis
2944 3607 3376 3672 intellectibus
3427 3627 3552 3673 non

2058 3708 2376 3771 convenit.
2413 3707 2535 3771 Sed
2565 3707 2698 3770 baec
2729 3706 3027 3789 superius
3061 3705 3336 3770 lucidius
3373 3707 3552 3771 habi·

2058 3814 2119 3868 ta
2162 3813 2330 3868 sunt.

2136 3905 2316 3967 Sicut
2345 3901 2612 3985 proinde
2655 3900 3048 3963 intellectum
3095 3909 3164 3963 ut
3207 3902 3274 3964 in
3318 3902 3551 3967 intelli-

2053 4009 2243 4085 gente
2274 4006 2680 4082 conceptum,
2713 4007 2809 4061 est
2838 3997 3106 4061 verbum
3146 4000 3549 4083 intellectus;

2054 4103 2145 4165 sic
2189 4107 2472 4163 amatum
2527 4106 2596 4160 ut
2642 4098 2710 4160 in
2765 4105 3018 4160 amante
3074 4099 3407 4176 exsistenS,
3457 4109 3556 4165 est

436 4204 721 4277 lectuali,
744 4222 823 4266 ex
853 4198 1361 4284 apprehensione
1392 4199 1613 4263 sormae
1644 4200 1941 4284 intelligi·
1974 4205 2025 4269 D
2054 4201 2222 4263 sicut
2257 4216 2437 4263 amor
2475 4215 2601 4279 quo
2639 4196 2706 4258 in
2742 4203 3025 4259 amatum
3070 4197 3274 4259 tendit
3309 4217 3552 4264 amans.

434 4304 591 4368 bilis
629 4302 835 4365 oritur
864 4298 1196 4363 inclinatio
1223 4298 1301 4361 ad
1343 4295 1405 4361 id
1438 4298 1607 4381 quod
1646 4299 1945 4382 intelligi-

434 4413 570 4477 tur,
614 4400 967 4465 secundum
1012 4397 1181 4480 quod
1226 4396 1439 4479 ipsum
1476 4396 1837 4480 concipitur
1876 4406 1945 4460 ut

434 4502 685 4566 bonum
715 4506 779 4562 et
808 4496 1217 4561 conveniens.
1251 4496 1395 4559 Haec
1424 4504 1638 4559 autem
1682 4496 1946 4560 inclina-

434 4602 535 4664 tio
580 4598 817 4661 dicitur
858 4595 1183 4679 appetitus
1228 4594 1675 4658 intellectualis
1717 4595 1798 4657 ad
1841 4613 1945 4658 vo-

438 4701 752 4764 luntatem
784 4702 1099 4778 spectans
1134 4692 1311 4757 Sicut
1340 4692 1535 4774 igitur
1563 4694 1628 4755 in
1660 4693 1943 4776 superio-

438 4796 625 4860 ribus
660 4802 987 4858 ostensum
1038 4799 1157 4866 est,
1198 4793 1365 4874 quod
1417 4792 1583 4855 Deus
1628 4790 1711 4854 sit
1760 4792 1825 4855 in
1876 4811 1943 4855 se

442 4899 587 4980 ipso
624 4893 791 4956 sicut
840 4890 1235 4954 intellectum
1288 4890 1353 4952 in
1404 4890 1821 4972 intelligente,
1868 4910 1945 4954 eo

438 4994 615 5079 quod
645 4990 863 5055 divina
892 4989 1168 5053 essentia
1196 4983 1309 5051 seu
1343 4990 1749 5072 veritas,quae
1780 4991 1944 5054 Deus

438 5102 563 5165 est,
615 5092 699 5153 sit
752 5088 957 5152 divini
1016 5086 1377 5151 intellectus
1434 5087 1800 5170 obJectum3
1851 5090 1944 5153 sic

440 5208 707 5277 prorsus
738 5205 997 5250 necesse
1028 5193 1125 5249 est
1154 5194 1225 5248 ut
1255 5186 1419 5248 Dens
1464 5186 1549 5248 sit
1588 5187 1651 5248 in
1692 5205 1761 5250 se
1806 5187 1945 5270 ipso

438 5296 517 5353 ut
544 5292 825 5353 amatum
860 5285 925 5347 in
956 5290 1233 5361 amante,
1265 5301 1343 5347 eo
1372 5285 1542 5367 quod
1581 5285 1797 5349 divina
1836 5284 1945 5349 bo-

688 5420 753 5473 T.
791 5418 871 5471 33.

2054 4298 2350 4363 Amatum
2384 4314 2618 4378 nempe
2648 4302 2746 4357 est
2774 4294 2837 4357 in
2873 4294 3196 4358 voluntate
3226 4296 3392 4359 sicut
3432 4307 3556 4362 ter·

2056 4398 2271 4459 minus
2313 4403 2524 4459 motus
2564 4394 2630 4456 in
2675 4393 2996 4477 principio
3041 4396 3329 4459 motivo:
3361 4398 3556 4479 perfi-

2056 4496 2224 4558 citur
2270 4494 2444 4557 enim
2487 4492 2780 4557 voluntas
2830 4511 2944 4574 per
2991 4492 3111 4556 hoc
3149 4494 3318 4576 quod
3358 4512 3553 4578 copu-

2058 4595 2224 4657 latur
2269 4600 2477 4656 amato
2527 4590 2590 4653 in
2641 4592 2812 4673 quod
2859 4591 3082 4655 tendit.
3143 4591 3280 4655 Non
3337 4601 3552 4657 autem

2054 4692 2261 4757 tendit
2292 4691 2358 4754 in
2389 4697 2694 4763 amatum,
2729 4688 2852 4751 nisi
2899 4696 3157 4771 propter
3199 4694 3554 4773 proportio·

2055 4811 2204 4855 nem
2237 4790 2578 4873 quamdam
2610 4794 2674 4850 et
2703 4787 3210 4851 convenientiam
3243 4788 3308 4850 in
3350 4801 3559 4856 amato

2056 4890 2511 4955 consistentem
2540 4886 2858 4949 alliciatur
2885 4883 2966 4947 ab
2996 4893 3222 4949 amato.
3258 4888 3556 4953 Amatum

2056 5007 2208 5071 ergo
2251 4994 2322 5050 ut
2365 4986 2430 5048 in
2474 4993 2726 5047 amante
2770 4982 3261 5059 consideratum,
3294 4986 3560 5052 inclinat

2056 5098 2120 5151 et
2153 5094 2366 5150 movet
2394 5090 2710 5147 amantem
2755 5089 2824 5143 ut
2852 5080 2918 5142 in
2947 5088 3230 5145 amatum
3261 5102 3330 5147 se
3359 5092 3558 5149 trans-

2055 5187 2236 5248 ferat.
2271 5184 2402 5246 Hoc
2431 5187 2645 5244 autem
2678 5179 2849 5263 quod
2894 5186 3107 5242 movet
3149 5188 3213 5241 et
3256 5181 3554 5247 intrinse-

2058 5304 2171 5348 cus
2241 5280 2518 5365 impellit
2580 5286 2902 5341 amantem
2959 5275 3026 5339 in
3089 5287 3396 5358 amatum,
3455 5290 3556 5347 est

3238 5414 3300 5471 27

3609 3749 3682 3793 lib.
3697 3749 3731 3800 Ι,
3761 3753 3846 3793 art.

3580 3826 3663 3863 uv,
3723 3825 3844 3865 ιιινς

3579 3875 3655 3918 lib.
3677 3874 3731 3927 n,
3759 3878 3843 3919 art.

3579 3951 3682 3981 ΙἾΙΙ.
