4300 6259
344 1191 967 1243 REVERENDISSIMO
1031 1192 1105 1243 IN
1170 1190 1471 1242 CHRISTO
1540 1190 1777 1258 PATRI,
1840 1188 2151 1240 PRINCIPI
2217 1189 2304 1238 ET
2363 1188 2658 1253 DOMINO,
2715 1189 2787 1239 D.
2849 1187 3160 1239 GEORGIO
3227 1188 3448 1242 LUBU·

489 1307 731 1358 SlANAE:
792 1309 879 1358 ET
936 1306 1511 1360 RATZBURGENSIS
1574 1305 2069 1358 ECCLESIARUM
2144 1304 2505 1372 EPISCOPO,
2576 1304 2886 1356 JOANNES
2953 1305 3341 1356 RouBEch
3397 1307 3446 1356 A

488 1423 767 1474 KYRSPE
820 1422 1237 1476 TnEoLOGUs
1288 1423 1373 1474 m·
1422 1420 1921 1491 PRAEDICATOR,
1979 1422 2041 1472 S.
2099 1422 2164 1470 P.

456 1775 703 1842 NTER
740 1774 995 1838 ceteros
1031 1769 1406 1836 chrIstianae
1433 1769 1827 1854 Religionis,
1850 1773 2201 1856 utriusque
2238 1774 2696 1857 (ecclesiastici
2719 1790 2958 1856 nempe
2991 1776 3055 1840 et
3083 1771 3448 1862 saecularis)

340 1783 707 2054 Istatus
753 1877 1243 1944 illustrissimos
1294 1875 1637 1959 Principes
1687 1880 1753 1943 et
1800 1879 2125 1944 Dominos
2173 1881 2486 1946 Ecclesiae
2535 1897 2861 1964 procereS,
2914 1883 3084 1946 hanc
3134 1882 3448 1964 inclytam

488 1991 823 2055 Ubiorum
876 1986 1108 2050 urbem
1159 1985 1504 2049 Coloniam
1542 1986 2003 2068 Agrippinam,
2046 2005 2200 2052 cum
2251 1989 2692 2053 invictissimo
2734 1989 3191 2054 Romanorum
3235 1989 3452 2072 Impe-

336 2100 553 2162 ratore
598 2111 861 2176 semper
897 2091 1179 2175 augusto
1212 2090 1447 2156 Carolo
1480 2091 1561 2170 V,
1596 2109 1671 2156 ac
1708 2092 2191 2173 gloriosissimo
2237 2094 2652 2159 Ferdinando
2700 2095 2845 2176 ejus
2891 2111 3230 2177 germano,
3263 2096 3452 2160 Hun-

337 2205 537 2286 gariae
598 2205 745 2265 tum
782 2201 849 2264 et
902 2198 1265 2278 Bohemiae,
1306 2215 1482 2261 nunc
1520 2215 1786 2280 quoque
1834 2199 1943 2262 hic
1973 2199 2116 2279 jam
2175 2199 2382 2264 electo
2439 2203 2504 2264 et
2551 2201 2618 2263 in
2669 2200 2966 2281 Aquensi
3013 2201 3257 2282 oppido
3297 2219 3446 2265 cum

338 2311 637 2380 mxima
671 2307 885 2390 gloria
928 2308 995 2370 et
1040 2305 1383 2387 triumpho
1422 2308 1731 2369 coronato
1765 2305 2224 2370 Romanorum
2260 2306 2467 2389 Rege,
2503 2309 2859 2389 ingresSOS,
2895 2324 3028 2370 non
3057 2307 3200 2372 sine
3241 2309 3448 2372 animi

337 2417 775 2482 delectatione
812 2413 1101 2496 plurima
1136 2411 1305 2476 mihi
1344 2411 1605 2492 obtigit,
1642 2411 2033 2494 dignissime
2068 2414 2338 2496 praesul,
2390 2417 2606 2478 tecum
2647 2415 2822 2498 apud
2867 2415 3330 2479 Reverendum
3377 2416 3446 2478 in

337 2523 605 2587 Christo
634 2523 901 2586 Patrem
930 2521 995 2584 et
1021 2518 1388 2582 Dominum
1425 2519 1507 2582 D.
1540 2519 1867 2583 Thomam
1894 2519 2326 2602 Campegium
2366 2523 2752 2604 episcopum
2789 2523 3219 2603 Feltrensem,
3251 2524 3448 2604 atque

336 2629 705 2694 Dominum
742 2628 825 2691 D.
856 2626 1181 2690 Joannem
1218 2623 1504 2688 Fabrum
1546 2625 1932 2706 episcopum
1970 2625 2438 2708 Viennensem,
2478 2644 2664 2692 meos
2700 2629 3070 2712 praecipuos
3111 2631 3178 2692 et
3215 2629 3449 2710 singu-

334 2737 503 2800 lares
540 2735 801 2798 amicos
837 2734 904 2796 et
939 2731 1228 2796 fautores
1265 2729 1363 2812 (id
1400 2732 1579 2812 quod
1616 2733 1761 2795 tum
1803 2749 2025 2797 coram
2055 2752 2125 2798 re
2164 2733 2308 2817 ipsa
2345 2735 2842 2818 comprobasti),
2877 2735 3308 2819 colloquium,
3334 2737 3448 2801 ubi

334 2845 489 2906 tuus
526 2842 887 2923 adspectus
918 2841 984 2903 et
1018 2838 1232 2902 dulcis
1260 2855 1503 2917 serm0,
1538 2856 1672 2920 quo
1700 2855 1832 2902 non
1870 2840 2038 2904 nihil
2076 2858 2446 2924 propensus
2482 2841 2788 2908 videbare
2819 2844 2888 2906 in
2915 2861 3054 2907 rem
3093 2861 3335 2924 meam,
3373 2861 3450 2909 ac

334 2950 629 3014 multum
670 2947 925 3012 faveres
958 2944 1218 3010 homini
1258 2945 1577 3010 hactenus
1615 2945 1781 3011 facie
1824 2947 2073 3028 ignot0,
2116 2965 2225 3012 me
2267 2948 2562 3031 profecto
2604 2951 2850 3014 mirum
2885 2951 2954 3014 in
2991 2952 3266 3016 modum
3307 2952 3450 3033 pel-

334 3056 553 3120 lexere
592 3056 665 3118 in
700 3053 801 3119 tui
830 3053 1315 3117 observantiam
1354 3054 1419 3116 et
1456 3069 1773 3117 amorem.
1815 3055 2089 3119 Postera
2126 3057 2348 3120 autem
2387 3055 2518 3136 die,
2562 3057 2775 3122 calcar
2809 3057 3050 3139 adjecit
3086 3058 3261 3122 ultro
3303 3076 3450 3123 cur-

333 3164 499 3226 renti
541 3161 1015 3227 celeberrimus
1053 3160 1285 3226 doctor
1324 3159 1665 3224 Conradus
1710 3161 2057 3243 Wimpina
2099 3179 2139 3226 a
2177 3163 2397 3244 Fagis,
2438 3165 2554 3244 qui
2592 3165 2657 3228 te
2694 3163 2858 3228 adeo
2905 3165 3073 3228 mihi
3113 3182 3446 3230 commen-

333 3269 515 3333 davit
563 3269 651 3332 de
698 3283 961 3331 morum
1006 3265 1332 3348 probitate
1380 3267 1445 3330 et
1490 3266 1999 3348 praeclarissima
2044 3270 2198 3334 vitae
2235 3270 2676 3334 sanctimonia
2719 3271 2925 3335 simul
2973 3289 3049 3336 ac
3093 3272 3446 3355 multijuga

334 3377 733 3454 eruditione,
777 3377 851 3438 ut
905 3391 1039 3437 non
1095 3374 1295 3437 modo
1346 3373 1694 3456 perbeatos
1748 3377 2119 3442 censuerim
2168 3375 2568 3442 Lubusianae
2619 3395 2696 3442 ac
2752 3378 3268 3460 Ratzburgensis
3321 3381 3448 3444 Ec-

332 3483 691 3548 clesiarum
749 3481 1057 3563 popu103,
1096 3479 1341 3561 quibus
1386 3482 1522 3544 tam
1563 3481 1799 3545 doctus
1850 3483 2119 3564 tamque
2174 3483 2462 3563 vigilans
2509 3487 2756 3565 pastor,
2800 3485 2994 3566 cujus
3044 3485 3448 3568 multiplices

332 3592 619 3654 virtutes
660 3590 971 3672 superent
1017 3587 1263 3652 famam
1305 3588 1555 3670 alioqui
1602 3588 2180 3669 gloriosissimam,
2221 3589 2590 3672 obtigisset,
2638 3609 2868 3656 verum
2915 3593 2980 3656 et
3020 3592 3445 3658 Academiam

330 3697 515 3760 illam
558 3695 860 3761 nobilem
904 3695 1391 3760 Francofordiae
1430 3696 1625 3776 juxta
1668 3696 1955 3761 Oderam
2000 3697 2178 3760 haud
2215 3699 2549 3762 immerito
2591 3698 2860 3779 gloriari
2902 3700 2984 3764 de
3034 3701 3214 3763 tanto
3251 3700 3447 3764 Prin-

332 3805 496 3885 cipe,
530 3803 999 3886 gubernatore,
1029 3803 1281 3866 rectore
1322 3804 1389 3866 et
1424 3803 1859 3882 moderatore,
1903 3803 2538 3887 privilegiorumque
2569 3808 3029 3870 conservatore
3064 3827 3078 3868 :
3112 3807 3228 3888 qui
3264 3809 3340 3871 ut
3375 3808 3448 3872 fit

332 3911 641 3975 omnium
676 3909 1129 3974 studiosorum
1182 3908 1423 3990 fautor,
1468 3913 1723 3974 amator
1760 3912 1825 3974 et
1861 3912 2226 3992 promotor,
2263 3911 2356 3974 ita
2395 3913 2726 3993 praecipue
2777 3913 2948 3976 istuc
2983 3915 3256 3978 conetur
3293 3931 3444 3978 cum

331 4019 543 4098 gratia
582 4015 1031 4080 Illustrissimi
1060 4014 1391 4097 Principis
1436 4017 1501 4080 et
1536 4016 1807 4081 Domini
1852 4017 1935 4082 D.
1975 4017 2307 4082 Joachimi
2337 4017 2740 4082 Marchionis
2766 4017 3440 4102 Brandenburgensis,

331 4125 499 4188 sacri
533 4123 827 4188 Romani
858 4121 1129 4204 Imperii
1165 4121 1715 4188 Arcbicamerafii
1750 4126 1817 4190 et
1850 4124 2198 4203 Electoris,
2230 4125 2382 4204 etc.,
2412 4123 2836 4190 doctissimos
2872 4143 3196 4192 arcessere
3234 4128 3436 4210 virOS,

332 4232 447 4312 qui
476 4230 905 4312 jnventutem
939 4229 1009 4292 in
1044 4228 1237 4294 bonis
1273 4229 1646 4311 disciplinis
1672 4231 2044 4312 instituant,
2075 4233 2141 4296 et
2169 4231 2374 4296 sacris
2399 4231 2720 4296 doctrinis
2755 4233 3080 4314 erudiant,
3112 4236 3442 4300 enutriant

332 4340 397 4402 et
448 4336 845 4420 provehant,
898 4336 983 4400 ad
1030 4336 1369 4402 catholicae
1415 4337 1570 4401 fidei
1614 4339 2065 4403 defensionem
2117 4339 2436 4402 adversus
2484 4339 2688 4420 hujus
2735 4338 3174 4406 turbatissimi
3216 4344 3446 4408 saeculi

332 4445 639 4510 veritatis
684 4461 933 4508 osores.
986 4443 1159 4508 Hinc
1206 4442 1304 4526 (ni
1354 4461 1460 4509 me
1508 4463 1657 4510 mea
1704 4446 1888 4510 fallat
1935 4446 2192 4529 opinio)
2231 4464 2362 4511 non
2401 4448 2540 4510 tam
2587 4446 2911 4511 vocabulo
2952 4465 3152 4529 quam
3206 4452 3441 4515 merito

334 4553 621 4618 imitaris
656 4551 957 4632 Moysen,
996 4552 1283 4616 imitaris
1318 4554 1386 4616 et
1421 4552 1776 4632 Aaronem,
1818 4556 1891 4618 ut
1922 4554 1989 4616 in
2027 4552 2450 4619 tabernaculo
2488 4555 2764 4619 Domini
2793 4559 2908 4619 aut
2944 4573 2984 4619 a
3018 4558 3161 4622 Deo
3199 4558 3438 4638 disca8‚

333 4663 447 4725 aut
494 4659 826 4744 populum
872 4659 1133 4738 doceas,
1176 4675 1327 4740 quae
1376 4660 1509 4724 duo
1556 4663 1713 4725 sunt
1752 4662 2218 4742 episcoporum
2264 4679 2486 4744 opera,
2533 4679 2653 4726 ceu
2689 4679 2890 4744 quam
2938 4662 3444 4745 diligentissime

331 4769 555 4832 tecum
603 4765 933 4846 revolvas,
974 4767 1226 4830 tantam
1271 4764 1507 4831 debere
1562 4768 1895 4850 pontificis
1944 4771 2510 4834 conversationem
2557 4773 2623 4833 et
2667 4770 3106 4834 eruditionem
3157 4788 3326 4852 esse,
3369 4775 3446 4836 ut

334 4891 565 4940 omnes
594 4875 821 4938 motus
850 4875 917 4938 et
951 4890 1219 4955 gressus
1254 4875 1319 4938 et
1348 4874 1658 4939 universa
1694 4875 1841 4956 eJus
1880 4892 2077 4958 opera
2114 4875 2434 4940 notabilia
2468 4877 2604 4941 sint
2635 4897 2650 4940 ε
2684 4894 2924 4958 nempe
2952 4877 3069 4958 qui
3097 4879 3442 4944 veritatem

330 4984 552 5048 mente
586 4980 941 5063 concipiat,
982 4982 1047 5044 et
1086 4997 1233 5044 eam
1272 4981 1413 5045 toto
1454 4981 1687 5046 habitu
1722 4986 1983 5048 resonet
2032 4986 2097 5048 et
2145 4985 2405 5064 ornatu,
2438 4985 2514 5047 ut
2555 4983 2880 5065 quidquid
2927 4985 3086 5065 agit,
3118 4986 3444 5068 quidquid

328 5089 649 5172 loquitur,
670 5088 973 5152 doctrina
1000 5087 1090 5150 sit
1126 5087 1549 5169 populorum.
1592 5088 1753 5154 Haec
1786 5090 1951 5155 olim
1989 5091 2255 5172 scripsit
2290 5089 2602 5154 Aurelius
2639 5089 3054 5172 Augustinus
3091 5093 3442 5176 episcopus

330 5196 807 5280 HipponensiS,
846 5211 887 5259 a
924 5193 1169 5278 quibus
1197 5194 1341 5277 jam
1386 5198 1453 5260 et
1497 5198 1571 5260 tu
1616 5195 2039 5263 Lubusianus
2076 5199 2143 5263 et
2178 5197 2694 5280 Ratzburgensis
2730 5197 3030 5278 antisteS,
3069 5215 3190 5263 nec
3225 5199 3438 5283 pilum

328 5303 597 5387 quidem
644 5303 859 5368 latum
906 5301 1195 5368 discedis
1238 5323 1253 5364 ε
1298 5303 1527 5387 utpote
1574 5306 1691 5389 qui
1740 5305 1953 5370 multo
2006 5305 2227 5370 studio
2277 5307 2344 5370 et
2387 5304 2610 5372 labore
2655 5305 2724 5369 in
2767 5305 2882 5370 illa
2931 5307 3042 5370 tua
3080 5305 3436 5372 Academia
