4300 6259
1068 469 1496 520 sturm-nio
1534 471 1998 520 rmtosormca.
2043 489 2125 504 —
2167 473 2246 520 nn
2286 473 2641 522 nummus
3329 456 3410 518 99

651 645 1171 713 PROPOSITIO
1218 646 1457 712 XCVI.

382 836 799 904 Virtutum
843 839 1202 921 quaedam
1253 839 1445 906 sunt
1490 838 1803 906 intelle·

304 934 631 1016 ctuales‚
660 936 1021 1017 qnaedam
1048 937 1412 1017 moraleS,
1443 937 1801 1019 quaedam

304 1031 631 1116 div-lum,
702 1035 1173 1114 theolog-tcae
1238 1047 1551 1117 quoque
1619 1049 1802 1102 non-

303 1129 567 1211 nuuae,
610 1132 695 1198 et
734 1131 1021 1215 aliquae
1064 1132 1530 1200 cardinales,

382 1227 563 1301 Quod
592 1236 711 1304 cst,
743 1230 1047 1312 quoniam
1090 1228 1457 1293 intellectus
1487 1237 1551 1293 et
1580 1229 1805 1294 volun·

306 1334 400 1388 tas
446 1335 601 1389 sunt
645 1327 957 1390 virtutum
1006 1326 1318 1410 subjecta,
1368 1336 1433 1391 et
1479 1328 1803 1412 appetitus

306 1424 653 1488 sensitivus
682 1431 975 1508 uterque,
1008 1433 1079 1488 ut
1105 1425 1307 1508 aliqui
1344 1426 1569 1489 dicunt
1600 1443 1615 1488 z
1650 1443 1807 1510 quo-

308 1523 479 1585 niam
508 1523 579 1586 in
608 1523 834 1588 eodem
862 1523 1155 1606 subjecto
1192 1533 1341 1586 sunt
1376 1525 1579 1588 virtus
1622 1532 1687 1588 et
1715 1525 1807 1588 vi·

304 1621 467 1684 tium
495 1620 625 1684 sibi
652 1624 1061 1686 contrarium.
1096 1623 1571 1698 Verumtamen,
1603 1643 1805 1706 quum

1832 645 1883 708 A
1914 643 2151 728 quibus
2182 643 2248 708 in
2279 643 2784 708 Elementatione
2823 641 3178 724 theologica
3221 641 3413 704 diffu-

1912 742 2047 805 sius
2086 751 2188 806 est
2227 743 2648 805 tractandum.

2241 948 2766 1014 PROPOSITIO
2811 949 3081 1014 XCVII.

1992 1135 2356 1201 Virtutes
2417 1133 2764 1200 morales
2817 1135 2903 1201 in
2959 1146 3248 1212 genere
3306 1133 3414 1200 ‹fl-

1912 1234 2206 1300 cuntur
2246 1246 2416 1299 esse
2460 1232 2900 1300 duodecim.

1993 1330 2171 1404 Quod
2221 1338 2338 1406 est,
2385 1330 2691 1413 quoniam
2741 1329 2877 1394 istae
2924 1330 3194 1393 virtutes
3243 1329 3415 1392 circa

1914 1427 2249 1492 sensibilia
2277 1437 2613 1492 versantur
2640 1427 2914 1510 objecta,
2947 1429 3118 1492 circa
3147 1447 3290 1510 quae
3321 1447 3414 1490 re-

1913 1527 2170 1591 frenant
2195 1546 2270 1591 ac
2299 1527 2596 1591 ordinant
2632 1528 2990 1610 appetitum
3033 1526 3413 1590 sensitivum

1914 1635 2044 1690 tam
2075 1625 2648 1709 concupiscibilem
2678 1645 2871 1708 quam
2902 1625 3315 1700 irascibilem,
3335 1644 3415 1689 ne

307 1721 577 1784 virtutes
606 1722 735 1785 sint
762 1722 1129 1805 spirituales
1158 1722 1518 1806 qualitates,
1540 1732 1807 1806 apparet
1916 1725 2089 1788 circa
2116 1725 2228 1790 illa
2255 1725 2614 1789 inordinate
2652 1733 2718 1788 et
2757 1725 3172 1788 immoderate
3209 1723 3416 1788 affici·

305 1819 473 1894 aliis,
518 1821 697 1902 quod
741 1820 807 1883 in
852 1823 1141 1905 appetitu
1184 1822 1513 1896 sensitiva,
1556 1823 1667 1904 qui
1708 1829 1806 1885 est
1840 1821 1889 1884 B
1917 1832 2224 1904 atur3aut
2250 1832 2398 1886 sunt
2427 1824 2796 1887 directrices
2828 1825 2893 1886 in
2924 1823 3418 1906 hujusmodiac-

306 1918 511 1980 virtus
569 1919 891 2000 organica,
940 1930 1004 1983 et
1052 1920 1239 2002 cujus
1286 1919 1651 2003 subiectum
1710 1928 1807 1984 est
1918 1921 2091 1984 tibus
2122 1921 2553 1996 moderandiS‚
2584 1929 2656 1984 ut
2685 1921 3026 2004 prudentia
3068 1929 3132 1984 et
3171 1921 3418 2004 species

306 2017 661 2089 materiale,
706 2035 847 2080 esse
876 2035 1001 2081 non
1033 2017 1287 2081 valeant
1322 2017 1679 2100 subJective
1716 2027 1807 2082 at·
1918 2021 2103 2102 ejus3
2135 2027 2246 2082 aut
2276 2021 2448 2083 circa
2484 2019 2886 2104 operationes
2931 2020 3244 2082 humanas
3281 2037 3420 2082 ver·

310 2134 433 2198 que
500 2114 784 2190 realiter,
842 2116 955 2179 sed
1013 2135 1129 2200 per
1186 2116 1677 2200 impressionem
1735 2136 1809 2181 ac
1920 2127 2160 2194 santur,
2196 2119 2364 2182 sicut
2398 2119 2668 2200 justitia.
2705 2119 2992 2201 Denique
3032 2119 3255 2180 harum
3299 2119 3424 2180 vir·

308 2215 801 2278 redundantiam
852 2215 1061 2279 solum
1108 2235 1147 2278 a
1192 2223 1371 2300 parte
1420 2216 1811 2280 intellectiva
1920 2225 2132 2280 tutum
2177 2236 2486 2280 numerus
2527 2225 2592 2278 et
2631 2215 3028 2280 sufficientia
3067 2233 3195 2280 uno
3233 2216 3422 2279 modo

310 2314 375 2374 in
404 2314 1097 2378 sensitivam.Virtutes
1126 2315 1341 2398 itaque
1368 2315 1639 2378 morales
1670 2334 1813 2398 quae

308 2413 555 2475 directe
586 2413 758 2477 circa
794 2413 1165 2496 passionum
1206 2413 1701 2478 refrenationem
1740 2433 1813 2477 ac

308 2510 843 2575 rectificationem
874 2512 1306 2585 versantur,in
1336 2513 1644 2577 sensitivo
1671 2519 1817 2576 sunt

306 2611 628 2692 appetitu,
679 2610 815 2673 sive
870 2629 987 2694 per
1034 2610 1475 2686 inhaesionem,
1526 2609 1663 2674 sive
1702 2629 1816 2694 per

308 2708 827 2792 impressionem.
860 2707 1201 2772 Prudentia
1226 2717 1440 2771 autem
1470 2709 1537 2770 in
1568 2708 1814 2772 intelle·

306 2815 411 2869 ctu
458 2815 565 2870 est
615 2807 937 2890 practico;
978 2807 1277 2870 similiter
1322 2826 1444 2870 ars.
1492 2807 1818 2889 Sapientia

308 2921 459 2968 vero
487 2913 558 2968 et
588 2904 879 2980 scientia,
910 2912 973 2966 et
1012 2903 1377 2968 intellectus
1416 2905 1525 2987 qui
1567 2913 1665 2968 est
1706 2907 1814 2968 ha-

1923 2323 2269 2378 sumuntur
2297 2333 2376 2376 ex
2407 2323 2586 2398 parte
2618 2313 2896 2394 subjecti
2921 2314 3116 2395 :quia
3145 2315 3421 2396 pruden-

1923 2415 2013 2476 tia
2044 2415 2109 2476 in
2140 2415 2384 2476 ratione
2423 2413 2754 2486 consistit;
2784 2414 3056 2494 iustitia,
3091 2413 3158 2475 in
3198 2412 3420 2475 volun-

1924 2519 2071 2576 tate.
2113 2513 2270 2577 Aliae
2312 2513 2534 2576 decem
2583 2512 2648 2574 in
2692 2513 2982 2594 appetitu
3026 2520 3178 2575 sunt
3219 2511 3422 2575 sensi-

1924 2611 2079 2684 tivo,
2118 2619 2229 2674 aut
2273 2610 2719 2684 essentialiter,
2757 2617 2868 2672 aut
2917 2628 3032 2692 per
3078 2610 3422 2693 quamdam

1928 2710 2439 2792 impressionem.
2501 2709 2649 2782 Quae
2707 2708 2977 2771 virtutes
3034 2709 3306 2770 tendunt
3362 2713 3424 2768 et

1924 2808 2306 2871 ordinantur
2361 2807 2428 2868 in
2479 2806 2722 2870 bonum
2781 2806 3069 2880 rationis,
3118 2805 3424 2888 quoniam

1926 2906 2334 2970 moderativae
2377 2914 2527 2968 sunt
2564 2905 2958 2987 passionum,
2988 2910 3180 2985 atque
3219 2910 3426 2967 custo-

308 3002 481 3066 bitus
512 3002 987 3086 principiorum
1019 3003 1399 3086 primorum,
1434 3003 1501 3065 in
1531 3002 1815 3085 specula·
1845 3002 1889 3068 G
1926 3005 2113 3067 diunt
2171 3002 2416 3066 bonum
2463 3003 2751 3076 rationiS,
2801 3001 2958 3064 vitia
3015 3002 3422 3065 removendo,

310 3102 442 3165 tivo
475 3108 636 3164 sunt
666 3101 1017 3164 intellectu.
1051 3100 1212 3163 Sunt
1241 3101 1485 3184 quippe
1528 3101 1815 3184 quinque

306 3200 376 3262 hi
422 3199 693 3263 habitus
742 3198 1207 3262 intellectuales
1243 3216 1258 3260 τ
1292 3200 1407 3280 qui
1456 3206 1520 3262 et
1547 3198 1815 3262 virtutes

308 3295 787 3360 intellectuales
815 3297 1159 3379 aliquando
1186 3297 1622 3371 nominantur,
1646 3297 1817 3378 large

308 3403 579 3480 sumpto
637 3395 893 3457 virtutis
938 3393 1270 3460 vocabulo.
1325 3393 1583 3478 Proprie
1640 3413 1818 3458 nam-

306 3513 435 3576 que
499 3493 799 3566 scientia‚
856 3511 959 3556 ars
1020 3499 1085 3555 et
1142 3491 1507 3555 intellectus
1556 3491 1821 3575 praefato

310 3593 503 3656 modo
552 3599 885 3674 acceptus,
934 3592 1205 3654 virtutes
1262 3609 1391 3654 non
1450 3600 1622 3664 sunt,
1670 3591 1821 3674 quia

306 3690 389 3753 ab
436 3690 537 3754 eis
588 3707 720 3753 non
769 3689 1049 3752 dicimur
1089 3689 1359 3752 virtuosi
1392 3707 1409 3751 ε
1442 3689 1576 3752 imo
1615 3689 1819 3752 virtus

310 3797 375 3850 et
400 3787 683 3852 scientia
738 3786 819 3849 ab
868 3786 1147 3850 invicem
1192 3787 1695 3868 distinguuntur,
1746 3805 1820 3850 ac

310 3895 541 3952 mutuo
570 3905 647 3950 se
676 3885 1027 3969 perficiunt
1062 3904 1137 3948 ac
1174 3886 1499 3961 decorant,
1532 3887 1621 3950 ita
1651 3887 1819 3969 quod

310 3988 589 4052 scientia
632 3987 775 4050 sine
817 3986 1051 4049 virtute
1094 3986 1457 4069 appellatur
1503 3987 1817 4051 informis.

310 4084 505 4149 Porro
544 4084 865 4148 virtutum
908 4083 1249 4148 moralium
1286 4092 1561 4168 quatuor
1589 4085 1823 4168 princi-

1924 3103 2109 3177 Hinc,
2159 3110 2348 3185 prout
2394 3120 2472 3164 ex
2521 3100 2794 3164 diversis
2843 3100 3114 3181 obJectis
3157 3105 3428 3181 surgunt

1926 3203 2195 3264 diversae
2239 3199 2588 3282 passione5‚
2634 3205 2744 3260 aut
2783 3216 2861 3260 ex
2905 3199 3130 3262 eodem
3175 3198 3429 3279 objecto

1926 3299 2354 3364 diversimode
2401 3298 2822 3380 apprehense,
2872 3297 3279 3379 accipiuntur
3335 3296 3428 3358 di-

1928 3415 2125 3460 versae
2181 3396 2452 3458 virtutes
2511 3395 2803 3468 morales,
2853 3395 3209 3457 secundum
3259 3395 3428 3476 quod

1930 3495 1995 3557 in
2029 3493 2436 3576 passionibus
2467 3493 2606 3556 istis
2639 3491 2814 3554 aliud
2843 3500 2908 3554 et
2935 3491 3110 3554 aliud
3143 3492 3430 3554 medium

1930 3593 2259 3656 invenitur
2286 3592 2641 3656 secundum
2680 3590 2974 3654 ordinem
3011 3597 3076 3652 et
3110 3590 3428 3672 judicium

1930 3691 2214 3754 rationis.

2008 3789 2089 3852 At
2133 3806 2288 3852 vero
2335 3787 2664 3870 passiones
2709 3793 2981 3868 surgunt
3024 3793 3090 3849 et
3135 3775 3435 3850 o'riuntur

1930 3887 2033 3950 vel
2064 3907 2140 3950 ex
2171 3886 2342 3950 bono
2379 3885 2695 3959 sensibili,
2728 3893 2838 3947 aut
2879 3904 2956 3948 ex
2997 3885 3164 3948 malo
3205 3886 3429 3967 hujus-

1934 3985 2125 4048 modi.
2171 3983 2236 4048 Si
2281 3983 2390 4057 ita,
2431 3989 2540 4045 aut
2583 4000 2735 4063 ergo
2777 4001 2856 4045 ex
2898 3981 3068 4045 bono
3109 3989 3219 4045 aut
3263 3983 3432 4046 malo

1930 4081 2224 4146 sensibili
2252 4080 2634 4163 simpliciter
2660 4081 2852 4155 dicto,
2870 4088 2983 4143 aut
3009 4098 3088 4143 ex
3119 4079 3286 4144 bono
3315 4099 3428 4144 seu

312 4184 491 4266 pales
531 4182 724 4246 dictas
762 4188 913 4244 sunt
948 4182 1325 4258 cardinaleS,
1359 4191 1431 4245 ut
1464 4190 1823 4266 temperan·
1851 4188 1902 4252 D
1934 4182 2103 4245 malo
2150 4180 2260 4243 tali
2299 4188 2370 4243 ut
2405 4180 2605 4242 arduo
2639 4197 2653 4242 z
2686 4186 2749 4242 et
2779 4179 2834 4242 si
2863 4198 2942 4242 ex
2981 4179 3430 4260 hujuscemodi

312 4283 423 4356 tia,
478 4279 817 4354 fortitudo,
880 4279 1224 4364 prudentia
1296 4288 1487 4364 atque
1550 4281 1818 4365 justitia.

314 4381 605 4444 Virtutes
671 4387 887 4442 autem
948 4377 1182 4443 divinae
1247 4379 1551 4444 dicuntur
1616 4381 1823 4444 heroi-

314 4499 405 4544 cae
450 4498 529 4544 ac
572 4477 900 4562 perfectis,
951 4496 1063 4540 seu
1110 4476 1239 4542 illae
1275 4497 1421 4561 qua)
1458 4479 1825 4544 immediate

316 4580 491 4642 circa
522 4579 752 4642 divina
796 4584 1150 4640 versantur.
1185 4577 1493 4642 Platonici
1537 4579 1823 4654 demum,

316 4678 685 4763 praesertim
728 4676 1035 4751 plotinus,
1080 4677 1191 4760 qui
1241 4677 1342 4758 (ut
1400 4677 1465 4740 in
1524 4677 1691 4740 libro
1747 4680 1825 4742 de

318 4779 599 4842 Civitate
646 4776 761 4840 Dei
817 4777 1045 4840 asserit
1092 4776 1151 4838 S.
1207 4776 1630 4857 Augustinus)
1696 4796 1825 4840 me·

318 4879 445 4941 lius
520 4876 849 4940 intellexit
910 4875 1257 4950 Platonem,
1322 4883 1389 4938 et
1446 4875 1823 4950 Macrobius,

316 4978 765 5040 distinxerunt
806 4975 1073 5037 virtutes
1114 4973 1179 5036 in
1225 4973 1493 5036 virtutes
1534 4981 1829 5057 purgato-

316 5078 469 5152 rias,
504 5075 833 5160 politicas,
865 5073 1193 5158 animique
1222 5074 1495 5156 purgati,
1530 5080 1593 5136 et
1622 5091 1829 5137 exem-

320 5177 557 5260 plareS.

396 5276 531 5340 Ista
572 5273 685 5336 bic
728 5269 1009 5334 breviter
1052 5268 1207 5332 satis
1242 5269 1327 5332 sit
1362 5268 1649 5350 tetigisse
1690 5287 1705 5333 t
1749 5271 1827 5334 de

1934 4281 2123 4354 malo,
2156 4287 2266 4343 aut
2294 4297 2444 4360 ergo
2472 4296 2552 4341 ex
2583 4279 2752 4342 malo
2789 4279 2900 4342 tali
2941 4287 3012 4341 ut
3049 4277 3289 4354 futuro,
3321 4285 3431 4342 aut

1933 4377 2330 4464 praesenti.Si
2361 4377 2708 4452 futuro,sic
2737 4385 3122 4460 generantur
3149 4377 3216 4440 in
3245 4377 3432 4441 nobis

1931 4480 2075 4542 duae
2105 4477 2454 4562 passiones,
2471 4495 2616 4559 quae
2645 4485 2794 4540 sunt
2821 4477 3016 4540 timor
3043 4484 3107 4540 et
3134 4477 3428 4540 audacia:

1934 4580 2149 4652 timor,
2196 4577 2350 4640 dum
2397 4597 2434 4640 a
2481 4577 2650 4640 malo
2697 4577 3094 4658 refugimu53
3144 4577 3430 4652 audacia,

1934 4680 2089 4741 dum
2120 4675 2282 4740 illud
2311 4675 2736 4758 aggredimur.
2755 4676 2904 4750 Quae
2933 4677 3076 4738 duae
3106 4675 3434 4758 passiones

1936 4778 2003 4839 in
2032 4775 2344 4840 irascibili
2375 4775 2786 4838 collocantur.
2823 4775 2992 4836 Inter
3033 4792 3190 4855 quas
3229 4774 3434 4836 virtus

1940 4875 2198 4939 moralis
2241 4874 2452 4936 media
2493 4873 2754 4955 ponitur
2797 4872 3126 4946 fortitude,
3159 4891 3302 4954 quae
3338 4881 3436 4935 est

1936 4974 2244 5038 medietas
2277 4973 2441 5036 inter
2471 4972 2634 5044 illas,
2670 4971 3001 5053 potissime
3033 4971 3098 5034 in
3128 4969 3436 5053 periculis

1936 5073 2089 5136 belli
2139 5091 2212 5135 ac
2261 5071 2505 5134 mortis.
2559 5069 2622 5132 Si
2671 5077 2886 5132 autem
2943 5069 3268 5153 passiones
3327 5087 3435 5131 na-

1936 5179 2198 5236 scuntur
2225 5188 2302 5233 ex
2334 5168 2502 5232 malo
2532 5168 2826 5250 praesenti
2856 5167 3042 5232 nobis
3070 5175 3176 5231 aut
3203 5167 3438 5231 nostris

1938 5270 2135 5344 illato,
2168 5269 2372 5333 oritur
2401 5267 2515 5340 ira,
2547 5267 2996 5352 appetitui-que
3035 5265 3318 5330 vindicta
3351 5285 3366 5330 z
3398 5285 3437 5330 a
