4300 6259
1104 521 1526 570 numano
1564 519 1965 568 mmmmm.
2013 535 2095 550 —
2134 519 2216 567 na
2257 521 2378 568 nno
2419 521 2540 570 uno
2579 521 2656 568 ar
2693 521 2876 570 ramo
3425 505 3544 570 149

430 691 620 766 ratio,
654 691 783 756 nisi
818 711 991 758 mera
1018 711 1093 756 ac
1132 691 1335 756 libera
1374 710 1628 755 summa
1670 690 1781 754 Dei
1826 708 1933 755 vo·
1962 689 2015 754 A
2046 697 2357 764 notatum,
2411 692 2579 773 quod
2629 699 2726 756 est
2779 691 3151 776 temporalis
3207 691 3544 756 obduratio

432 789 673 864 luntas,
706 793 879 875 quod
924 799 991 855 et
1030 791 1358 874 Scriptura
1401 791 1467 854 in
1516 789 1735 854 multis
1778 789 1933 852 locis
2042 797 2106 852 et
2173 790 2388 852 futura
2449 790 2791 854 damnatio.
2853 790 3302 855 obdurationis
3367 791 3543 854 enim

434 888 693 951 videtur
722 889 1119 972 praetendere
1152 889 1731 971 :quemadmodum
1760 886 1935 950 nulla
2042 894 2194 949 sunt
2231 906 2421 950 causa
2463 883 2769 950 effectiva
2806 897 2871 952 et
2915 887 3280 966 meritoria3
3313 887 3545 952 futurae

431 986 561 1048 alia
586 995 857 1069 apparet
886 986 1115 1050 dabilis
1154 987 1337 1060 ratio,
1370 1005 1487 1049 cur
1524 987 1692 1049 Deus
1732 986 1935 1048 omni·
2043 1001 2197 1048 vero
2243 985 2670 1048 damnationis
2731 993 2881 1049 sunt
2937 985 3265 1048 meritoria
3312 1001 3542 1064 causa3

434 1092 687 1167 potens,
720 1084 1147 1148 essentialiter
1182 1091 1442 1148 sanctus
1470 1091 1534 1147 et
1564 1084 1795 1158 bonus,
1826 1083 1933 1146 de·
2044 1083 2598 1164 praeordinationis
2643 1090 2856 1146 autem
2898 1084 2977 1146 ad
3023 1090 3326 1147 aeternam
3374 1083 3546 1146 dam-

432 1182 531 1244 dit
556 1183 671 1245 uni
706 1182 871 1265 parti
902 1182 1185 1246 materias
1230 1182 1613 1246 nobiliorem
1658 1181 1933 1272 formam
2036 1180 2393 1254 nationem,
2423 1181 2503 1243 ad
2533 1200 2726 1263 quam
2765 1180 2846 1243 ab
2885 1189 3124 1244 aeterno
3161 1179 3544 1264 praeordina-

434 1298 631 1362 quam
688 1280 875 1344 alteri
926 1281 991 1344 in
1041 1280 1248 1362 prima
1298 1299 1515 1344 rerum
1572 1280 1933 1358 creatione;

430 1378 605 1442 sicut
644 1385 711 1442 et
752 1378 931 1442 nulla
976 1385 1076 1442 est
1122 1379 1303 1454 ratio,
1346 1397 1463 1440 cur
1506 1377 1734 1441 artifex
1784 1378 1939 1460 lapi·

432 1477 589 1538 dum
631 1494 815 1559 aeque
858 1477 1315 1560 dispositorum
1360 1495 1561 1539 unum
1612 1477 1794 1558 ponit
1834 1495 1937 1538 su—

434 1673 757 1737 voluntas.

516 1769 641 1834 Sed
672 1770 825 1853 quia
854 1771 989 1834 haec
1017 1770 1413 1834 horribiliter
1444 1777 1693 1842 sonant,
1726 1777 1791 1832 et
1832 1788 1935 1832 su·

2042 1285 2146 1340 tus
2177 1285 2273 1340 est
2303 1277 2636 1360 reprobus,
2669 1296 2798 1343 non
2828 1286 2979 1342 sunt
3015 1277 3318 1342 effectiva
3355 1297 3548 1342 causa

2044 1395 2164 1439 nec
2217 1375 2562 1440 meritoria.
2624 1376 2768 1440 Haec
2824 1377 3156 1458 responsio
3213 1375 3548 1440 roboratur

2041 1473 2419 1538 auctoritate
2457 1473 2764 1556 Apostoli,
2812 1474 2892 1537 de
2931 1474 3124 1537 Jacob
3167 1481 3232 1537 et
3273 1473 3438 1537 Esau
3467 1473 3544 1536 ad

434 1574 727 1650 blimius,
784 1576 986 1638 alium
1046 1574 1319 1650 bassius,
1380 1575 1503 1638 nisi
1564 1593 1741 1638 mera
1794 1573 1937 1655 ejus
2044 1571 2358 1634 Romanos
2400 1571 2738 1634 scribentis
2782 1589 2797 1634 τ
2839 1572 3046 1646 Quum
3087 1573 3372 1636 nondum
3412 1569 3546 1633 nati
3576 1587 3746 1693 staff.
3781 1599 3842 1638 ιι.

2046 1669 2320 1732 fuissent
2347 1677 2456 1733 aut
2485 1669 2729 1752 aliquid
2770 1671 3052 1752 egissent
3077 1669 3230 1734 boni
3268 1678 3378 1733 aut
3417 1687 3548 1732 ma-

2048 1766 2115 1840 li,
2139 1785 2267 1830 non
2299 1787 2377 1830 ex
2407 1767 2732 1849 operibus,
2757 1768 2868 1830 sed
2899 1787 2976 1830 ex
3007 1775 3272 1832 vocante
3301 1766 3546 1830 dictum

434 1866 918 1950 perdignissimi
962 1867 1075 1930 Dei
1131 1867 1425 1931 voluntas
1484 1866 1935 1930 irrationabilis
1972 1859 2019 1922 B
2047 1874 2144 1929 est
2179 1864 2416 1928 :Jacob
2459 1865 2678 1938 dilexi,
2711 1865 2875 1928 Esau
2921 1866 3068 1930 odio
3109 1865 3326 1929 habui.

433 1983 579 2029 esse
607 1983 735 2028 non
764 1972 997 2047 potest,
1030 1983 1238 2047 neque
1269 1965 1619 2048 tyrannica,
1650 1982 1769 2028 nec
1802 1983 1939 2047 per-

434 2081 739 2126 sonarum
771 2063 1117 2146 acceptrix,
1149 2081 1357 2146 neque
1390 2062 1649 2144 injusta,
1681 2081 1941 2145 praeser-

432 2162 555 2224 tim
594 2180 799 2244 quum
842 2163 981 2244 ipsa
1020 2161 1127 2224 Dei
1170 2160 1688 2243 superbenedicti
1720 2160 1941 2224 volun-

434 2267 531 2322 tas
560 2261 643 2322 sit
670 2258 1093 2322 essentialiter
1120 2259 1184 2322 id
1213 2259 1381 2341 quod
1412 2259 1725 2341 sapientia
1752 2265 1938 2340 atque

430 2358 686 2439 justitia
713 2357 857 2437 ejus
891 2357 1079 2420 :hinc
1108 2356 1220 2420 alii
1248 2356 1555 2430 sentiunt,
1589 2357 1759 2440 quod
1788 2375 1938 2420 vere

436 2457 505 2519 in
556 2454 875 2539 sapientia
915 2455 1029 2518 Dei
1070 2455 1156 2518 sit
1198 2455 1360 2518 ratio
1403 2463 1574 2518 recta
1614 2462 1678 2518 et
1720 2454 1935 2535 digna,

436 2555 635 2618 etiam
677 2554 744 2616 in
786 2552 1075 2636 speciali,
1108 2572 1223 2616 cur
1260 2553 1453 2616 istum
1496 2553 1697 2634 magis
1741 2571 1937 2634 quam

438 2651 627 2715 illum
687 2650 1203 2734 praedestinavit3
1261 2651 1555 2734 quamvis
1612 2651 1773 2715 ratio
1828 2650 1941 2713 illa

438 2749 699 2812 interim
744 2748 934 2812 lateat
974 2748 1269 2812 viatores.

518 2848 755 2910 Harum
794 2848 1065 2910 duarum
1110 2845 1487 2929 opinionum
1529 2845 1805 2928 primam
1848 2864 1943 2908 se·

438 2952 731 3027 quuntur
757 2945 1052 3020 Thomas,
1083 2945 1327 3018 Petrus,
1350 2945 1701 3008 Richardus
1726 2963 1799 3006 ac
1830 2943 1939 3006 alii

2128 1965 2582 2027 Verumtamen
2625 1963 2822 2045 objici
2865 1972 3072 2046 potest
3115 1982 3128 2026 :
3169 1962 3552 2046 Reprobatio

2048 2080 2174 2143 qua
2231 2062 2399 2125 Deus
2447 2060 2528 2124 ab
2577 2069 2816 2124 aeterno
2873 2061 3241 2144 reprobavit
3299 2061 3551 2145 praesci-

2047 2167 2210 2232 tum,
2244 2167 2342 2222 est
2371 2160 2817 2242 praeordinatio
2848 2159 2990 2241 ejus
3020 2161 3098 2223 ad
3131 2177 3418 2241 poenam3
3440 2159 3554 2223 sed

2050 2259 2480 2342 praeordinare
2526 2258 2809 2341 aliquem
2865 2259 2942 2322 ad
2993 2277 3249 2341 poenam
3294 2259 3552 2321 damna-

2048 2357 2266 2432 tioniS,
2307 2357 2432 2421 nisi
2465 2365 2729 2440 propter
2771 2357 2975 2440 ipsius
3018 2358 3427 2432 demeritum,
3459 2365 3555 2420 est

2054 2456 2366 2537 injustum
2419 2473 2432 2518 τ
2484 2456 2606 2519 hoc
2649 2472 2800 2537 ergo
2857 2473 2987 2519 non
3043 2456 3345 2520 convenit
3401 2456 3550 2519 Deo.

2050 2554 2512 2636 Respondetur‚
2563 2554 2734 2636 quod
2791 2553 3071 2636 aliquem
3131 2553 3558 2636 praeordinare

2050 2653 2128 2715 ad
2175 2669 2455 2733 paenam,
2491 2651 2577 2713 ita
2615 2652 2784 2733 quod
2831 2650 2970 2714 sine
3014 2652 3204 2733 culpa
3249 2651 3436 2714 detur
3473 2651 3553 2713 ad

2050 2749 2252 2824 illam,
2315 2748 2632 2830 injustum
2699 2757 2838 2828 est;
2911 2749 3340 2832 praeordinare
3401 2766 3554 2813 vero

2051 2865 2442 2931 quemquam
2471 2847 2550 2911 ad
2582 2865 2863 2930 poenam,
2900 2847 2988 2910 ita
3016 2854 3088 2909 ut
3115 2847 3255 2910 sine
3287 2846 3420 2908 suis
3449 2847 3554 2909 de·

2054 2947 2300 3010 meritis
2343 2964 2468 3009 non
2511 2946 2870 3020 damnetur,
2905 2952 2969 3008 et
3009 2953 3226 3008 tamen
3271 2944 3410 3028 ipsa
3450 2945 3554 3007 de-

440 3042 673 3122 multi;
704 3042 919 3117 aliam,
950 3043 1393 3106 Bonaventura
1422 3041 1621 3104 etalii
1655 3042 1936 3124 quidam.
1974 3045 2019 3110 C
2054 3043 2282 3106 merita
2327 3061 2454 3106 non
2501 3043 2632 3104 sint
2673 3043 2834 3106 ratio
2880 3041 3432 3124 praeordinationis
3471 3042 3551 3104 ad

436 3141 635 3204 Porro
672 3141 907 3223 positio
948 3140 1061 3203 illa
1103 3158 1293 3222 quam
1327 3140 1617 3222 sequitur
1645 3139 1939 3214 Thomas,

439 3238 699 3301 videtur
724 3239 1171 3302 consonantior
1196 3255 1337 3300 esse
1366 3236 1941 3319 Scripturis,quum

172 3347 349 3394 ema.
442 3345 509 3400 et
540 3337 607 3398 in
640 3337 855 3400 Exodo
884 3337 1193 3400 Dominus
1222 3335 1391 3399 dicat
1424 3334 1809 3398 :Miserebor
1835 3335 1941 3398 cui

139 3425 303 3464 ω’
336 3419 411 3459 ¹⁹·
440 3434 727 3506 voluero,
752 3443 817 3497 et
844 3433 1129 3497 clemens
1156 3451 1267 3496 ero
1298 3433 1362 3494 in
1394 3451 1585 3515 quem
1620 3432 1777 3494 mihi
1809 3432 1941 3515 pla-

100 3541 149 3582 Β
150 3555 323 3589 -----
334 3547 409 3587 ¹⁸-
438 3533 663 3596 cuerit.
698 3533 875 3595 Unde
902 3530 1243 3614 Apostolus
1272 3530 1489 3593 intulit
1522 3529 1727 3612 :Ergo
1754 3530 1941 3611 cujus

100 3613 177 3652 ²⁰·
436 3632 579 3695 vult
610 3632 970 3704 miseretur,
988 3637 1053 3692 et
1080 3647 1273 3710 quem
1304 3628 1443 3691 vult
1474 3627 1743 3691 indurat.
1772 3628 1941 3691 Dicis

438 3731 653 3812 itaque
684 3728 845 3791 mihi
881 3745 896 3790 τ
928 3727 1091 3802 Quid
1120 3726 1329 3789 adhuc
1358 3725 1699 3808 quaeritur?
1718 3725 1941 3789 volun-

436 3828 551 3890 tati
582 3827 727 3908 ejus
750 3824 897 3908 quis
927 3824 1223 3888 resistet?
1251 3822 1300 3886 Ο
1330 3824 1543 3896 homo,
1576 3831 1642 3886 tu
1683 3823 1829 3906 quis
1872 3843 1941 3886 es

436 3927 551 4009 qui
594 3924 981 4007 respondeas
1026 3922 1201 3986 Deo?
1230 3921 1517 4003 Denique
1546 3921 1837 3986 Christus
1875 3922 1941 3984 in

438 4023 789 4105 Evangelio
842 4020 1469 4104 praedestinationem
1524 4027 1588 4081 et
1644 4016 1941 4100 reproba-

434 4123 681 4185 tionem
730 4121 810 4183 ad
858 4119 969 4182 Dei
1030 4119 1227 4181 Patris
1284 4117 1505 4181 retulit
1548 4116 1941 4180 voluntatem

2053 3160 2332 3225 poenam,
2366 3158 2493 3204 non
2536 3149 2631 3203 est
2675 3139 3010 3221 injustum.

2130 3241 2365 3302 Verum
2407 3239 2505 3302 his
2549 3257 2770 3302 rursus
2807 3238 3112 3320 objicitur
3145 3256 3160 3300 :
3193 3237 3351 3312 Quia
3379 3239 3553 3302 dam·

2052 3339 2226 3400 natio
2277 3355 2403 3400 non
2453 3344 2550 3399 est
2598 3335 2785 3409 bona,
2843 3354 3054 3419 neque
3099 3356 3136 3400 a
3183 3337 3313 3401 Deo
3357 3335 3554 3400 volita

2052 3437 2179 3499 nisi
2208 3435 2512 3518 quoniam
2540 3434 2752 3515 justa;
2785 3452 2913 3496 non
2953 3451 3104 3515 ergo
3141 3435 3307 3498 Deus
3349 3433 3555 3496 voluit

2050 3534 2333 3616 aliquem
2383 3531 2724 3615 reprobare
2781 3539 2892 3595 aut
2937 3532 3233 3596 ordinare
3287 3533 3365 3595 ad
3424 3550 3554 3614 poe-

2052 3649 2226 3704 nam,
2267 3629 2390 3693 nisi
2440 3637 2700 3712 propter
2748 3630 2954 3711 ipsius
2996 3629 3272 3712 culpam.
3320 3629 3552 3704 Quum·

2052 3747 2178 3813 que
2207 3729 2376 3791 Deus
2407 3744 2532 3790 non
2565 3727 2648 3790 sit
2679 3727 2856 3809 prius
2887 3727 3058 3790 ultor
3086 3746 3278 3810 quam
3317 3727 3551 3810 aliquis

2052 3827 2136 3888 sit
2167 3833 2482 3909 peccator,
2517 3842 2644 3887 non
2680 3824 2857 3907 prius
2890 3824 3170 3907 aliquem
3201 3824 3340 3887 vult
3368 3825 3552 3907 puni-

2052 3945 2121 3988 re
2169 3945 2362 4008 quam
2413 3943 2562 3987 eum
2610 3924 2823 3986 videat
2871 3931 3292 4007 peccatorem.
3332 3925 3550 4004 Itaque

2053 4024 2302 4107 primus
2331 4031 2512 4086 actus
2543 4022 2887 4086 voluntatis
2931 4022 3164 4086 divinae
3205 4038 3332 4085 non
3377 4022 3549 4085 vide-

2050 4131 2158 4185 tur
2185 4141 2324 4185 esse
2355 4119 2718 4203 reprobare,
2751 4120 2921 4202 quod
2960 4128 3056 4182 est
3092 4119 3256 4182 velle
3293 4119 3551 4182 damna-

118 4243 407 4288 aalma,
436 4241 515 4285 ac
546 4221 855 4304 placitum
888 4237 904 4281 :
938 4217 1261 4282 Confiteor
1287 4217 1646 4299 (inquiens)
1673 4215 1813 4290 tibi,
1835 4216 1945 4279 Pa·
1972 4217 2023 4280 D
2053 4239 2121 4284 re
2173 4237 2189 4283 τ
2235 4218 2476 4300 alioqui
2525 4217 2852 4281 videretur
2899 4218 3066 4280 Deus
3105 4216 3272 4280 velle
3321 4218 3550 4301 punire

106 4306 405 4412 {⁵52³oe
438 4330 561 4394 ter,
609 4319 883 4383 Domine
930 4316 1078 4380 coeli
1122 4323 1185 4378 et
1234 4323 1439 4391 terrae,
1481 4316 1633 4398 quia
1678 4314 1943 4377 abscon-

140 4405 153 4416 ”
438 4417 589 4480 disti
620 4418 759 4480 haec
788 4435 827 4480 a
856 4414 1253 4499 sapientibus
1294 4421 1359 4478 et
1402 4413 1846 4496 prudentibuS,
1880 4419 1945 4474 et

438 4515 741 4580 revelasti
771 4533 847 4578 ea
870 4513 1153 4597 parvulis
1168 4531 1183 4576 :
1197 4513 1387 4576 etiam
1400 4559 1415 4587 ,
1427 4513 1627 4586 Pater,
1645 4511 1943 4594 quoniam

436 4617 535 4680 sic
577 4613 888 4698 placitum
930 4619 1028 4676 est
1070 4629 1281 4676 coram
1326 4619 1407 4674 te.

524 4715 795 4785 Interea,
829 4711 883 4774 si
914 4717 1257 4794 quaeratur,
1288 4729 1367 4772 an
1399 4708 1707 4772 demerita
1738 4726 1945 4790 repro-

442 4813 679 4876 borum
738 4809 871 4873 sint
926 4827 1117 4872 causa
1172 4815 1423 4870 aeternae
1480 4805 1943 4889 reprobationis

444 4927 712 4988 eorum;
745 4909 825 4970 ad
856 4909 975 4970 hoc
1005 4905 1421 4987 AugustinuS‚
1453 4913 1517 4968 et
1554 4905 1847 4987 Magister
1876 4904 1945 4966 li-

114 5025 413 5077 sama.
444 5011 565 5072 bro
610 5009 845 5092 primo,
894 5003 1277 5088 praeallegati
1328 5020 1584 5086 quoque
1633 5003 1943 5078 doctores,

444 5108 841 5190 respondent
868 5103 1039 5186 quod
1070 5119 1217 5166 non.
1256 5101 1333 5164 Et
1368 5101 1545 5165 addit
1574 5100 1663 5163 ibi
1692 5101 1947 5164 Richar-

444 5209 569 5270 dus
617 5224 631 5267 :
676 5203 999 5268 Demerita
1043 5201 1326 5264 hominis
1375 5219 1503 5264 non
1546 5208 1698 5263 sunt
1744 5219 1949 5264 causae

444 5327 581 5376 suae
630 5303 1099 5388 reprobationis
1140 5300 1265 5366 nisi
1307 5308 1619 5384 quantum
1675 5301 1753 5363 ad
1808 5316 1953 5364 con-

2052 4319 2192 4380 sine
2237 4316 2609 4399 praeintuitu
2654 4315 2860 4397 culpae
2915 4335 3058 4398 quae
3115 4316 3198 4378 sit
3240 4316 3401 4379 ratio
3441 4333 3550 4378 vo-

2054 4414 2226 4478 lendi
2268 4413 2691 4495 punitionem.
2737 4413 2970 4495 Sicque
3016 4414 3299 4495 oportuit
3346 4431 3555 4496 repro-

2053 4512 2234 4584 bum,
2269 4519 2420 4593 puta
2446 4512 2672 4574 Judam
2702 4520 2812 4573 aut
2839 4511 3061 4586 alium,
3090 4511 3300 4593 primo
3329 4511 3549 4576 offerri

2053 4609 2367 4673 voluntati
2400 4609 2634 4672 divinae
2674 4608 2795 4672 sub
2834 4611 3078 4674 ratione
3119 4610 3346 4692 iniqui,
3377 4618 3550 4673 ante-

2053 4727 2248 4792 quam
2277 4708 2444 4770 Deus
2474 4707 2676 4770 voluit
2711 4708 2922 4789 ipsum
2957 4708 3206 4790 punire,
3239 4715 3303 4770 et
3345 4709 3550 4791 prius-

2056 4825 2250 4890 quam
2308 4824 2455 4868 eum
2519 4805 2902 4887 reprobavit.
2955 4805 3205 4868 Etenim
3265 4806 3554 4871 conside-

2056 4905 2254 4968 rando
2323 4922 2470 4967 eum
2543 4903 2608 4965 in
2678 4905 2856 4986 puris
2933 4903 3356 4980 naturalibus,
3426 4924 3554 4969 non

2058 5002 2424 5086 reprobavit
2467 5020 2614 5064 eum
2661 5009 2732 5064 ut
2775 5002 2886 5064 sic.
2937 5001 3026 5064 Ex
3076 5002 3196 5066 ista
3233 5003 3556 5080 instantia,

2060 5122 2202 5185 quae
2233 5101 2414 5165 fortis
2448 5100 2722 5174 videtur,
2753 5100 3110 5163 Alexander
3147 5110 3212 5163 et
3246 5102 3558 5165 Hem-icus

2061 5201 2141 5263 ad
2185 5207 2550 5283 proetactam
2599 5218 2780 5262 suam
2830 5198 3212 5281 positionem
3263 5198 3561 5264 videntur

2065 5299 2330 5362 inducti.
