4300 6259
98 3277 151 3320 Is.
172 3293 249 3322 xiv.
278 3284 341 3324 it.

960 528 1037 574 ΒΕ
1076 511 1303 572 Lutum-3
1344 525 1724 572 cflnlsrtarffl
1765 523 2065 582 THEORIAE,
2110 525 2286 572 LIBER
2329 526 2390 570 11.
2439 543 2518 554 --
2559 525 2698 572 ART.
2744 525 2910 572 Lxxll

362 699 619 784 cuique
648 700 882 764 volenti
924 699 1231 762 naturalis
1269 699 1561 782 quaedam
1600 697 1753 759 insit
1792 697 1882 760 in·
1910 695 1961 760 A
1993 697 2296 780 quamdiu
2342 697 2634 780 superior
2681 695 2954 780 quilibet
3000 695 3154 758 finis
3201 703 3372 758 recte
3419 714 3487 758 se

362 798 645 863 clinatio
723 799 789 863 in
870 798 1195 882 propriam
1267 796 1731 880 perfectionem
1807 815 1883 859 ac

362 897 647 972 bonum,
707 899 829 961 hoc
886 906 1101 960 tamen
1162 915 1289 960 non
1352 895 1883 958 indissolubiliter

364 1015 591 1079 neque
632 997 1007 1060 naturaliter
1044 1003 1271 1059 creatae
1312 995 1509 1057 menti
1551 995 1879 1076 competit,

364 1103 445 1156 ut
507 1096 845 1179 proprium
894 1095 1095 1158 finem
1146 1095 1212 1157 in
1268 1094 1558 1157 altiorem
1609 1093 1879 1168 ordinet,

364 1195 562 1275 quasi
612 1193 693 1256 ab
744 1193 855 1257 illo
901 1192 1181 1256 deficere
1229 1210 1353 1255 non
1407 1193 1629 1274 possit,
1680 1210 1879 1274 quum

367 1292 533 1354 finis
594 1293 703 1355 ille
762 1293 1055 1375 superior
1114 1310 1241 1354 non
1301 1291 1384 1353 sit
1442 1300 1681 1353 naturae
1752 1309 1881 1354 suae

364 1390 487 1452 sed
520 1392 837 1472 superiori
885 1389 1203 1473 propriuS,
1236 1397 1301 1452 et
1336 1389 1547 1452 omnis
1590 1387 1881 1452 voluntas

365 1496 613 1563 creata,
664 1507 739 1552 eo
797 1489 940 1571 ipso
996 1505 1125 1570 quo
1183 1495 1412 1561 creata,
1464 1488 1541 1550 de
1599 1506 1666 1550 se
1715 1486 1883 1549 dese·

366 1587 624 1650 ctibilis
668 1587 771 1660 sit,
805 1595 869 1650 et
910 1587 993 1650 ob
1039 1587 1399 1650 libertatem
1446 1586 1767 1668 propriam
1816 1585 1878 1646 in

366 1694 729 1768 utrumque
772 1685 1106 1750 vertibilis.
1152 1685 1652 1767 Relinquebatur
1690 1685 1883 1765 igitur

366 1785 437 1846 in
482 1784 803 1848 libertatis
841 1784 1105 1848 arbitrio
1144 1784 1513 1846 substantiae
1553 1791 1878 1866 separatae,

1988 797 2198 860 habet.
2215 796 2278 859 Si
2311 815 2461 860 vero
2493 796 2644 860 sinis
2673 797 3090 859 secundarius
3118 815 3156 859 a
3186 794 3490 878 primario

1989 895 2360 969 deviaverit,
2411 913 2538 957 non
2590 895 2882 978 peccabit
2919 895 3029 976 qui
3072 895 3328 977 utrique
3365 893 3489 957 fini

1990 993 2270 1068 suberat,
2303 995 2355 1057 si
2387 1015 2423 1057 a
2462 994 2839 1058 secundario
2883 993 3016 1058 sine
3055 994 3332 1067 recedat,
3367 993 3494 1076 pri-

1994 1093 2322 1174 marioque
2365 1093 2770 1156 solummodo
2816 1111 2884 1154 se
2933 1091 3257 1173 subjiciat.
3309 1090 3488 1154 Miles

1991 1209 2268 1272 namque
2300 1191 2409 1272 qui
2451 1190 2572 1252 sub
2615 1191 2778 1254 duce
2823 1197 2887 1252 θῖ
2930 1207 3077 1270 rege
3120 1197 3238 1263 θεῖ,
3273 1189 3408 1252 sive
3452 1207 3488 1251 a

1990 1289 2153 1351 duce
2197 1289 2332 1351 sive
2375 1309 2412 1351 a
2457 1307 2604 1370 rege
2649 1289 2922 1361 recedat,
2957 1306 3212 1370 semper
3244 1295 3486 1370 peccat,

1989 1387 2338 1449 dummodo
2369 1388 2496 1449 dux
2527 1386 2648 1449 sub
2681 1405 2826 1467 rege
2857 1387 3182 1449 manserit.
3218 1385 3392 1458 Quod
3435 1385 3489 1446 si

1989 1487 2117 1548 dux
2163 1505 2288 1549 non
2339 1493 2509 1548 recte
2560 1485 3004 1567 permanserit,
3045 1490 3216 1548 recte
3267 1483 3489 1564 utique

1991 1585 2355 1648 movebitur
2405 1584 2590 1646 miles
2650 1583 2769 1646 sub
2819 1584 2955 1646 solo
3001 1602 3146 1664 rege
3196 1601 3488 1665 perseve-

1990 1700 2154 1744 ranS.
2173 1683 2237 1745 ln
2269 1682 2575 1764 angelicis
2605 1683 2882 1763 denique
2912 1680 3490 1764 spiritibuS,quem-

1987 1779 2330 1842 admodum
2374 1781 2435 1842 in
2477 1780 2578 1842 his
2620 1799 2760 1860 quae
2799 1780 2876 1842 de
2917 1778 3284 1842 coelestibus
3323 1777 3486 1840 hier-

368 1891 445 1944 ut
496 1883 701 1946 finem
752 1883 1211 1965 propriumque
1259 1881 1500 1945 bonum
1550 1881 1615 1944 in
1666 1881 1873 1964 ipsum
1917 1882 1961 1944 B
1989 1878 2224 1940 archiis
2257 1878 2445 1961 paulo
2473 1885 2614 1940 ante
2647 1876 3014 1940 ferebantur
3057 1875 3303 1948 claruit,
3337 1876 3488 1938 ordo

367 1981 673 2044 divinum
708 1981 947 2044 bonum
982 1981 1270 2053 referret,
1302 1989 1409 2042 aut
1442 1999 1586 2042 non.

454 2081 577 2142 Per
650 2080 823 2142 hunc
894 2081 1109 2161 itaque
1184 2079 1443 2141 modum
1512 2078 1877 2158 intelligen-

366 2179 531 2240 dum
564 2187 685 2250 est,
718 2178 1027 2240 daemonis
1059 2177 1469 2259 primordiale
1500 2178 1743 2240 crimen
1778 2195 1879 2238 su-

368 2276 671 2358 perbiam
722 2276 1041 2338 exstitisse
1085 2293 1099 2338 :
1142 2294 1269 2338 non
1310 2277 1481 2357 quod
1520 2273 1881 2338 Divinitatis

368 2374 851 2457 plenitudinem
904 2373 1297 2456 Deitatisque
1352 2393 1517 2437 verae
1582 2371 1882 2454 concupi-

366 2473 499 2536 erit
567 2472 999 2554 aequalitatem
1067 2473 1245 2552 (nam
1312 2471 1431 2534 hoc
1501 2471 1565 2532 in
1635 2470 1879 2533 intelle-

368 2579 553 2633 ctum
596 2571 739 2652 ejus
769 2571 995 2633 cadere
1036 2588 1161 2633 non
1193 2570 1415 2642 valuit,
1450 2570 1736 2652 illudque
1772 2588 1880 2649 ap-

368 2670 660 2752 petendo
716 2670 1091 2752 appetiisset
1150 2689 1217 2732 εθ
1277 2687 1401 2732 non
1462 2687 1622 2740 esse,
1680 2685 1879 2750 quum

366 2769 719 2832 diversitas
777 2785 993 2830 rerum
1042 2769 1123 2830 sit
1176 2768 1529 2830 secundum
1588 2774 1879 2828 naturam

368 2867 803 2948 ordinemque
834 2867 1259 2948 specierum);
1292 2866 1401 2928 sed
1448 2864 1751 2947 quoniam
1785 2883 1879 2926 re-

366 2983 547 3046 gere,
584 2965 873 3046 regulare
903 2971 966 3027 et
996 2965 1332 3038 dominari,
1366 2963 1485 3026 soli
1528 2965 1657 3026 Deo
1699 2964 1878 3025 dum-

1989 1985 2127 2056 θεῖ;
2183 1985 2246 2040 θῖ
2307 1985 2378 2038 ut
2436 1976 2680 2038 dictum
2734 1983 2852 2048 est,
2921 1975 3167 2056 primus
3229 1973 3486 2036 illorum

1989 2075 2217 2149 suerat,
2251 2075 2361 2157 qui
2395 2076 2640 2157 primus
2681 2073 2932 2136 cecidit.
2969 2071 3086 2144 Qui
3127 2071 3320 2152 igitur
3364 2071 3487 2154 ipsi

1990 2174 2199 2256 primo
2257 2173 2496 2236 subditi
2546 2179 2747 2247 erant,
2795 2171 3162 2253 errantique
3209 2170 3302 2232 illi
3361 2188 3486 2233 non

1988 2273 2492 2355 acquiescenteS‚
2544 2272 2652 2334 sed
2704 2271 2824 2334 sub
2874 2269 3095 2332 divino
3154 2269 3490 2351 primoque

1992 2371 2123 2435 sine
2177 2371 2610 2454 persistenteS,
2673 2369 3040 2432 nullatenus
3102 2367 3452 2450 peccabant
3473 2384 3490 2444 ;

1990 2471 2096 2532 sed
2129 2469 2238 2551 qui
2273 2468 2507 2530 erranti
2541 2488 2605 2530 se
2635 2467 2922 2530 subditos
2955 2465 3265 2540 fecerunt,
3298 2485 3334 2527 a
3367 2465 3493 2547 pri-

1991 2587 2097 2631 mo
2140 2574 2205 2630 et
2251 2566 2470 2629 fontali
2523 2566 2654 2629 fine
2703 2565 3034 2638 abeunteS,
3075 2565 3138 2626 hi
3191 2583 3488 2646 peccave-

1990 2674 2160 2742 runt,
2194 2675 2258 2729 et
2299 2685 2442 2728 cum
2491 2665 2782 2748 principe
2823 2681 2940 2726 suo
2985 2663 3142 2745 lapsi
3187 2670 3354 2725 suut.

2259 2983 2264 2988 .
2338 2929 2823 2994 ARTICULUS
2871 2929 3145 2992 LXXII.

370 3069 553 3124 taxat
603 3062 918 3142 congruit,
976 3062 1355 3144 primusque
1410 3062 1673 3142 angelus
1723 3079 1879 3142 prae·
1910 3063 1952 3127 C
2064 3066 2160 3124 De
2209 3061 2526 3120 solutione
2575 3061 2911 3119 ratio-num
2960 3079 3105 3137 quae
3144 3059 3407 3135 fiebant.

370 3179 543 3234 esse,
596 3178 725 3223 non
783 3159 1043 3240 subjici,
1098 3179 1337 3241 regere,
1392 3177 1517 3222 non
1580 3160 1877 3240 regulari,

370 3259 933 3341 concupivit,hinc
962 3259 1201 3322 dictum
1234 3258 1529 3341 est‚quod
1560 3258 1881 3321 Altissimo

370 3357 727 3420 assimilari
760 3357 979 3420 voluit.
1015 3357 1091 3418 Et
1128 3357 1249 3419 hoc
1289 3375 1540 3418 summa
1580 3356 1881 3438 superbia

370 3465 513 3520 erat
556 3474 573 3518 :
617 3455 805 3537 cujus
848 3474 1038 3518 causa
1080 3455 1323 3517 exstitit
1364 3454 1564 3516 nimia
1602 3453 1879 3537 compla-

369 3555 613 3628 centia,
649 3554 914 3618 inhaesio
944 3554 1290 3616 vehemens
1330 3553 1707 3635 intensaque
1736 3571 1881 3615 con-

368 3653 593 3716 versio
624 3653 967 3715 voluntatis
1001 3652 1065 3713 in
1099 3651 1431 3733 proprium
1470 3651 1731 3713 bonum.
1768 3652 1879 3714 Bo-

368 3771 537 3814 num
582 3769 819 3832 nempe
861 3749 1361 3831 apprehensum,
1395 3757 1492 3811 est
1536 3749 1879 3812 voluntatis

366 3850 729 3931 objectum.
793 3849 937 3912 Ideo
1003 3847 1171 3910 sicut
1236 3847 1568 3929 proprium
1641 3846 1879 3910 bonum

368 3946 791 4030 singulariter
858 3945 1281 4010 contuebatur
1352 3954 1585 4020 mente,
1654 3947 1747 4008 sic
1818 3947 1879 4009 in

372 4047 595 4128 ipsum
630 4044 957 4108 serebatur
986 4053 1049 4107 ct
1078 4043 1344 4106 sistebat
1381 4045 1723 4107 voluntate.
1762 4045 1881 4108 Un-

370 4146 453 4206 de
504 4143 818 4206 elucescit
867 4161 993 4206 non
1044 4141 1475 4205 irrationabile
1526 4142 1684 4214 fore,
1726 4143 1877 4205 dum

2114 3255 2409 3320 ONSTAT
2439 3262 2650 3318 autem
2685 3273 2762 3316 ex
2797 3273 2967 3316 nunc
3009 3252 3221 3327 dietis,
3255 3271 3332 3314 ex
3369 3252 3491 3315 hoc

2142 3357 2207 3418 in
2252 3355 2538 3418 daemone
2584 3359 2918 3435 peccatum
2965 3351 3296 3424 accidisse,
3339 3368 3491 3431 quo-

1990 3455 2161 3516 niam
2205 3453 2445 3515 bonum
2487 3451 2784 3534 superius
2820 3451 2896 3513 ad
2936 3449 3104 3533 quod
3157 3448 3487 3532 proprium

1991 3551 2233 3615 bonum
2285 3550 2693 3613 referendum
2745 3557 2900 3622 erat,
2953 3566 3079 3610 non
3131 3547 3490 3610 considera-

1991 3651 2118 3721 bat,
2154 3656 2219 3711 et
2245 3667 2371 3710 non
2417 3648 2608 3728 igitur
2647 3646 2798 3728 quia
2837 3653 3055 3708 contra
3099 3645 3486 3727 agnitionem

1992 3747 2123 3810 veri
2169 3748 2423 3810 erravit.
2463 3744 2705 3808 Defecit
2735 3763 2885 3825 ergo
2917 3743 3278 3806 intellectus
3322 3743 3485 3816 talis,

1992 3865 2116 3910 non
2148 3844 2553 3908 sufficienter
2582 3843 2914 3905 attendens
2955 3841 3237 3904 divinius
3277 3849 3342 3904 et
3385 3862 3488 3904 su-

1993 3945 2208 4029 perius
2239 3943 2478 4006 bonum
2515 3960 2528 4004 :
2564 3942 2732 4024 quod
2776 3941 2918 4003 ideo
2957 3941 3216 4003 evenire
3256 3941 3484 4022 potuit,

1989 4044 2291 4126 quoniam
2328 4043 2389 4103 in
2425 4040 2757 4123 proprium
2791 4040 3031 4102 bonum
3063 4039 3355 4101 voluntas
3395 4039 3488 4102 ni-

1992 4143 2194 4204 mium
2247 4139 2588 4214 serebatur,
2629 4139 2795 4200 sicut
2841 4145 3168 4200 ostensum
3221 4145 3318 4200 est
3365 4137 3490 4220 ple-

371 4244 631 4326 primus
673 4241 1045 4323 angelorum
1090 4241 1292 4303 fertur
1335 4241 1661 4304 cecidisse.
1706 4240 1881 4304 lllius
1914 4245 1961 4307 D
1990 4241 2156 4304 nius.
2207 4240 2278 4301 Et
2326 4257 2439 4321 per
2482 4238 2638 4310 haec,
2674 4238 2832 4300 ratio
2878 4237 3084 4319 prima
3125 4236 3332 4300 soluta
3370 4246 3482 4300 θεῖ.

368 4343 623 4424 quippe
656 4340 1067 4423 pulchritudo
1096 4348 1160 4402 et
1190 4340 1883 4422 sublimita8‚quoniam

369 4440 739 4503 eminentes
779 4445 979 4512 erant,
1016 4438 1243 4500 fortius
1284 4438 1625 4501 movebant
1666 4438 1884 4500 volun-

371 4547 577 4602 tatem
620 4555 699 4600 ne
744 4536 930 4599 subdi
979 4536 1187 4599 vellet.
1225 4537 1463 4609 Denu0‚
1498 4556 1575 4599 ex
1622 4537 1739 4599 hoc
1780 4557 1881 4598 su-

374 4637 623 4721 perbiae
666 4636 959 4708 crimine,
1008 4636 1229 4698 odium
1273 4643 1492 4698 contra
1541 4635 1740 4698 Deum
1784 4636 1883 4717 ju-

372 4745 471 4799 ste
506 4735 909 4818 punientem,
933 4741 998 4795 et
1026 4750 1255 4796 rancor
1283 4742 1503 4796 contra
1527 4733 1878 4808 hominem,

373 4836 445 4897 in
488 4835 779 4897 daemone
824 4840 1239 4894 consecutum
1284 4839 1399 4894 θεῖ.

458 4933 571 4995 Εεῖ
630 4940 846 4994 autem
910 4930 1175 5012 insuper
1244 4931 1646 5002 intuendum,
1709 4931 1878 5013 quod

371 5033 533 5095 dum
575 5029 823 5113 aliquid
862 5027 984 5092 sub
1024 5027 1317 5111 pluribus
1366 5027 1619 5110 finibus·
1649 5029 1881 5091 consti-

370 5138 589 5193 tutum
620 5136 739 5201 est,
773 5135 925 5190 tunc
958 5135 1167 5209 potest
1194 5146 1263 5189 se
1294 5127 1406 5188 uni
1439 5126 1692 5189 illorum
1736 5127 1881 5189 sub-

370 5229 525 5292 dere
558 5227 665 5289 cui
699 5224 993 5298 voluerit,
1026 5233 1087 5287 et
1119 5223 1200 5288 ab
1228 5225 1427 5287 altero
1457 5225 1753 5288 recedere
1778 5242 1791 5286 :
1817 5233 1880 5287 et

368 5345 409 5390 a
436 5341 853 5409 quocumque
883 5323 1237 5398 recesserit,
1270 5340 1523 5406 semper
1561 5321 1872 5405 peccabit,

1989 4375 2068 4385 —
2100 4338 2391 4401 Secunda
2419 4355 2674 4419 quoque
2705 4337 2974 4399 solvitur
3003 4355 3117 4419 per
3146 4335 3485 4400 idem.Non

3365 506 3484 570 473

3529 1899 3610 1938 art.
3642 1909 3719 1938 axv
3739 1900 3784 1939 et

3516 1972 3552 2002 s.

1990 4437 2162 4500 enim
2196 4437 2368 4498 circa
2397 4435 3002 4517 contemplationem
3040 4435 3280 4518 proprii
3313 4435 3487 4517 obje-
3585 4497 3592 4505 ,

1991 4535 2075 4598 οῖἰ
2122 4535 2358 4598 erravit
2405 4533 2768 4596 intellectus
2811 4533 3140 4606 daemoniS,
3183 4535 3290 4596 sed
3335 4553 3488 4616 quo·

1990 4634 2164 4696 niam
2239 4633 2480 4696 bonum
2549 4633 2846 4714 superius
2915 4633 3345 4715 praetermisit,
3421 4633 3485 4694 in

1989 4732 2160 4814 quod
2193 4751 2258 4794 εθ
2291 4733 2502 4813 ipsum
2535 4732 2828 4794 ordinare
2860 4730 3148 4794 debebat.
3183 4731 3342 4794 Nam
3372 4731 3487 4794 sic-

1989 4840 2059 4893 ut
2112 4831 2177 4892 in
2241 4830 2426 4892 nobis
2477 4837 2808 4912 peccatum
2872 4829 3126 4902 accidit,
3183 4831 3334 4892 dum
3398 4831 3488 4892 in-

1988 4929 2222 4991 feriora
2282 4927 2446 4991 bona
2517 4927 2881 5009 appetimus
2944 4945 3068 4989 non
3132 4929 3485 4991 secundum

1989 5027 2298 5090 rationem
2349 5035 2413 5090 et
2449 5026 2739 5089 ordinem
2790 5043 3143 5107 congruum
3194 5035 3486 5109 respectu

1988 5124 2394 5207 superiorum
2429 5124 2775 5202 bonorum3
2810 5123 2895 5185 ita
2928 5123 2992 5186 in
3024 5124 3312 5188 daemone
3345 5144 3486 5206 pec-

1986 5231 2197 5286 catum
2245 5222 2388 5296 suit,
2421 5221 2721 5305 quoniam
2769 5221 2830 5282 in
2878 5221 3171 5284 divinum
3217 5223 3480 5297 bonum,

1988 5322 2228 5385 bonum
2273 5322 2605 5405 proprium
2654 5337 2780 5384 non
2823 5320 3060 5384 retulit.
