4300 6259
1131 509 1208 556 DE
1252 509 1478 557 mum
1521 509 1905 557 mxsrlANAE
1945 509 2251 567 molunt,
2297 511 2473 558 unna
2516 511 2555 556 1.
2602 529 2681 540 -
2725 512 2861 558 ΛΒΤ.
2908 511 2971 558 11

3479 492 3601 558 243

489 673 737 738 tionem
775 677 948 760 quod
993 677 1428 740 diversitatem
1473 676 1750 742 inducat.
1783 679 2001 760 Itaque
2031 678 2080 742 A
2112 687 2177 741 et
2207 678 2599 762 principium
2636 697 2651 742 :
2686 679 2741 742 si
2772 687 2923 742 sunt
2964 697 3114 761 ergo
3155 677 3373 761 plures
3415 677 3539 752 Dii,
3569 696 3608 742 a

487 773 544 835 si
595 775 662 836 in
706 774 958 838 duobus
1001 775 1221 839 divina
1261 785 1486 838 natura
1528 775 2002 840 diversificatur

483 873 996 954 suppositaliter,
1023 873 1140 937 fiet
1180 874 1240 936 ei
1283 873 1525 937 additio
1565 891 1580 936 ε
1622 875 1792 956 quod
1839 891 2000 957 puro

483 970 668 1032 actui
699 988 827 1034 non
857 973 1171 1054 congruit.
1207 971 1534 1046 Praeterea,
1568 972 1678 1034 illa
1723 990 1997 1054 quorum

485 1085 642 1130 esse
667 1075 732 1131 et
758 1069 1116 1133 substantia
1142 1077 1294 1132 sunt
1331 1070 1578 1144 eadem,
1611 1089 1740 1134 non
1778 1089 1999 1134 nume-

487 1175 741 1229 rantur.
755 1167 1028 1230 Necesse
1057 1175 1155 1230 est
1181 1176 1396 1231 autem
1427 1169 1700 1233 Deorum
1722 1169 1804 1248 (si
1839 1170 1998 1232 mul·

483 1264 542 1326 ti
585 1266 766 1346 sunt)
793 1283 934 1328 esse
973 1273 1040 1328 et
1079 1265 1504 1330 substantiam
1545 1267 1770 1330 eadem
1810 1266 1944 1331 fore
1977 1285 1994 1332 t

487 1363 670 1426 Deus
699 1363 872 1426 enim
901 1371 1000 1426 est
1029 1364 1244 1447 ipsum
1273 1383 1463 1428 suum
1503 1383 1664 1439 esse,
1697 1383 1808 1429 seu
1849 1366 1998 1430 sim-

485 1461 894 1544 plicissimus
963 1469 1162 1537 actus,
1231 1463 1333 1526 cui
1405 1464 1616 1526 omnis
1687 1471 2002 1547 repugnat

481 1559 757 1624 additio.
792 1561 940 1625 Ideo
967 1561 1280 1644 quidquid
1311 1563 1550 1626 inesset
1591 1563 1725 1639 uni,
1761 1565 2000 1626 inesset

483 1667 558 1721 et
602 1659 811 1722 alteri.

575 1758 904 1833 Praeterea,
927 1757 982 1821 si
1011 1757 1228 1840 plures
1257 1758 1356 1821 Dii
1387 1766 1558 1832 sunt,
1579 1767 1688 1822 aut
1708 1768 1805 1822 est
1835 1761 2002 1824 inter

2109 776 2407 859 pluribus
2452 777 2957 840 substantialiter
3004 777 3271 840 diversis
3320 775 3443 840 erit
3484 795 3611 840 una

2107 875 2307 954 acti03
2332 881 2443 937 aut
2472 882 2643 938 certe
2676 894 2863 949 unuS,
2888 882 2953 938 et
2982 892 3109 938 non
3140 874 3322 948 alter,
3348 873 3472 936 erit
3500 892 3610 936 en-

2108 971 2273 1035 tium
2323 970 2585 1034 fontana
2630 990 2861 1050 causa3
2902 971 3003 1035 vel
3044 971 3257 1034 forsan
3307 989 3614 1053 quorum-

2109 1069 2255 1132 dam
2302 1069 2443 1144 iste,
2475 1078 2539 1132 et
2578 1072 3003 1152 quorumdam
3048 1069 3159 1133 ille
3200 1069 3322 1132 erit
3359 1068 3611 1150 causale

2109 1167 2524 1251 principium.
2558 1168 2795 1231 Horum
2837 1185 3025 1251 porro
3051 1168 3249 1231 trium
3282 1167 3614 1251 quodlibet

2109 1265 2512 1347 impossibile
2554 1273 2669 1328 est.
2704 1266 2941 1330 Natura
2981 1284 3258 1348 namque
3298 1274 3396 1330 est
3432 1265 3612 1350 prin-

2109 1365 2355 1448 cipium
2405 1365 2635 1446 agendi
2676 1382 2691 1426 z
2735 1365 2879 1428 ideo
2917 1382 3193 1448 quorum
3244 1372 3471 1429 natura
3516 1366 3611 1429 di-

2107 1481 2312 1537 versa,
2341 1463 2535 1527 etiam
2564 1462 2731 1526 actio
2762 1463 2901 1546 ipsa
2928 1463 3179 1527 diversa
3206 1471 3320 1526 est.
3344 1465 3607 1540 Rursus,

2106 1562 2251 1644 ejus
2309 1569 2408 1624 est
2462 1579 2649 1642 agere
2696 1561 2885 1642 cujus
2930 1568 3028 1624 est
3075 1579 3215 1625 esse
3266 1579 3282 1624 ε
3332 1580 3607 1646 quorum

2111 1661 2325 1742 itaque
2374 1678 2515 1723 esse
2562 1659 2761 1734 aliud,
2813 1669 2877 1723 et
2923 1661 3091 1724 actio
3139 1661 3266 1724 alia
3312 1669 3425 1724 est.
3472 1661 3609 1725 Non

2111 1759 2308 1840 igitur
2364 1759 2646 1841 primum
2704 1760 2935 1823 horum
2994 1767 3161 1822 stare
3210 1766 3436 1843 potest.
3489 1760 3611 1824 Sed

481 1875 610 1920 eos
654 1857 830 1930 ordo,
871 1865 942 1919 ut
983 1857 1068 1919 sit
1109 1876 1276 1919 unus
1316 1857 1444 1920 alio
1487 1857 1860 1940 perfectior3
1891 1866 2001 1922 aut
2029 1857 2078 1920 B
2113 1875 2321 1940 neque
2376 1857 2733 1920 secundum
2788 1875 2802 1918 :
2853 1857 3029 1920 nulla
3076 1857 3251 1921 enim
3300 1866 3397 1920 est
3455 1859 3613 1923 ratio

481 1975 652 2020 non.
677 1955 742 2018 Si
769 1955 946 2028 ordo,
970 1955 1094 2018 erit
1120 1963 1367 2019 tantum
1399 1976 1568 2019 unus
1597 1973 1820 2020 eorum
1853 1977 2002 2021 vere

483 2057 694 2129 Deus,
729 2055 780 2117 is
811 2053 1058 2116 scilicet
1097 2055 1208 2136 qui
1253 2055 1636 2137 simpliciter
1679 2056 2000 2139 perfectus

481 2161 618 2216 est.
643 2153 706 2216 Si
736 2169 888 2215 vero
917 2169 1046 2214 non
1075 2159 1172 2214 est
1205 2151 1336 2215 illic
1366 2153 1544 2228 ordo,
1567 2161 1756 2217 erunt
1782 2173 2000 2218 neces-

481 2252 674 2315 sario
717 2251 910 2313 unius
957 2249 1196 2332 speciei
1245 2249 1578 2315 individua
1621 2252 1818 2335 (quod
1866 2251 2000 2334 jam

483 2348 905 2432 impossibile
953 2368 1095 2412 esse
1141 2356 1471 2413 ostensum
1521 2351 1647 2430 est)
1687 2367 1702 2412 τ
1747 2351 1810 2413 in
1860 2369 2002 2434 spe-

480 2449 726 2512 ciebus
754 2465 1032 2530 namque
1061 2456 1158 2510 est
1187 2465 1444 2529 semper
1471 2448 1646 2511 ordo.
1673 2448 1997 2522 Praeterea,

478 2545 854 2610 numeralis
901 2545 1232 2608 distinctio
1289 2546 1368 2609 fit
1423 2564 1680 2628 semper
1727 2565 1844 2630 per
1886 2546 2000 2610 ali-

477 2646 674 2728 quod
707 2643 1050 2727 potentiale
1081 2643 1474 2726 principium
1509 2661 1523 2708 :
1549 2645 1796 2728 species
1825 2645 2002 2708 enim

479 2753 702 2808 totam
731 2749 796 2806 et
822 2742 1077 2826 plenam
1119 2741 1540 2824 singularium
1580 2743 2000 2826 quidditatem

477 2843 824 2926 exprimit.
839 2842 908 2904 ln
937 2841 1160 2905 divino
1185 2849 1398 2904 autem
1429 2861 1568 2906 esse
1597 2860 1726 2906 non
1757 2843 2004 2906 invenit

477 2940 626 3004 sibi
663 2939 870 3003 locum
913 2940 1074 3003 ratio
1115 2939 1419 3023 principii
1457 2941 1842 3023 potentialis.

2113 1955 2523 2028 diversitatis,
2576 1973 2777 2038 quum
2840 1963 3109 2039 uterque
3168 1955 3417 2019 dicatur
3464 1958 3613 2020 uni-

2113 2071 2268 2117 voce
2328 2052 2517 2126 DeuS,
2580 2053 2789 2135 sitque
2846 2054 3111 2118 omnino
3170 2053 3493 2137 perfectus
3550 2062 3616 2118 et

2110 2151 2294 2215 alteri
2366 2151 2494 2214 Deo
2560 2151 2941 2234 coaequalis3
3002 2152 3257 2227 iterum,
3318 2153 3469 2236 quia
3522 2154 3615 2216 sic

2111 2251 2281 2314 Deus
2330 2267 2457 2312 non
2507 2257 2675 2313 esset
2720 2251 3013 2313 omnium
3071 2268 3263 2313 causa
3318 2258 3382 2313 et
3438 2250 3611 2314 finis.

2111 2348 2380 2412 Proinde
2412 2349 2671 2412 tertium
2704 2365 2831 2411 non
2863 2355 2986 2411 stat
3017 2365 3031 2411 ε
3066 2367 3193 2412 non
3233 2349 3405 2414 enim
3448 2357 3618 2413 esset

2112 2449 2281 2512 Deus
2325 2448 2615 2510 omnium
2662 2447 2991 2510 ultimatus
3034 2447 3207 2511 finis.
3242 2447 3365 2511 Sed
3406 2466 3617 2531 neque

2113 2545 2273 2626 fingi
2316 2553 2525 2629 potest
2582 2563 2697 2608 cur
2738 2545 2923 2608 istius
2966 2553 3077 2608 aut
3131 2546 3306 2609 illius
3350 2546 3468 2610 iste
3508 2553 3617 2608 aut

2115 2645 2224 2708 ille
2256 2645 2505 2707 dicatur
2540 2662 2755 2718 causa,
2788 2651 2853 2707 et
2890 2661 3019 2708 non
3058 2643 3437 2718 econtrario,
3471 2664 3615 2708 cau-

2113 2743 2267 2804 satis
2338 2741 2595 2804 entibus
2665 2741 3111 2824 inaequalibus,
3178 2741 3387 2804 causis
3464 2759 3619 2806 vero

2113 2839 2487 2924 aequalibus.
2541 2838 2910 2903 Ostenditur
2965 2846 3179 2901 tamen
3238 2839 3457 2903 illatio.
3510 2841 3617 2904 Se·

2115 2939 2327 3002 cunda
2366 2937 2541 3001 enim
2585 2944 2795 3000 creata
2837 2945 2985 2999 sunt
3022 2955 3061 2998 a
3096 2937 3329 3020 primo,
3376 2945 3449 3000 ut
3490 2939 3619 3004 cito

577 3038 870 3121 Denique
901 3038 1136 3102 divinae
1167 3045 1408 3102 naturae
1437 3057 1516 3101 ex
1559 3057 1628 3102 se
1667 3047 1732 3102 et
1775 3057 1891 3122 per
1933 3057 2002 3102 se
2033 3043 2078 3108 c
2117 3035 2493 3121 probabitur
2526 3051 2541 3097 ε
2574 3041 2684 3098 aut
2722 3033 2917 3116 igitur
2954 3034 3034 3097 ab
3078 3052 3207 3098 uno
3250 3043 3520 3111 tantum,
3553 3042 3619 3101 et

475 3143 818 3219 repugnat
846 3136 1008 3200 ratio
1037 3135 1420 3199 universalis
1459 3155 1574 3200 seu
1615 3136 2001 3220 multiplica-

475 3236 1012 3319 bilitatis,quum
1036 3234 1160 3317 ipsi
1181 3235 1535 3299 secundum
1566 3255 1636 3298 se
1666 3243 1730 3299 et
1759 3236 2004 3320 propri-

477 3354 604 3398 am
637 3333 980 3396 essentiam
1019 3331 1362 3395 conveniat
1398 3351 1514 3416 per
1541 3351 1612 3396 se
1651 3333 2004 3396 subsisten-

477 3434 592 3495 tia
619 3439 690 3495 et
717 3429 1411 3495 incommunicabilitas
1455 3430 1520 3494 in
1565 3431 1770 3514 plura.
1806 3432 2004 3514 CuJus

479 3529 968 3594 demonstratio
995 3535 1092 3592 est
1128 3529 1336 3592 :Deus
1374 3529 1548 3592 enim
1581 3537 1678 3593 est
1705 3549 1865 3612 pura
1895 3531 2003 3594 bo-

478 3630 695 3702 nitas,
741 3634 805 3690 et
843 3634 1024 3690 actus
1066 3625 1450 3709 simpliciter
1493 3626 1836 3710 perfectus.
1869 3629 2006 3702 Quo

473 3735 720 3791 autem
751 3733 930 3788 actus
961 3723 1303 3787 sublimior
1339 3732 1457 3796 est,
1491 3742 1568 3789 eo
1605 3733 1702 3788 est
1737 3727 1816 3790 ad
1861 3725 2008 3789 sub-

479 3823 862 3889 sistentiam
893 3841 1010 3906 per
1041 3841 1108 3884 se
1137 3821 1487 3887 efficacior.
1522 3822 1730 3896 Quum
1769 3823 1856 3886 sit
1897 3824 2010 3905 igi·

481 3931 610 3986 tur
641 3923 808 3984 Deus
838 3919 1215 3984 naturaliter
1240 3927 1420 3983 actus
1451 3919 1834 3996 illimitatus,
1863 3921 2008 3984 infi-

481 4022 642 4086 nita
675 4020 834 4082 ratio
863 4017 1296 4082 subsistentiae
1325 4037 1442 4102 per
1472 4037 1540 4082 se
1579 4019 1640 4082 ei
1685 4022 2002 4084 convenit.

479 4118 688 4196 Quod
715 4136 867 4181 vero
895 4136 974 4180 ex
1005 4135 1074 4180 se
1103 4125 1168 4180 et
1195 4117 1550 4181 secundum
1591 4119 1762 4201 quod
1795 4120 2006 4202 ipsum

2115 3135 2407 3218 sequitur
2436 3132 2789 3196 secundum
2821 3132 3185 3196 membrum
3212 3150 3229 3213 ;
3258 3141 3369 3197 aut
3404 3153 3441 3197 a
3480 3135 3619 3217 plu-

2115 3233 2317 3306 ribus,
2364 3239 2429 3294 et
2470 3229 2761 3314 sequitur
2804 3231 3127 3314 primum3
3176 3239 3286 3294 aut
3324 3232 3615 3315 quaedam

2113 3331 2198 3394 ab
2228 3346 2379 3404 uno,
2411 3330 2701 3411 quaedam
2735 3343 2889 3391 vero
2916 3327 2997 3390 ab
3029 3328 3174 3392 alio.
3210 3329 3382 3392 Unus
3424 3329 3619 3412 igitur

2117 3435 2215 3492 est
2264 3427 2565 3510 princeps
2612 3426 3061 3490 universorum
3110 3427 3503 3509 principium
3553 3433 3618 3491 et

2117 3526 2291 3589 finis.

2197 3621 2512 3704 Amplius,
2544 3621 2836 3685 omnium
2866 3623 3035 3685 Deus
3062 3621 3216 3685 finis
3246 3629 3361 3684 est.
3395 3623 3458 3686 Si
3506 3622 3617 3704 igi-

2119 3729 2224 3784 tur
2254 3720 2471 3804 plures
2501 3719 2600 3783 Dii
2632 3728 2796 3794 sunt,
2828 3720 3001 3783 entia
3029 3719 3403 3783 naturaliter
3442 3729 3507 3783 et
3544 3720 3621 3784 fi-

2119 3818 2351 3883 naliter
2396 3817 2855 3880 reducerentur
2902 3825 2967 3880 et
3004 3817 3338 3880 tenderent
3376 3819 3442 3880 in
3481 3818 3623 3901 plu-

2119 3936 2189 3980 ra
2220 3934 2235 3978 :
2270 3915 2441 3999 quod
2480 3914 2689 3978 ordini
2736 3914 3167 3977 universitatis
3212 3914 3446 3977 obviat.
3482 3915 3620 3979 Non

2116 4022 2267 4078 sunt
2296 4030 2449 4094 ergo
2478 4012 2695 4095 plures
2723 4011 2845 4074 Dii.
2878 4013 2957 4074 At
2986 4028 3138 4074 vero
3174 4019 3321 4075 ante
3359 4031 3617 4078 omnem

2119 4112 2597 4176 multitudinem
2630 4127 2889 4172 necesse
2920 4116 3017 4172 est
3044 4111 3356 4174 unitatem
3387 4111 3619 4174 consti-

479 4216 866 4284 subsistens
921 4223 1042 4290 est,
1103 4234 1182 4278 ex
1243 4216 1382 4298 ipsa
1437 4215 1538 4278 sui
1597 4215 2011 4281 subsistentia
2039 4222 2088 4285 D
2119 4220 2319 4275 tuere.
2370 4209 2527 4273 Nam
2585 4207 2940 4272 secundum
2998 4209 3356 4272 doctrinam
3413 4209 3619 4275 Procli

481 4313 1120 4383 incommunicabile
1149 4312 1574 4376 essentialiter
1602 4313 1890 4377 efficitur
1917 4315 2010 4378 di-

477 4414 736 4480 versis.
768 4413 1028 4496 Propter
1056 4411 1178 4475 boc
1207 4411 1380 4474 enim
1411 4411 1744 4494 potissime
1772 4412 2009 4478 Aristo-

479 4515 670 4578 teles
745 4511 1068 4577 Platonem
1137 4511 1486 4592 redarguit,
1555 4511 1708 4593 quia
1773 4512 2010 4576 ideales

482 4616 750 4679 formas
779 4611 942 4674 dixit
970 4618 1034 4672 et
1063 4609 1486 4672 subsistentes
1528 4617 1593 4672 et
1631 4609 2012 4673 substantia-

482 4713 657 4777 liter
687 4707 1277 4773 communicabiles.
1305 4706 1674 4770 Subsistens
1706 4727 2006 4791 namque,

479 4809 586 4876 ob
619 4807 726 4870 sui
755 4806 1236 4870 subsistentiam
1265 4805 1590 4887 singulare
1629 4805 1710 4868 fit
1747 4815 1811 4868 et
1849 4807 2010 4870 indi·

475 4905 786 4972 vidualis
827 4905 1186 4968 substantia
1217 4921 1232 4965 ε
1265 4923 1408 4986 quae
1451 4904 1807 4967 secundum
1840 4905 2012 4986 quod

481 5003 1038 5086 hujuscemodi,a
1066 5021 1134 5064 se
1163 5001 1440 5065 indivisa
1467 5008 1584 5076 est,
1599 5001 1805 5065 divisa
1837 5020 2012 5085 pror-

481 5123 618 5170 sus
650 5102 733 5165 ab
762 5102 926 5164 aliis.
961 5100 1264 5164 Divinum
1295 5117 1447 5181 ergo
1476 5117 1618 5162 esse
1646 5101 1912 5163 omnino
1949 5107 2014 5162 et

481 5201 882 5270 omnimode
913 5198 1306 5282 impartibile
1336 5205 1432 5262 est
1461 5206 1528 5261 et
1556 5199 1928 5263 indivisum.

2119 4308 2447 4384 Platonici,
2488 4307 2697 4372 omnis
2744 4307 3089 4371 multitudo
3131 4307 3471 4392 participat
3510 4308 3621 4373 ali·

2119 4408 2395 4492 qualiter
2441 4424 2593 4480 uno,
2643 4405 2946 4488 quoniam
3005 4406 3217 4471 omnis
3275 4407 3621 4473 multitudo

2121 4507 2403 4571 secunda
2426 4511 2529 4568 est
2555 4504 2637 4567 ab
2668 4522 2814 4568 uno.
2850 4503 3071 4568 Omnis
3100 4524 3380 4589 namque
3410 4505 3625 4570 multi-

2119 4606 2278 4668 tudo
2309 4623 2434 4667 una
2462 4611 2580 4678 est,
2603 4610 2668 4666 et
2695 4619 2822 4667 non
2854 4621 2981 4664 una
3004 4619 3018 4665 τ
3045 4601 3121 4665 fit
3150 4605 3323 4666 enim
3354 4623 3483 4667 una
3511 4621 3626 4688 per

2121 4702 2561 4767 reductionem
2610 4701 2689 4764 ad
2738 4700 3044 4764 fontalem
3102 4701 3411 4765 unitatem
3436 4719 3452 4781 3
3512 4720 3629 4786 per

2123 4801 2491 4865 distantiam
2520 4817 2672 4864 vero
2701 4807 2798 4862 est
2827 4816 2954 4861 non
2986 4819 3131 4862 una.
3149 4798 3213 4862 Si
3243 4805 3459 4862 autem
3492 4801 3629 4884 plu-

2124 4919 2225 4962 res
2256 4900 2355 4962 Dii
2386 4904 2621 4972 essent,
2634 4902 2955 4979 oporteret
2985 4897 3183 4960 multa
3214 4899 3419 4980 prima
3447 4915 3629 4981 aeque

2126 4997 2493 5060 immediate
2561 4993 2878 5058 confiteri.
2934 4995 3181 5068 Adhuc,
3240 4997 3406 5059 sicut
3462 5013 3629 5080 pura

2123 5096 2411 5178 potentia
2440 5111 2565 5157 non
2597 5093 3062 5175 multiplicatur
3090 5093 3213 5156 nisi
3246 5111 3361 5176 per
3386 5103 3625 5172 actum,

2123 5196 2219 5259 sic
2248 5212 2368 5257 nec
2398 5211 2599 5276 purus
2627 5199 2807 5256 actus
2836 5191 2977 5254 sine
3008 5192 3311 5274 potentia.
3343 5192 3628 5257 Potentia

585 5301 840 5375 Adhuc,
873 5300 1076 5362 Deum
1106 5298 1383 5360 dicimus
1425 5298 1716 5360 omnium
1757 5314 2016 5361 causam
2126 5302 2342 5359 autem
2376 5293 2441 5355 in
2474 5309 2637 5375 puro
2661 5296 2810 5355 actu
2840 5291 3331 5356 conventionem
3360 5309 3488 5359 non
3517 5291 3627 5357 ba·
