4300 6259
760 465 841 531 84
1478 487 1900 533 ELEMENTATlo
1941 483 2396 532 Pultosorch.
2443 501 2524 512 --
2566 485 2644 530 ΒΕ
2685 485 3160 533 INTELLIGENTHS

762 660 1010 736 aequata
1039 655 1572 737 cognoscibilitati
1610 675 1815 720 causae
1852 655 2098 738 primae,
2132 653 2264 716 imo
2292 650 2345 715 A

765 751 1023 816 infinite
1052 753 1263 828 distat,
1297 755 1519 818 deficit
1548 763 1611 818 et
1648 754 1973 818 occumbit
2008 753 2089 815 ab
2130 752 2258 814 illa.

764 851 1028 926 RursuS,
1054 851 1219 915 inter
1247 854 1596 935 potentiam
1628 862 1692 916 et
1723 853 2048 934 objectum
2080 868 2262 933 opor-

766 957 856 1012 tet
896 969 1035 1014 esse
1082 953 1557 1034 proportionem
1592 970 1606 1014 :
1643 971 1783 1034 quae
1813 970 1940 1014 non
1971 956 2068 1028 est
2098 951 2264 1012 inter

766 1047 1027 1111 finitum
1074 1067 1149 1111 ac
1197 1049 1547 1112 infinitum.
1604 1051 1738 1111 Imo
1798 1049 1962 1111 inter
2020 1048 2264 1110 intelle·

766 1152 941 1207 ctum
973 1147 1500 1227 comprehensive
1530 1154 2040 1227 cognoscentem,
2075 1146 2138 1206 id
2170 1151 2265 1207 est

766 1243 1227 1325 intelligentem
1258 1245 1585 1326 objectum
1617 1254 1746 1307 tam
1778 1245 1945 1307 clare
1974 1263 2047 1306 ac
2079 1244 2266 1325 plene

765 1341 933 1403 sicut
975 1360 1052 1404 ex
1096 1361 1212 1405 sua
1256 1351 1483 1406 natura
1526 1343 1955 1425 cognoscibile
1998 1350 2115 1416 est,
2158 1361 2265 1405 ne-

767 1441 1043 1503 cessario
1074 1441 1422 1524 requiritur
1452 1442 1777 1525 proportio
1810 1442 2065 1524 proprie
2094 1460 2266 1502 sum-

768 1545 894 1619 pta.
930 1538 1077 1602 Ideo
1121 1558 1311 1602 causa
1355 1541 1565 1623 prima
1608 1540 1731 1603 sibi
1776 1541 1895 1603 soli
1940 1547 2036 1602 est
2078 1539 2266 1620 plene

768 1653 842 1696 ac
873 1653 1134 1717 prorsus
1165 1637 1695 1719 comprehensive
1726 1637 2135 1718 perfecteque
2167 1653 2266 1698 co-

768 1733 979 1813 gnita3
1010 1753 1129 1796 nec
1161 1734 1292 1797 ulla
1321 1742 1531 1798 creata
1572 1736 1848 1798 essentia
1888 1741 2095 1816 potest
2123 1751 2264 1797 eam

769 1840 1223 1913 repraesentare
1253 1840 1563 1914 quantum
1606 1834 1684 1894 ad
1728 1834 1891 1912 quid
1932 1842 2045 1892 esc.

844 1929 1135 2011 Insuper,
1170 1931 1356 2004 scire,
1398 1939 1495 1994 est
1526 1950 1659 1993 rem
1706 1949 1820 2012 per
1863 1949 2121 1992 causam
2166 1947 2267 1992 co-

762 2044 1088 2107 gnoscere.
1151 2028 1327 2102 Quod
1394 2048 1618 2092 verum
1685 2036 1782 2092 est
1850 2029 1929 2091 de
2000 2028 2266 2090 scientia

767 2125 1001 2187 mentis
1045 2134 1273 2190 creatae
1320 2143 1335 2188 :
1382 2128 1703 2209 siquidem
1750 2128 1916 2189 Deus
1959 2144 2264 2208 supersu-

766 2221 1009 2297 blimis,
1056 2224 1351 2305 quamvis
1396 2243 1651 2287 causam
1696 2225 1797 2286 sui
1841 2242 1967 2287 non
2012 2223 2260 2298 habeat,

766 2320 971 2384 nihilo
1017 2322 1228 2384 minus
1270 2322 1391 2385 scit
1438 2322 1718 2405 perfecte
1767 2341 1835 2385 se
1884 2323 2117 2405 ipsum.
2164 2323 2264 2384 In-

764 2419 1117 2499 telligentia
1146 2426 1358 2482 autem
1391 2427 1487 2482 est
1519 2439 1700 2482 mens
1732 2428 1941 2482 creata
1974 2437 1987 2481 ε
2024 2420 2263 2482 idcirco

765 2535 894 2580 non
938 2517 1056 2580 scit
1103 2536 1219 2581 nec
1262 2519 1450 2600 plene
1496 2519 1796 2598 intelligit
1833 2537 2089 2581 causam
2134 2518 2263 2600 pri-

766 2634 955 2678 mam.
992 2617 1442 2679 Verumtamen
1496 2616 1796 2697 intelligit
1845 2624 1909 2679 et
1954 2617 2076 2678 scit
2121 2635 2261 2679 eam

763 2723 954 2798 prout
982 2734 1058 2778 ex
1101 2716 1407 2778 creaturis
1449 2722 1658 2796 potest
1696 2715 2012 2795 cognosci,
2048 2722 2109 2776 et
2150 2733 2264 2796 per

761 2813 1009 2895 species
1055 2821 1297 2877 creatas
1340 2832 1413 2876 ac
1458 2814 1702 2876 lumine
1746 2813 2039 2875 naturali.
2086 2813 2262 2876 Unde

762 2910 827 2972 in
871 2910 1036 2972 libro
1073 2911 1153 2974 de
1198 2910 1417 2975 Causis
1459 2910 1731 2973 habetur
1764 2929 1778 2972 z
1812 2911 2031 2973 Omnis
2076 2910 2260 2972 intel-

762 3008 1023 3089 ligentia
1070 3009 1191 3071 scit
1237 3009 1406 3091 quod
1456 3017 1555 3072 est
1603 3028 1795 3091 supra
1844 3028 1933 3082 se,
1979 3017 2043 3070 et
2091 3010 2260 3090 quod
2293 3008 2336 3073 C

760 3114 858 3168 est
915 3106 1035 3168 sub
1094 3125 1181 3169 se.
1245 3107 1699 3170 Verumtamen
1762 3106 1884 3168 scit
1938 3107 2108 3189 quod
2169 3114 2265 3170 est

761 3205 884 3267 sub
941 3223 1031 3278 se,
1093 3205 1396 3287 quoniam
1456 3205 1594 3288 ipsa
1647 3212 1745 3267 est
1802 3225 1992 3268 causa
2048 3207 2148 3284 ei;
2200 3213 2264 3268 et

761 3302 883 3366 scit
926 3303 1096 3384 quod
1140 3309 1238 3365 est
1280 3322 1473 3385 supra
1511 3322 1601 3376 se,
1645 3303 1948 3385 quoniam
1988 3304 2264 3385 acquirit

761 3400 1077 3464 bonitates
1120 3400 1201 3462 ab
1244 3419 1340 3464 e0.

841 3499 1186 3573 Postremo,
1240 3499 1423 3580 juxta
1481 3499 1961 3582 Philosophum,
2014 3500 2260 3562 intelle-

762 3604 903 3660 ctus
954 3605 1167 3660 noster
1210 3616 1278 3660 se
1326 3597 1519 3660 habet
1562 3599 1640 3660 ad
1691 3598 2121 3680 cognitionem
2165 3618 2259 3662 se-

762 3703 1123 3778 paratarum
1170 3696 1666 3758 substantiarum
1719 3697 2259 3779 quemadmodum

760 3794 939 3858 visus
989 3795 1461 3876 vespertilionis
1508 3803 1573 3857 et
1615 3802 1863 3858 noctuae
1910 3796 1988 3858 ad
2040 3796 2258 3859 lumen

760 3893 932 3956 solis
986 3893 1107 3956 Sed
1168 3893 1373 3975 prima
1429 3912 1617 3956 causa
1677 3893 2262 3975 incomparabiliter

762 3992 908 4074 plus
962 3990 1214 4054 excedit
1270 3998 1335 4054 et
1390 3991 1592 4053 vincit
1648 4009 1904 4054 omnem
1977 3999 2258 4054 mentem

759 4097 1059 4163 creatam,
1121 4108 1313 4171 quam
1374 4088 1796 4169 intelligentia
1860 4089 2257 4152 intellectum

760 4189 1113 4250 humanum

760 4284 1034 4347 naturali
1064 4284 1141 4346 ad
1174 4283 1478 4346 intuitum
1515 4284 1675 4346 lucis
1709 4284 2004 4347 increatae
2036 4286 2258 4367 primae

761 4401 989 4454 causae,
1038 4387 1227 4462 prout
1266 4382 1331 4443 in
1382 4400 1449 4443 se
1498 4381 1660 4462 ipsa,
1698 4381 1761 4442 in
1814 4383 2071 4463 propria
2114 4383 2256 4446 luce

760 4488 825 4542 et
854 4478 1139 4541 claritate
1168 4496 1241 4540 ac
1282 4478 1557 4559 puritate
1597 4480 1905 4552 consistit,
1940 4480 2256 4562 pertinge-

760 4594 868 4656 re;
901 4575 1196 4659 quamvis
1231 4574 1414 4655 juxta
1452 4582 1683 4638 sanctae
1725 4575 1876 4638 fidei
1916 4577 2257 4640 documen-

758 4683 841 4748 ta,
879 4673 1161 4736 universi
1191 4673 1363 4735 Beati
1394 4674 1861 4754 supernaturali
1894 4675 2254 4755 cognitione

758 4773 934 4836 illam
982 4770 1143 4834 facie
1193 4771 1271 4833 ad
1330 4771 1560 4833 faciem
1616 4771 1913 4835 beatifice
1970 4782 2252 4836 contem-

757 4873 1032 4956 plentur.
1086 4869 1243 4932 Hinc
1302 4889 1525 4932 rursus
1576 4871 1640 4932 in
1692 4869 1855 4933 libro
1903 4872 1981 4934 de
2031 4871 2251 4935 Causis

754 4969 1060 5033 asseritur
1092 4986 1107 5031 τ
1142 4967 1343 5031 Causa
1372 4967 1579 5050 prima
1594 4975 1707 5038 ,est
1739 4969 2033 5050 superior
2072 4969 2250 5031 omni

755 5067 1135 5140 narratione,
1182 5067 1483 5149 quoniam
1546 5067 1683 5148 ipsa
1739 5074 1836 5128 est
1885 5087 2079 5150 super
2120 5086 2252 5130 om-

754 5185 903 5230 nem
964 5183 1243 5238 causam,
1294 5171 1357 5226 et
1415 5181 1541 5228 non
1603 5171 1894 5226 narratur
1950 5166 2073 5228 nisi
2136 5185 2251 5248 per

756 5282 979 5330 causas
1021 5261 1349 5330 secundas.

2674 657 3193 724 PROPOSITIO
3239 657 3549 725 LXXIV.

2452 849 2724 916 Omnis
2764 851 3328 933 intelligentia,
3359 851 3722 920 absolute
3764 852 3878 920 lo·

2371 948 2702 1028 quend0‚
2748 949 2978 1015 finita
3025 951 3169 1015 est.

2451 1043 2626 1117 Quod
2675 1053 2792 1120 est,
2845 1046 3146 1127 quoniam
3196 1063 3385 1110 omne
3435 1054 3746 1120 creatum,
3795 1046 3880 1108 ad

2373 1149 2620 1205 certum
2691 1145 2955 1224 gradum
3028 1145 3386 1208 essentialis
3458 1145 3881 1226 perfectionis

2373 1247 2767 1303 contractum
2811 1249 2905 1303 est
2941 1260 2954 1303 :
2988 1243 3098 1324 qui
3141 1243 3374 1325 gradus
3419 1262 3535 1325 per
3570 1243 3884 1306 essentia-

2375 1337 2500 1400 lem
2549 1346 2614 1400 et
2660 1339 2984 1421 propriam
3035 1341 3176 1421 ejus
3226 1340 3662 1403 differentiam
3711 1339 3880 1402 desi-

2371 1442 2623 1515 gnatur.
2685 1436 2945 1510 RursuS,
3007 1438 3322 1519 quidquid
3380 1456 3458 1500 ex
3516 1437 3723 1500 nihilo
3781 1443 3885 1500 est

2374 1533 2756 1614 productum
2787 1552 2860 1596 ac
2891 1536 3280 1617 dependens,
3305 1553 3382 1598 eo
3405 1536 3545 1618 ipso
3575 1553 3704 1619 quo
3725 1535 3878 1609 tale,

2375 1631 2718 1711 potentiale
2777 1639 2893 1704 est,
2953 1630 3428 1714 imperfectum,
3481 1632 3744 1695 finitum
3801 1651 3880 1694 ac

2376 1727 2688 1807 indigens.
2742 1727 3166 1792 conformiter
3213 1731 3291 1791 de
3337 1729 3514 1792 omni
3573 1747 3651 1792 eo
3704 1730 3879 1812 quod

2301 1824 2348 1884 B
2379 1825 2444 1886 in
2485 1833 2658 1888 certo
2697 1833 2792 1889 est
2829 1844 3062 1907 genere
3100 1835 3166 1889 et
3193 1827 3628 1891 differentiam
3661 1828 3876 1902 habet,

2377 1931 2473 1984 est
2506 1924 2931 1987 sentiendum.
2967 1924 3309 2000 PostremO,
3331 1926 3635 1989 universa
3664 1934 3879 1988 creata

2375 2030 2525 2084 sunt
2555 2022 2830 2086 invicem
2864 2023 3228 2086 coordinata
3257 2032 3322 2087 et
3353 2024 3593 2106 aliquid
3636 2024 3879 2087 habent

2375 2139 2569 2202 super
2606 2139 2696 2194 se,
2739 2140 2857 2183 nec
2896 2141 3098 2184 unum
3135 2129 3232 2184 est
3269 2123 3396 2185 alio
3437 2122 3692 2185 infinite
3732 2141 3882 2204 per-

2373 2217 2607 2280 fectius
2643 2237 2655 2280 :
2690 2219 2844 2281 alias
2875 2220 2943 2282 in
2973 2220 3197 2283 eodem
3229 2221 3450 2284 ordine
3491 2238 3619 2283 non
3659 2228 3875 2284 essent

2375 2325 2687 2381 contenta.
2734 2319 3025 2382 Attamen
3076 2319 3142 2381 in
3187 2319 3352 2382 libro
3394 2321 3474 2383 de
3517 2319 3739 2383 Causis
3781 2321 3877 2382 in-

2373 2415 2725 2496 telligentia
2772 2417 3007 2478 dicitur
3050 2417 3306 2480 infinita
3349 2417 3642 2493 inferius,
3691 2426 3757 2481 ct
3799 2419 3876 2481 fi·

2374 2515 2507 2576 nita
2544 2515 2839 2597 superius
2883 2533 2897 2576 ε
2940 2516 3244 2597 quoniam
3285 2516 3423 2598 ipsa
3461 2525 3558 2579 est
3596 2517 3876 2600 simplex

2373 2613 2670 2687 essentia,
2705 2613 2769 2675 in
2811 2615 3075 2676 materia
3112 2633 3238 2677 non
3280 2623 3532 2698 recepta
3571 2634 3690 2679 nec
3735 2633 3874 2680 cor-

2377 2710 2576 2792 porali
2621 2713 3025 2794 receptaculo
3069 2713 3358 2776 limitata.
3407 2715 3528 2777 Sed
3573 2716 3694 2778 hoc
3741 2733 3872 2778 non

2373 2816 2469 2871 est
2525 2828 2663 2872 esse
2723 2810 3074 2886 infinitum,
3125 2813 3247 2874 nisi
3308 2813 3664 2875 secundum
3712 2813 3872 2894 quid

2372 2915 2562 2990 atque
2606 2908 2970 2991 improprie.

2702 3117 3220 3182 PROPOSITIO
3267 3119 3538 3183 LXXV.

2453 3301 2626 3368 Non
2694 3302 3018 3367 videtur
3078 3288 3386 3370 naturae
3443 3305 3869 3373 rationalis

2279 3479 2284 3484 ⁵
2372 3400 2656 3466 animae
2715 3415 3181 3482 repugnare,
3231 3417 3483 3484 neque
3538 3418 3681 3484 per
3737 3419 3869 3471 na-

2369 3499 2638 3563 turam
2684 3498 3178 3578 impossibile
3221 3515 3414 3581 esse,
3464 3502 3870 3582 intellige-

2370 3611 2458 3661 re
2487 3595 2573 3660 111
2611 3595 2761 3662 hac
2789 3597 2963 3662 vita
2991 3597 3526 3665 substantiam
3555 3601 3866 3681 separa·

2369 3695 2536 3759 tam
2583 3694 2796 3760 clare
2842 3696 2926 3760 et
2971 3696 3430 3764 immediate
3477 3699 3866 3778 quantum

2370 3791 2471 3858 ad
2511 3792 2701 3872 quid
2743 3795 2882 3858 est.

2450 3888 2625 3962 Quod
2656 3897 2774 3962 est,
2807 3889 3109 3971 quoniam
3141 3892 3295 3954 ordo
3333 3900 3430 3954 est
3468 3893 3734 3956 intimus
3775 3913 3872 3957 re-

2371 3986 2514 4061 bus,
2565 3987 2630 4048 in
2685 3995 2934 4049 tantum
2992 3989 3162 4070 quod
3221 3991 3469 4072 species
3528 4011 3742 4054 rerum
3800 4013 3869 4056 se

2368 4084 2606 4147 habent
2647 4093 2717 4146 ut
2755 4085 3003 4148 numeri
3044 4094 3236 4168 atque
3270 4094 3340 4149 ut
3369 4089 3616 4170 species
3647 4109 3870 4155 nume-

1178 4205 1192 4247 :
1254 4203 1381 4249 non
1442 4203 1591 4266 ergo
1652 4187 1951 4268 praevalet
2013 4186 2257 4250 lumine
2289 4186 2338 4248 D
2368 4200 2608 4256 rorum,
2654 4181 2721 4244 in
2765 4182 3000 4264 quibus
3047 4185 3256 4247 unitas
3305 4186 3518 4249 addita
3564 4194 3674 4249 aut
3718 4189 3868 4251 sub-

2368 4287 2566 4342 tracta
2608 4281 2887 4362 speciem
2943 4289 3162 4344 mutat.
3213 4282 3371 4345 Hinc
3418 4285 3634 4348 anima
3681 4287 3868 4350 ratio-

2367 4379 2529 4440 nalis
2563 4378 2629 4440 in
2667 4378 2897 4441 umbra
2931 4378 3368 4461 intelligentiae
3398 4381 3602 4445 fertur
3630 4393 3864 4460 creata,

2367 4477 2459 4539 sic
2497 4477 2666 4558 quod
2708 4476 2949 4540 infimae
2988 4478 3424 4560 intelligentiae
3464 4482 3741 4546 maxime
3771 4490 3871 4546 est

2366 4575 2742 4656 propinqua.
2781 4575 3133 4638 Descensus
3163 4578 3402 4660 quippe
3433 4587 3496 4641 et
3528 4578 3870 4644 influentia

2366 4671 2870 4753 intelligibilium
2921 4674 3280 4755 specierum
3329 4695 3366 4737 a
3414 4695 3603 4740 causa
3659 4679 3870 4762 prima

2366 4770 2429 4833 in
2494 4777 2737 4833 mentes
2795 4779 3057 4845 creataS,
3109 4773 3417 4854 paulatim
3467 4782 3529 4837 et
3577 4777 3866 4841 ordinate

2362 4869 2687 4932 occumbit
2734 4877 2796 4932 et
2844 4869 3247 4934 deficientior
3294 4873 3866 4958 particulariorque

2363 4967 2670 5041 efficitur,
2708 4967 2771 5029 in
2805 4975 3050 5030 tantum
3083 4970 3252 5050 quod
3283 4970 3514 5034 animae
3546 4973 3862 5049 rationali,

2364 5085 2505 5148 quae
2548 5065 2669 5128 sub
2715 5065 2941 5128 infima
2992 5067 3416 5148 intelligentia
3466 5072 3730 5152 ponitur
3777 5083 3864 5137 at-

2363 5183 2488 5247 que
2537 5164 2958 5245 intelligentia
3004 5164 3386 5229 obumbrata
3426 5177 3712 5244 vocatur,
3754 5191 3863 5234 na-

2363 5264 2567 5327 turale
2608 5263 3125 5347 conveniensque
3169 5265 3459 5329 consistit
3504 5269 3756 5352 corpori
3792 5278 3864 5336 ut
