4300 6259
571 2317 632 2362 Do
661 2317 801 2363 Divin-

539 2395 654 2427 nom.
671 2395 711 2426 e.
729 2397 789 2426 nr.

845 441 966 506 258

1447 461 1528 508 DE
1569 461 1796 508 Ltmnm
1837 459 2222 507 CHRISTIANAE
2263 461 2567 519 monta-3,
2610 461 2788 508 Lmen
2828 463 2868 508 1.
2914 481 2994 491 —
3034 462 3175 509 Am.
3222 464 3349 510 XXV

843 630 1088 694 fectum
1115 632 1544 697 esse.Bonitas
1573 649 1745 715 ergo,
1764 651 1964 714 quum
1994 631 2074 695 ab
2106 650 2182 694 ea
2210 633 2344 697 haec
2373 632 2425 696 A
2454 633 2684 710 versio,
2718 635 3021 716 quoniam
3050 634 3267 698 omnia
3294 635 3567 698 tendunt
3593 633 3676 694 ad
3704 629 3953 710 simile3

845 731 1199 813 proprietas
1228 730 1411 806 fluat,
1446 732 1799 795 rectissime
1836 737 2062 793 natura
2100 730 2213 793 Dei
2255 731 2345 792 di-

845 829 1028 892 citur.
1065 831 1408 893 Enimvero
1437 830 1504 894 in
1533 830 1913 894 duodecimo
1943 830 2167 893 Primae
2207 831 2345 913 phi-

844 927 1148 1010 losophiae
1184 928 1462 992 ostendit
1497 928 1889 1002 AristotcleS,
1925 929 2208 1011 primum
2250 929 2343 990 in-

2454 731 2669 794 omnia
2716 741 2931 796 autem
2991 752 3133 815 quae
3192 740 3343 796 sunt
3394 733 3671 796 tendunt
3716 731 3798 793 ad
3852 729 3957 792 bo-

2456 848 2610 892 num
2643 847 2657 892 :
2693 830 2909 892 omnia
2938 847 3089 912 ergo
3118 830 3286 893 bona
3314 837 3481 893 sunt.
3506 831 3633 894 Aut
3660 845 3815 910 ergo
3846 847 3959 910 per

2456 928 2797 991 essentiam
2827 936 2891 991 et
2921 928 3443 1002 substantialiter,
3475 937 3589 990 aut
3618 927 3961 1010 participa-

841 1025 1169 1088 tellectum
1220 1043 1478 1088 movere
1527 1025 1782 1090 orbium
1833 1033 2131 1101 motoreS‚
2175 1026 2343 1088 sicut
2453 1024 2627 1087 tione
2676 1026 2869 1108 primi
2916 1025 3089 1088 boni.
3138 1027 3202 1088 Si
3252 1024 3761 1108 participatione,
3802 1031 3959 1085 tunc

841 1123 1269 1186 desideratum
1315 1132 1527 1187 movet
1571 1124 1982 1187 desiderium.
2016 1124 2189 1187 Nihil
2231 1143 2339 1186 au-

839 1227 971 1283 tem
1023 1221 1422 1284 desideratur
1467 1222 1592 1284 nisi
1641 1222 1906 1296 bonum,
1957 1241 2183 1285 verum
2234 1222 2336 1285 vel

839 1337 1152 1402 apparens
1187 1338 1201 1382 ε
1236 1337 1363 1382 non
1407 1327 1504 1382 est
1542 1339 1775 1402 nempe
1818 1319 2179 1401 cogitabile,
2213 1320 2339 1403 pri-

840 1436 1018 1479 mum
1049 1417 1291 1480 bonum
1327 1435 1457 1481 non
1497 1418 1633 1481 fore
1669 1437 1892 1481 verum
1934 1418 2200 1491 bonum,
2234 1437 2334 1480 su-

837 1533 1152 1597 pernosve
1182 1515 1548 1578 intellectus
1587 1517 1655 1577 in
1695 1516 1794 1578 sui
1839 1516 2157 1578 desiderio
2200 1514 2336 1578 falli

837 1632 1045 1696 posse.
1081 1615 1246 1676 Deus
1275 1631 1428 1695 ergo
1455 1614 1697 1677 bonum
1731 1622 1848 1688 est,
1880 1621 1944 1676 et
1973 1614 2183 1677 omnis
2224 1613 2337 1676 bo-

835 1711 904 1774 ni
960 1711 1225 1787 bonum,
1289 1712 1442 1794 quia
1491 1713 1780 1775 omnium
1833 1712 2029 1775 finale
2095 1712 2339 1774 deside-

2456 1123 2678 1205 utique
2737 1141 2866 1185 non
2925 1141 3039 1206 per
3086 1143 3153 1186 se
3203 1132 3267 1186 et
3312 1123 3739 1186 essentialiter
3787 1121 3961 1185 bona

2456 1228 2625 1281 sunt.
2645 1219 2820 1294 Quod
2852 1222 3026 1283 enim
3058 1221 3191 1283 enti
3230 1221 3734 1284 substantialiter
3758 1227 3827 1282 et
3865 1220 3962 1282 in-

2455 1318 2890 1400 dependenter
2917 1321 3226 1394 convenit,
3244 1320 3361 1383 hoc
3391 1319 3452 1381 ei
3480 1317 3965 1401 quomodolibet

2455 1423 2519 1478 et
2557 1416 3089 1480 indissolubiliter
3128 1419 3428 1480 convenit
3468 1434 3482 1479 :
3526 1417 3797 1499 ideoque
3838 1436 3963 1498 per

2454 1513 2696 1576 nullius
2755 1515 3098 1579 extrinseci
3152 1515 3541 1578 ablationem
3601 1515 3677 1577 fit
3735 1515 3959 1598 ipsum

2452 1612 2826 1693 separabile.
2862 1613 3039 1686 Quod
3068 1631 3221 1675 vero
3250 1631 3366 1695 per
3394 1613 3961 1695 participationem

2450 1715 2567 1783 est,
2610 1711 2969 1772 necessario
3008 1710 3348 1793 dependet,
3390 1717 3455 1773 et
3491 1710 3705 1792 priore
3740 1719 3965 1774 amoto

835 1817 1044 1872 ratum
1103 1817 1166 1872 et
1225 1811 1478 1873 causale
1545 1809 1937 1893 principium
1996 1829 2069 1873 ac
2128 1811 2336 1893 prima
2372 1811 2421 1874 B
2450 1806 2659 1889 ipsum
2693 1807 2921 1889 perimi
2953 1825 3214 1870 necesse
3244 1808 3775 1891 est.Relinquitur
3800 1826 3965 1890 ergo

835 1926 1154 1971 mensura.
1212 1909 1453 1983 Denu0‚
1504 1910 1625 1972 hoc
1669 1909 2043 1971 naturaliter
2092 1909 2333 1971 bonum

835 2013 952 2080 est,
984 2007 1156 2089 quod
1187 2007 1538 2069 secundum
1588 2007 1862 2089 propriae
1907 2014 2146 2070 naturae
2190 2005 2336 2068 sub-

835 2105 1217 2179 sistentiam,
1285 2105 1576 2167 omnium
1642 2112 1740 2166 est
1805 2105 2331 2180 illuminativum,

835 2201 1240 2264 reductivum
1270 2209 1334 2264 et
1364 2202 1944 2266 causativum.Tale
1974 2210 2189 2265 autem
2220 2221 2333 2265 ens

835 2307 932 2362 est
959 2301 1125 2362 Deus
1147 2317 1160 2362 ε
1180 2299 1595 2382 quoniam,ut
1623 2300 1712 2363 ait
1739 2300 2098 2382 Dionysius,
2115 2319 2335 2382 quem-

833 2399 1178 2460 admodum
1219 2415 1564 2480 corporeus
1605 2398 1724 2461 iste
1763 2399 1856 2462 sol
1897 2399 2131 2462 divinae
2171 2398 2334 2461 lucis

832 2497 1096 2560 evidens
1127 2496 1358 2577 imago,
1391 2503 1560 2559 totus
1592 2497 1936 2578 splendens
1975 2505 2040 2559 et
2076 2515 2333 2578 semper

834 2591 1080 2669 lucenS,
1118 2595 1368 2656 cunctis
1412 2594 1790 2676 corporibus
1830 2614 1960 2658 suae
2009 2595 2330 2657 illumina-

831 2690 1024 2753 tionis
1064 2691 1407 2774 capacibus
1439 2693 1846 2775 propriorum
1877 2693 2203 2755 radiorum
2236 2692 2332 2754 lu—

831 2789 1004 2851 mina
1046 2791 1357 2872 partitur;
1391 2791 1484 2853 sic
1527 2791 1744 2853 divina
1785 2791 1892 2853 lux
1933 2811 2010 2853 ex
2053 2790 2329 2873 propriae

829 2895 1072 2951 naturae
1102 2887 1384 2950 bonitate
1415 2888 1664 2951 cunctis
1697 2888 2130 2972 supereffluit,
2164 2889 2329 2952 deri-

2449 1923 2564 1987 pro
2595 1906 2925 1978 constanti,
2941 1906 3185 1968 nullum
3218 1906 3455 1969 bonum
3486 1907 3961 1989 participatum,

2448 2002 2864 2066 substantiale
2893 2003 3135 2067 bonum
3167 2022 3281 2067 seu
3312 2004 3816 2066 substantialiter
3844 2003 3963 2068 bo-

2448 2119 2603 2162 num
2635 2101 2789 2164 fore.
2827 2102 2915 2164 Ea
2944 2120 3095 2184 ergo
3124 2121 3267 2184 quae
3297 2101 3464 2164 bona
3500 2109 3673 2176 sunt,
3705 2102 3759 2164 si
3798 2102 3960 2164 sub-

2446 2198 2827 2261 stantialiter
2869 2199 3037 2263 bona
3080 2208 3251 2274 sunt,
3284 2217 3545 2262 necesse
3582 2207 3681 2262 est
3717 2218 3793 2262 ea
3834 2219 3961 2282 per

2444 2315 2513 2360 se
2542 2304 2607 2359 et
2636 2298 3142 2380 independenter
3170 2299 3336 2361 bona
3365 2317 3523 2361 esse.
3557 2298 3770 2361 Primo
3795 2317 3959 2381 ergo

2444 2393 2612 2458 bono
2669 2395 2998 2478 paulisper
3051 2405 3265 2459 amoto
3319 2396 3400 2459 ab
3448 2397 3685 2470 anim0,
3736 2397 3955 2460 adhuc

2442 2501 2632 2555 erunt
2660 2492 2857 2573 bona3
2890 2501 3001 2556 aut
3030 2512 3179 2575 ergo
3208 2495 3487 2557 totaliter
3524 2501 3714 2557 erunt
3754 2495 3951 2572 bona,

2442 2591 2529 2653 ita
2559 2598 2630 2653 ut
2659 2590 2743 2654 sit
2770 2592 2863 2654 eis
2895 2591 3065 2654 idem
3105 2611 3245 2655 esse
3284 2601 3348 2655 et
3383 2592 3625 2656 bonum
3666 2611 3831 2668 esse,
3868 2612 3952 2658 eo

2439 2689 2609 2770 quod
2640 2689 2904 2752 omnino
2934 2691 3097 2752 nihil
3128 2690 3301 2752 aliud
3333 2691 3463 2752 sint
3492 2691 3616 2753 nisi
3648 2692 3835 2754 bona.

2517 2787 2692 2861 Quod
2750 2789 2804 2850 si
2854 2789 3125 2863 dicatur,
3176 2796 3364 2852 erunt
3412 2789 3677 2853 omnino
3725 2791 3947 2873 primo

2436 2885 2606 2948 bono
2635 2885 2894 2961 similia,
2927 2905 3137 2969 neque
3168 2888 3419 2950 diversa
3448 2896 3663 2952 essent
3690 2889 3771 2952 ab
3804 2908 3889 2954 eo
3926 2909 3943 2952 τ

829 2985 1115 3049 vationes
1164 3006 1310 3049 suas
1359 2987 1736 3061 scaturiens,
1786 2995 1851 3050 et
1898 2988 2325 3051 secundorum
2356 2987 2400 3052 C
2436 2985 2500 3047 id
2542 3004 2823 3067 namque
2871 2985 3377 3049 substantialiter
3413 2994 3477 3048 et
3512 2987 3791 3050 totaliter
3827 2989 3947 3052 bo-

831 3083 1212 3165 capacitates
1254 3084 1634 3167 adimplens,
1668 3084 1778 3146 Est
1813 3103 1964 3166 ergo
2007 3086 2175 3148 Deus
2219 3105 2327 3148 na·

829 3182 1119 3244 turaliter
1149 3181 1726 3264 bonuS.Quumque
1757 3182 1842 3245 sit
1868 3184 2034 3246 Deus
2065 3183 2329 3248 omnino

830 3280 1105 3362 simplex
1135 3287 1199 3342 et
1227 3279 1730 3343 substantialiter
1768 3298 1957 3344 omne
1997 3282 2167 3364 quod
2208 3290 2324 3355 est,

831 3396 1092 3441 necesse
1135 3386 1232 3441 cst
1273 3386 1345 3440 ut
1382 3378 1464 3440 sit
1504 3378 1570 3441 in
1609 3397 1686 3442 eo
1727 3379 1899 3443 idem
1941 3381 2078 3462 ipse
2119 3388 2184 3443 et
2221 3380 2328 3444 bo-

831 3495 987 3538 num
1031 3495 1104 3538 ac
1147 3476 1414 3539 bonitas

1197 3737 1685 3803 ARTICULUS
1731 3738 1946 3802 XXV.

831 3899 1384 3965 Quemadmodum
1399 3897 1611 3974 juoeta
1640 3897 2068 3956 traditionem
2085 3897 2327 3966 Boetii,

908 3989 1096 4046 nulla
1127 3987 1492 4046 substantia
1512 3987 1685 4045 citra
1703 3988 1914 4046 Deum
1934 3987 2021 4044 sit
2041 3986 2331 4045 substan-

910 4077 1164 4134 tialiter
1208 4077 1370 4135 bona
1408 4096 1429 4134 .·
1469 4076 1544 4134 in
1583 4094 1708 4153 quo
1747 4075 2119 4134 ostenditur
2158 4077 2332 4152 quod

2437 3101 2593 3144 num
2637 3090 2749 3145 est.
2790 3083 3127 3165 Equidem,
3170 3102 3365 3166 supra
3408 3084 3487 3147 de
3530 3085 3773 3148 unitate
3818 3087 3947 3150 Dei
3974 3111 4063 3148 m„
4090 3119 4147 3149 ιι.

2437 3182 2941 3244 demonstratum
2989 3189 3107 3256 cst,
3161 3181 3562 3264 impossibile
3608 3201 3747 3246 esse
3804 3185 3945 3249 duo

2438 3278 2573 3342 fore
2602 3279 2774 3341 entia
2814 3278 3318 3342 substantialiter
3346 3286 3410 3342 et
3438 3280 3717 3344 totaliter
3744 3281 3944 3346 bona.

2437 3377 2595 3440 Nam
2656 3377 2721 3439 in
2770 3377 2949 3440 nullo
2998 3396 3221 3441 eorum
3279 3386 3447 3441 esset
3503 3387 3728 3442 natura
3786 3379 3954 3445 boni

2440 3476 2753 3538 minorata
2788 3493 2802 3537 :
2836 3477 3051 3558 itaque
3091 3482 3259 3539 esset
3302 3484 3652 3559 utrumque
3690 3479 3954 3561 simpli-

2440 3574 2599 3636 citer
2647 3573 3025 3656 perfectum.
3072 3575 3203 3636 Hoc
3251 3583 3467 3637 autem
3515 3575 3951 3658 impossibile.

2440 3671 2843 3755 Impossibile
2874 3690 3025 3753 ergo
3056 3679 3153 3735 est
3180 3672 3427 3754 aliquid
3458 3673 3617 3737 citra
3654 3675 3955 3756 primum

2440 3770 2534 3832 sic
2565 3770 2807 3833 bonum
2838 3789 3001 3844 esse,
3035 3778 3106 3832 ut
3134 3770 3218 3832 sit
3256 3771 3521 3834 omnino
3560 3779 3621 3834 et
3662 3772 3957 3837 totaliter

2440 3868 2701 3931 bonum.
2738 3869 2857 3931 Sed
2891 3869 3011 3931 hoc
3042 3869 3477 3931 necessarium
3514 3877 3611 3932 est
3645 3871 3955 3936 admitte—

2440 3987 2531 4042 re,
2564 3968 2619 4030 si
2647 3967 2890 4049 aliquid
2922 3968 3081 4030 citra
3113 3968 3396 4050 primum
3426 3968 3675 4031 dicatur
3714 3988 3832 4051 per
3874 3991 3953 4034 se

2440 4073 2504 4129 et
2546 4065 3051 4128 substantialiter
3091 4065 3333 4128 bonum
3372 4084 3385 4127 :
3419 4068 3721 4148 quoniam
3764 4071 3951 4150 quod

907 4167 1082 4225 Deus
1138 4158 1230 4223 es't
1295 4166 1474 4239 'pura
1542 4173 1603 4223 et
1675 4164 2327 4238 supersubstantialis
2359 4174 2407 4234 D
2440 4163 2944 4227 substantialiter
2974 4165 3160 4238 inest,
3194 4164 3315 4226 hoc
3352 4165 3835 4246 quomodolibet
3875 4177 3950 4231 et

911 4253 1178 4313 bonitas

1015 4457 1418 4521 ESTIGAVIT
1450 4458 1689 4540 quippe
1721 4457 2085 4530 ssoannes,
2101 4457 2326 4521 Roma-

935 4575 1055 4619 nus
1099 4556 1429 4629 diaconuS,
1463 4574 1500 4616 a
1541 4556 1779 4630 Boetio,
1813 4555 2132 4637 quomodo
2175 4555 2322 4618 sub-

831 4655 1079 4718 stantiae
1112 4654 1175 4715 in
1206 4672 1282 4716 eo
1312 4653 1482 4735 quod
1513 4659 1683 4727 sunt,
1715 4653 1898 4717 bonae
1927 4661 2097 4725 sunt,
2121 4672 2321 4735 quum

829 4761 1044 4815 tamen
1104 4770 1230 4815 non
1302 4752 1430 4814 sint
1487 4750 1930 4814 substantialia
1989 4751 2157 4814 bona
2211 4745 2323 4814 seii

831 4849 1328 4913 substantialiter
1353 4849 1551 4912 bonae.
1572 4849 1648 4911 Et
1670 4850 1925 4931 quidem
1947 4865 2135 4912 omne
2161 4851 2323 4932 quod

830 4957 947 5022 est,
979 4950 1047 5011 in
1078 4967 1154 5012 eo
1183 4949 1354 5031 quod
1383 4955 1499 5023 est,
1526 4948 1764 5012 bonum
1808 4955 1920 5010 est.
1957 4948 2109 5010 Esse
2149 4949 2323 5011 enim

830 5055 928 5110 est
967 5047 1216 5110 bonitas
1263 5047 1428 5109 entis
1473 5064 1486 5108 :
1528 5047 1745 5109 omnia
1792 5047 1964 5108 enim
2013 5053 2327 5128 appetunt

831 5165 988 5208 esse.
1023 5145 1284 5218 RursuS,
1320 5145 1653 5208 conversio
1682 5152 1781 5208 est
1810 5152 2069 5227 propter
2099 5145 2327 5207 simili-

829 5244 1120 5308 tudinem
1153 5242 1441 5305 conversi
1483 5249 1546 5305 et
1575 5243 1718 5324 ejus
1755 5243 1833 5305 ad
1863 5244 2032 5326 quod
2074 5242 2151 5305 fit
2176 5261 2322 5308 con-

2440 4261 2958 4324 irremovibiliter
3003 4263 3187 4325 inest.
3231 4262 3507 4344 Ideoque
3552 4264 3608 4326 si
3654 4267 3953 4330 secunda

2436 4359 2939 4422 substantialiter
2996 4358 3162 4422 bona
3216 4367 3452 4434 essent,
3502 4362 3953 4446 omniquaque

2436 4457 2603 4520 bona
2632 4463 2844 4521 essent
2878 4457 3269 4520 :secundum
3303 4459 3547 4521 nullam
3577 4476 3725 4540 ergo
3754 4461 3954 4525 habi-

2434 4555 2726 4617 tudinem
2771 4562 2985 4618 essent
3026 4572 3153 4617 non
3204 4556 3389 4618 bona.
3424 4556 3641 4639 ltaque
3682 4557 3955 4624 sublato

2436 4654 2719 4735 ipsorum
2754 4660 2977 4715 mutuo
3006 4653 3252 4727 ordine,
3272 4653 3481 4716 adhuc
3512 4653 3676 4718 bona
3702 4666 3903 4720 erunt
3932 4677 3950 4721 :

2436 4771 2634 4834 quum
2691 4759 2907 4813 tamen
2966 4751 3087 4813 hoc
3146 4751 3336 4814 modo
3393 4751 3657 4814 confusa
3718 4765 3957 4820 essent

2435 4859 2499 4913 et
2539 4850 2913 4913 inordinata.

2514 4949 2776 5023 RursuS‚
2831 4966 2944 5030 per
3002 4947 3544 5029 comparationem
3604 4949 3795 5014 unius
3852 4954 3949 5016 ad

2434 5047 2629 5121 aliud,
2662 5053 2773 5108 aut
2814 5046 3104 5108 omnium
3143 5047 3221 5108 ad
3262 5047 3569 5129 primum,
3602 5048 3777 5110 nulla
3818 5069 3948 5131 po-

2433 5145 2584 5209 terit
2628 5145 2721 5208 eis
2770 5145 2980 5206 inesse
3028 5143 3452 5226 imperfectio,
3503 5146 3945 5228 dependentia

2433 5251 2540 5306 aut
2590 5242 3040 5326 potentialitaS‚
3091 5242 3147 5304 si
3202 5241 3704 5307 substantialiter
3757 5244 3941 5312 bona
