4300 6259
879 487 1000 554 358

1480 507 1560 554 DE
1602 507 1828 553 Lunum
1871 503 2256 552 CHRISTIANAE
2296 501 2597 558 TnssomAE,
2642 500 2818 546 Lmen
2860 501 2901 546 1.
2948 519 3027 530 -
3069 501 3207 548 ART.
3253 499 3395 547 xcix

879 679 1050 760 quod
1092 679 1287 742 etiam
1325 685 1652 740 ostensum
1693 683 1790 740 est
1827 693 2039 758 supra.
2083 673 2379 737 Substan-
2406 669 2460 734 A
2489 672 2891 734 essentialem
2938 671 3311 752 dignitatem
3359 677 3423 732 et
3470 669 3803 732 naturalem
3839 667 3952 730 vir-

879 777 984 841 tiae
1023 795 1277 859 quoque
1321 777 1483 839 nihil
1528 784 1623 838 est
1667 773 2078 837 contrarium.
2112 772 2375 846 RursuS,

879 877 1095 938 anima
1137 895 1212 939 ex
1257 875 1511 938 defectu
1553 893 1682 936 suae
1729 891 1933 936 causae
1979 889 2103 934 non
2147 871 2313 953 perit
2360 887 2373 932 :

878 974 988 1037 illa
1017 974 1190 1037 enim
1223 974 1610 1055 sempiterna
1640 971 1874 1046 est,vel
1903 970 2124 1032 saltem
2158 987 2381 1051 perpe-

878 1079 1016 1151 tua3
1036 1073 1206 1154 quod
1237 1090 1402 1134 nunc
1433 1071 1522 1133 nil
1553 1070 1790 1133 differt.
1807 1069 1870 1133 Si
1903 1069 2092 1149 igitur
2123 1066 2378 1150 probari

880 1171 1101 1252 possit,
1147 1170 1317 1252 quod
1361 1169 1687 1231 rationalis
1727 1167 1941 1230 anima
1978 1166 2060 1227 sit
2098 1172 2272 1226 stans
2315 1171 2379 1226 et

879 1269 1236 1332 subsistens
1283 1269 1350 1330 in
1394 1286 1461 1330 se
1506 1268 1666 1349 ipsa,
1707 1267 1799 1328 sic
1844 1265 2012 1347 quod
2057 1282 2267 1346 neque
2311 1264 2376 1325 in

880 1386 1019 1431 esse
1064 1385 1273 1448 neque
1317 1367 1383 1429 in
1430 1384 1617 1447 agere
1656 1365 1965 1427 innitatur
2001 1370 2110 1425 aut
2145 1363 2378 1443 depen-

881 1467 1026 1528 deat
1090 1466 1167 1527 ad
1233 1483 1489 1547 corpuS,
1560 1471 1714 1526 tunc
1782 1463 1990 1544 palam
2066 1467 2162 1522 est
2228 1459 2379 1542 quia

881 1562 1262 1626 immortalis
1313 1563 1396 1624 sit
1441 1580 1456 1624 :
1502 1562 1672 1644 quod
1722 1561 1786 1622 in
1836 1560 2105 1622 articulo
2157 1559 2379 1620 imme-

881 1663 1052 1724 diate
1135 1661 1534 1724 antecedenti
1614 1660 1768 1722 satis
1845 1658 2068 1740 utique
2146 1656 2374 1739 proba-

880 1767 1018 1822 tum
1065 1767 1180 1823 est.

2490 779 2715 833 tutem.
2742 771 2851 833 Est
2879 788 3029 851 ergo
3060 771 3125 832 in
3156 769 3371 832 anima
3400 769 3709 852 quoddam
3737 765 3951 849 prinei·

2491 870 2670 952 pium
2721 889 2914 951 supra
2963 869 3245 952 corporis
3295 867 3685 931 harmoniam
3737 874 3798 930 et
3844 883 3954 926 ma·

2490 968 2778 1031 terialem
2844 967 3329 1049 dispositionem
3396 966 3725 1029 elevatum.
3793 963 3954 1026 Unde

2493 1074 2686 1148 patet,
2720 1066 2887 1148 quod
2934 1067 3000 1128 in
3038 1066 3205 1129 bono
3244 1067 3511 1154 honesto
3554 1064 3702 1126 ratio
3736 1061 3957 1144 appeti-

2491 1165 2756 1227 bilitatis
2789 1164 3079 1228 consistit
3109 1164 3172 1226 in
3206 1163 3631 1246 perpetuitate
3658 1162 3910 1243 quadam
3940 1177 3955 1220 :

2492 1264 2643 1345 quia
2671 1263 2972 1326 videlicet
3004 1262 3241 1326 bonum
3286 1262 3445 1324 illud
3486 1260 3795 1343 appetitur
3832 1274 3959 1340 pro·

2494 1370 2634 1443 pter
2660 1381 2727 1424 se
2755 1363 2983 1443 ipsum.
3002 1361 3425 1424 Conformiter
3452 1359 3652 1441 possit
3672 1358 3796 1420 haec
3819 1356 3961 1417 ratio

2491 1461 2719 1523 deduci
2751 1461 2831 1522 de
2860 1460 3028 1523 bono
3067 1460 3364 1540 religioso
3403 1467 3467 1521 et
3506 1457 3631 1539 pio.
3663 1457 3783 1518 Hoc
3823 1472 3961 1535 ergo

2490 1559 2793 1640 operandi
2842 1558 3233 1640 principium
3280 1575 3409 1620 non
3456 1555 3793 1619 destruitur
3838 1571 3963 1634 per-

2491 1665 2682 1720 eunte
2720 1676 2985 1738 corpore
3029 1674 3041 1718 :
3082 1657 3211 1720 imo
3250 1663 3613 1738 separatum
3650 1653 3961 1720 exsistens,

2493 1755 2887 1818 liberius·et
2950 1756 3175 1839 purius
3231 1753 3482 1836 operari
3552 1759 3751 1834 potest
3808 1749 3965 1812 circa

958 1859 1029 1920 In
1061 1857 1287 1940 primis
1320 1857 1512 1938 igitur
1543 1855 1633 1917 sic
1673 1861 2154 1936 argumentetur
2187 1870 2199 1914 :
2236 1851 2377 1914 Om-
2415 1857 2462 1918 B
2494 1854 2941 1935 hujuscemodi
3022 1853 3331 1916 bonorum
3400 1851 3771 1934 appetitum,
3836 1856 3963 1909 tan·

880 1957 980 2018 nis
1011 1962 1237 2019 natura
1267 1975 1410 2038 quae
1439 1955 1789 2036 appetitiva
1827 1961 1890 2015 et
1930 1951 2256 2015 inventiva
2286 1958 2382 2012 est

881 2054 1194 2116 bonorum
1239 2055 1652 2115 honestorum
1702 2060 1765 2114 et
1813 2051 2066 2134 piorum
2115 2068 2189 2111 ac
2238 2048 2380 2111 reli-

881 2154 1230 2235 giosorum,
1282 2150 1662 2213 immortalis
1729 2158 1844 2212 est.
1920 2148 2138 2210 Omnis
2207 2147 2379 2209 enim

884 2249 1208 2334 appetitus
1248 2249 1326 2310 fit
1365 2249 1607 2310 ratione
1649 2247 2092 2309 similitudinis
2132 2253 2195 2308 et
2240 2263 2383 2307 con-

884 2348 1225 2411 venientiae
1283 2367 1425 2428 quae
1482 2354 1579 2408 est
1634 2347 1800 2408 inter
1855 2353 2264 2427 appetentem
2321 2352 2384 2406 et

883 2445 1234 2528 appetibile
1271 2464 1283 2508 :
1321 2446 1388 2507 in
1429 2445 1643 2507 anima
1673 2462 1822 2524 ergo
1861 2452 1958 2505 cst
1993 2443 2233 2524 aliquid
2270 2461 2384 2524 per

884 2544 1053 2627 quod
1112 2542 1504 2604 assimilatur
1564 2541 1732 2604 bono
1790 2541 2059 2602 honesto
2117 2547 2181 2602 et
2240 2539 2383 2601 reli-

882 2642 1079 2724 gioso.
1142 2641 1489 2703 Honestum
1548 2647 1762 2702 autem
1823 2638 2153 2712 definitur,
2214 2638 2381 2719 quod

883 2746 1143 2822 propter
1173 2758 1239 2801 se
1272 2740 1484 2820 ipsum
1515 2736 1866 2819 appetibile
1907 2744 2024 2810 est,
2059 2755 2171 2798 seu
2214 2736 2381 2818 quod

885 2838 1143 2921 propria
1172 2845 1235 2900 et
1265 2836 1589 2900 essentiali
1619 2855 1730 2898 sua
1761 2837 1994 2897 virtute
2025 2835 2382 2916 appetitum

885 2936 1107 3008 allicit,
1140 2954 1505 3017 quanquam
1551 2933 1713 2996 nihil
1757 2934 1930 2996 utilis
1977 2933 2076 2996 vel
2121 2934 2386 2995 delecta-

2492 1972 2684 2035 quam
2732 1952 2946 2014 minus
2990 1951 3283 2033 indigens
3326 1951 3493 2013 bono
3542 1949 3681 2011 utili
3719 1955 3777 2010 et
3814 1945 3967 2008 dele-

2493 2051 2733 2112 ctabili.

2571 2150 2895 2222 Praeterea,
2934 2150 3110 2212 nulla
3143 2150 3345 2212 forma
3378 2167 3492 2230 per
3522 2147 3815 2210 virtutem
3854 2161 3967 2204 ma·

2491 2249 2779 2311 terialem
2820 2257 2881 2310 et
2922 2249 3330 2328 conjunctam
3372 2245 3799 2310 communicat
3834 2261 3966 2304 cum

2494 2347 2751 2428 propria
2812 2347 3180 2428 operatione
3239 2346 3439 2408 divini
3511 2344 3864 2407 intellectus
3916 2349 3971 2402 et

2494 2444 2935 2507 intellectuum
2968 2463 3391 2526 supernorum
3416 2442 3751 2526 :quoniam
3778 2438 3970 2503 omnis

2492 2543 2695 2605 virtus
2754 2561 3055 2625 corporea
3101 2551 3164 2606 et
3212 2542 3273 2604 in
3325 2542 3569 2623 agendo
3625 2540 3705 2602 ad
3762 2556 3972 2618 corpus

2493 2642 2883 2723 dependenS,
2941 2660 3066 2705 non
3116 2647 3416 2724 operatur
3464 2639 3588 2702 nisi
3639 2635 3969 2702 secundum

2495 2740 2865 2821 qualitatem
2899 2748 2962 2802 et
2994 2740 3391 2803 harmoniam
3438 2737 3724 2820 corporis
3762 2744 3818 2798 et
3856 2753 3972 2796 ma-

2494 2838 2669 2900 teriae
2720 2837 2786 2899 in
2824 2857 2951 2919 qua
3001 2837 3302 2900 fundatur
3348 2855 3361 2899 :
3406 2837 3516 2919 qui
3568 2836 3792 2898 modus
3838 2851 3973 2914 ope-

2496 2936 2699 3010 randi,
2753 2936 2977 3017 primae
3038 2937 3239 2998 menti
3316 2944 3380 2998 et
3452 2931 3971 3016 supermundanis

887 3034 1038 3096 bilis
1065 3034 1355 3096 adducat.
1392 3033 1513 3096 Sed
1543 3033 1718 3095 nulla
1759 3033 1959 3094 virtus
1992 3049 2104 3113 per
2134 3031 2381 3094 harmo-
2416 3033 2459 3097 C
2496 3040 2685 3115 atque
2733 3032 3048 3096 deificatis
3096 3032 3529 3096 intellectibus
3586 3047 3969 3112 nequaqnam

887 3132 1060 3194 niam
1104 3149 1374 3213 operans
1417 3140 1478 3193 et
1523 3130 1868 3192 materialis
1911 3129 2245 3203 exsistenS‚
2280 3148 2385 3211 ap-

888 3229 1048 3312 petit
1077 3229 1201 3291 tale
1233 3228 1472 3291 bonum
1510 3228 1711 3290 :nihil
1743 3228 1918 3290 enim
1948 3235 2248 3308 operatur
2276 3235 2387 3289 aut

889 3327 1156 3410 appetit,
1231 3327 1353 3388 nisi
1426 3328 1780 3389 secundum
1852 3326 2251 3388 harmoniam
2324 3333 2388 3387 et

890 3425 1264 3508 qualitatem
1299 3424 1616 3507 corporis3
1649 3432 1711 3486 et
1743 3425 1886 3487 ideo
1926 3423 2240 3505 quidquid
2282 3443 2385 3506 ap-

893 3524 1075 3606 petit,
1098 3523 1341 3605 appetit
1372 3524 1434 3584 in
1468 3530 1777 3605 quantum
1808 3522 1967 3584 illud
1998 3523 2386 3585 conveniens

892 3630 989 3685 est
1018 3622 1140 3684 sibi
1172 3629 1236 3683 et
1274 3621 1638 3701 conjuncto.
1674 3622 1776 3683 Sic
1805 3629 2019 3683 autem
2059 3629 2383 3702 appetere,

893 3728 990 3785 est
1018 3728 1318 3803 appetere
1348 3720 1468 3782 sub
1501 3721 1742 3782 ratione
1773 3720 1950 3782 utilis
1980 3719 2081 3782 vel
2115 3721 2385 3782 delecta-

891 3818 1060 3880 biliS.
1133 3818 1308 3892 Quod
1375 3835 1526 3880 vero
1596 3818 1920 3900 appetitur
1990 3825 2250 3899 propter
2320 3837 2387 3880 se

891 3915 1128 3996 ipsum,
1183 3915 1315 3977 illic
1367 3915 1524 3978 ratio
1571 3916 1914 3997 appetendi
1974 3924 2069 3978 est
2127 3923 2389 3997 propter

890 4015 1128 4075 nudam
1161 4013 1652 4076 similitudinem
1688 4013 1853 4075 inter
1878 4021 2285 4095 appetentem
2326 4022 2390 4076 et

889 4111 1240 4194 appetibile
1284 4129 1297 4172 ε
1340 4119 1402 4174 et
1453 4111 1646 4191 igitur
1694 4111 1854 4173 ratio
1901 4111 2387 4193 appetibilitatis

2496 3133 2813 3194 convenit.
2868 3133 2986 3194 Sed
3038 3131 3361 3195 rationalis
3419 3131 3651 3193 animae
3708 3127 3974 3211 operatio

2497 3231 2796 3292 convenit
2826 3249 2973 3292 cum
3007 3230 3260 3293 illorum
3294 3229 3551 3312 propria
3580 3228 3846 3290 actIone.
3880 3226 3973 3287 Es-

2495 3328 2780 3390 sentialis
2824 3329 2992 3390 enim
3048 3337 3110 3391 et
3158 3327 3584 3390 connaturalis
3634 3326 3975 3388 divinorum

2496 3425 2935 3488 intellectuum
2986 3428 3291 3509 operatiO,
3334 3434 3430 3489 est
3472 3423 3973 3487 immaterialium

2496 3533 2559 3587 et
2602 3525 3045 3588 universorum
3097 3523 3567 3606 contemplatio.
3610 3523 3837 3585 Anima
3879 3540 3975 3582 au-

2494 3632 2626 3685 tem
2670 3642 2747 3685 ex
2790 3623 3155 3685 visibilibus
3198 3623 3275 3684 ad
3321 3621 3769 3692 invisibilium,
3810 3627 3871 3682 et
3907 3636 3972 3679 ex

2498 3721 2597 3783 his
2627 3723 2703 3784 ad
2736 3721 3277 3803 superinvisibilis
3306 3721 3569 3784 Deitatis
3612 3717 3973 3801 speculatio·

2497 3839 2641 3881 nem
2676 3821 2980 3902 assurgit3
3015 3820 3288 3882 rationes
3323 3838 3560 3892 rerum,
3583 3826 3647 3880 et
3672 3817 3971 3886 ordinem,

2496 3919 2739 3981 ordinis
2782 3936 3034 4000 quoque
3080 3937 3333 3981 causam
3387 3918 3727 3998 investigat
3767 3934 3781 3978 :
3822 3914 3973 3997 quod

2498 4035 2612 4098 per
2672 4016 2913 4078 nullam
2980 4017 3327 4097 potentiam
3390 4016 3669 4078 materiae
3726 4013 3977 4093 conjun-

2498 4121 2665 4175 ctam
2708 4113 2851 4175 fieri
2898 4121 3121 4194 potest.
3156 4114 3371 4175 Virtus
3414 4113 3693 4194 denique
3734 4129 3856 4174 non
3894 4118 3977 4172 est

892 4229 1033 4292 quae
1075 4217 1173 4272 cst
1215 4211 1279 4272 in
1324 4209 1681 4291 appetibili,
1728 4217 1823 4272 est
1867 4228 1980 4290 per
2022 4210 2387 4272 abstractio·
2416 4216 2466 4277 D
2502 4212 2726 4275 melior
2756 4211 3110 4274 substantia
3138 4231 3175 4273 a
3206 4231 3330 4294 qua
3360 4212 3648 4293 procedit
3682 4229 3695 4272 :
3728 4229 3856 4274 non
3893 4217 3977 4271 est

892 4326 1042 4370 nem
1081 4307 1161 4369 ab
1203 4326 1343 4370 esse
1386 4315 1450 4369 et
1493 4309 1681 4370 modo
1722 4308 2072 4370 harmoniae
2119 4317 2183 4371 et
2229 4310 2388 4371 exsi-

891 4405 1140 4468 stentiae
1169 4425 1294 4487 qua
1323 4406 1402 4467 fit
1431 4407 1642 4488 ipsum
1677 4406 1831 4468 utile
1869 4413 1979 4468 aut
2010 4406 2385 4470 delectabile

887 4503 1234 4586 appetenti.
1299 4503 1474 4566 Unde
1530 4503 1722 4566 etiam
1783 4504 2074 4566 videmus
2133 4504 2384 4567 nullum

887 4602 1266 4664 animalium
1316 4601 1849 4664 irrationabilium
1901 4602 2097 4666 laetari
2157 4603 2221 4665 in
2279 4605 2386 4666 ad-

888 4708 1111 4782 spectu
1156 4701 1596 4782 pulchrorum,
1628 4707 1738 4761 aut
1780 4699 2017 4762 olfactu
2062 4702 2380 4775 suavium,

885 4800 989 4862 vel
1020 4798 1431 4881 perceptione
1461 4796 1890 4870 sensibilium,
1925 4798 2048 4860 nisi
2093 4799 2157 4860 in
2190 4819 2383 4882 quan-

886 4904 1024 4959 tum
1094 4897 1229 4960 haec
1297 4895 1640 4958 utilitatem
1710 4896 1811 4958 vel
1868 4896 2378 4972 delectationem,

887 5003 1115 5078 utputa
1155 4995 1532 5057 alimentum
1567 5013 1678 5057 seu
1709 5012 2127 5057 venereorum
2170 4996 2380 5078 exple-

884 5095 1150 5166 tionem,
1232 5090 1571 5155 conl'erunt
1643 5092 2137 5173 appetentibus3
2206 5094 2379 5157 solus

885 5201 1098 5256 autem
1129 5192 1322 5255 homo
1354 5191 1418 5252 in
1451 5189 1738 5272 pulchris
1769 5198 1832 5252 et
1860 5190 2153 5254 dulcibus
2184 5199 2247 5254 et
2276 5192 2381 5256 bo-

885 5291 984 5353 nis
1017 5291 1284 5364 laetatur,
1308 5296 1373 5351 et
1402 5288 1798 5371 concupiscit
1827 5297 2088 5372 propter
2118 5290 2375 5355 illorum

2497 4329 2647 4392 ergo
2678 4311 2815 4392 ipsa
2843 4311 3073 4372 animae
3102 4309 3455 4372 substantia
3495 4310 3573 4371 ad
3613 4328 3847 4392 corpus
3882 4309 3975 4370 de·

2499 4410 2784 4492 pendens
2812 4410 2913 4470 vel
2948 4409 3313 4482 materialis,
3346 4409 3456 4471 sed
3496 4417 3785 4492 separata
3822 4417 3883 4472 et
3917 4408 3973 4468 in

2498 4527 2565 4572 se
2608 4516 2799 4570 stans.

2576 4606 2889 4687 AmpliuS,
2922 4606 2999 4668 de
3031 4605 3445 4686 possibilibus
3478 4606 3631 4669 facit
3658 4616 3883 4670 natura
3918 4607 3973 4669 id

2495 4706 2665 4788 quod
2698 4704 2927 4766 melius
2957 4711 3071 4766 est.
3108 4704 3229 4767 Sed
3260 4705 3475 4768 anima
3505 4724 3619 4787 per
3646 4708 3893 4788 species
3922 4714 3979 4769 et

2494 4803 2855 4866 scientiales
2914 4822 2988 4864 ac
3037 4803 3444 4884 sapientiales
3492 4804 3751 4867 habitus
3801 4815 3977 4888 atque

2492 4903 2759 4964 virtutes
2792 4901 2855 4963 in
2890 4917 3153 4982 corpore
3183 4901 3548 4983 acquisitaS,
3582 4910 3827 4966 tantam
3864 4904 3980 4966 adi-

2495 5001 2653 5082 pisci
2715 5006 2923 5083 potest
2980 4999 3490 5062 conformitatem
3548 5009 3613 5062 et
3670 5001 3977 5065 habitudi-

2493 5117 2639 5161 nem
2704 5099 2780 5161 ad
2850 5098 3139 5160 coelestes
3204 5098 3471 5172 animOS,
3532 5107 3603 5160 ut
3666 5100 3805 5179 jam
3862 5121 3975 5164 non

2492 5196 2698 5259 solum
2744 5196 2826 5257 sit
2868 5203 3013 5257 nata
3056 5195 3195 5257 sine
3245 5213 3508 5277 corpore
3554 5199 3835 5279 operari,
3876 5199 3973 5262 sed

2490 5294 2837 5378 perfectius
2880 5313 2953 5358 ac
2993 5293 3260 5357 liberius
3290 5303 3660 5377 operaretur
3696 5307 3975 5382 separata
