4300 6259
782 515 861 564 1>ss
900 516 1127 562 temne
1166 514 1547 560 cnmsTutNAE
1587 513 1887 570 THEOMAE,
1932 513 2108 560 mmm
2150 515 2212 561 11.
2259 533 2338 544 -
2379 514 2517 560 Am.
2565 516 2771 573 Lxxxx,
2816 514 3024 564 Lxxxn

3343 498 3463 566 485

342 688 735 763 substantia,
765 696 919 752 tunc
949 687 1271 772 quantitas
1300 705 1415 768 per
1442 685 1853 769 semetipsam
1884 685 1935 748 A
1966 686 2046 748 ab
2076 687 2390 752 albedine.
2425 689 2670 754 Habent
2699 691 2914 773 itaque
2942 689 3298 752 accidentia
3323 709 3463 754 esse

344 787 651 851 locabilis
688 796 787 851 est
826 806 841 850 ε
884 794 981 850 est
1026 803 1177 868 ergo
1226 804 1339 868 per
1386 805 1453 847 se
1504 784 1855 858 individua,

341 888 899 969 quemadmodum
942 905 1019 948 ex
1064 885 1272 968 prima
1321 883 1683 946 conditione
1732 884 1859 946 sin-

338 985 677 1068 gularium
741 992 929 1068 patet.
984 983 1275 1047 Secunda
1322 983 1481 1045 ratio
1538 991 1655 1056 est,
1706 1001 1859 1064 quo-

340 1084 529 1146 niam
572 1085 893 1166 quantitas
934 1083 1291 1145 dimensiva
1340 1100 1417 1144 ex
1461 1099 1529 1142 se
1570 1081 1709 1162 ipsa
1756 1099 1857 1143 ex-

338 1183 715 1244 tensionem
766 1181 959 1244 habet
1010 1199 1025 1242 :
1076 1179 1381 1262 quoniam
1434 1177 1665 1260 positio
1713 1199 1855 1260 qum

336 1289 441 1342 est
473 1281 636 1343 ordo
668 1281 945 1363 partium
976 1279 1041 1340 in
1074 1287 1225 1352 tote,
1262 1278 1325 1340 in
1367 1277 1571 1360 ipsius
1610 1277 1853 1340 ratione

336 1379 539 1442 cadit.
578 1379 777 1442 Habet
806 1396 956 1460 ergo
986 1397 1063 1440 ex
1095 1397 1163 1440 se
1194 1383 1437 1460 partem
1470 1383 1533 1439 et
1565 1385 1807 1458 partem
1836 1395 1849 1438 ε

338 1495 491 1558 quae
524 1478 750 1560 utique
781 1475 1217 1558 quantitativae
1262 1474 1363 1537 vel
1403 1475 1615 1556 potius
1654 1493 1853 1556 quan-

336 1577 565 1638 titates
598 1577 888 1659 quaedam
920 1582 1091 1648 sunt,
1124 1583 1189 1638 et
1226 1592 1353 1636 non
1394 1573 1517 1636 nisi
1558 1593 1852 1636 numera-

340 1675 497 1737 liter
526 1675 847 1738 distinctae
882 1693 895 1736 ε
920 1675 1086 1736 sicut
1116 1673 1285 1736 linea
1316 1671 1631 1755 partibilis
1662 1680 1758 1734 est
1788 1673 1853 1734 in

342 1781 591 1855 parteS‚
644 1791 916 1855 quarum
976 1771 1281 1854 quaelibet
1337 1778 1435 1834 est
1494 1771 1679 1833 linea.
1733 1771 1849 1832 Sed

1969 787 2242 869 propriae
2300 795 2560 862 naturae,
2612 797 2676 852 et
2733 807 2860 852 non
2918 797 3166 852 tantum
3230 790 3458 852 inesse.

1968 885 2083 948 Per
2138 886 2312 948 hunc
2369 887 2562 950 etiam
2623 887 2884 950 modum
2943 887 3214 970 intelligi
3275 888 3466 951 debet

1968 985 2139 1067 quod
2185 985 2441 1060 dicitur,
2483 985 2778 1048 accidens
2827 1003 2954 1048 non
2995 1005 3136 1050 esse
3174 1006 3311 1060 enS,
3352 989 3464 1050 sed

1970 1082 2232 1146 modum
2275 1083 2462 1145 entis.
2517 1083 2644 1146 Hoc
2690 1085 2932 1166 quippe
2983 1092 3244 1168 propter
3295 1085 3464 1148 defe-

1968 1181 2374 1244 ctibilitatem
2445 1201 2518 1243 ac
2581 1182 2998 1264 indigentiam
3053 1183 3464 1246 accidentalis

1966 1287 2210 1342 naturae
2253 1279 2496 1342 dictum
2539 1287 2654 1342 est.

2044 1378 2135 1440 Ad
2169 1380 2514 1441 secundam
2555 1378 2923 1454 dicendum,
2956 1380 3126 1462 quod
3165 1379 3462 1443 accidens

1966 1477 2188 1540 dissert
2231 1495 2270 1538 a
2316 1476 2694 1550 substantia,
2745 1495 2872 1540 non
2924 1497 3037 1559 per
3082 1485 3296 1540 actum
3349 1479 3461 1540 sed

1965 1593 2081 1657 per
2126 1572 2550 1655 aptitudinem
2603 1575 2974 1638 inhaerendi.
3023 1575 3163 1639 Haec
3207 1593 3460 1659 quoque

1964 1671 2254 1754 aptitudo
2301 1671 2744 1752 inseparabilis
2788 1679 2906 1744 est,
2939 1672 2991 1735 si
3037 1681 3264 1736 natura
3305 1675 3462 1736 acci-

1964 1770 2174 1832 dentis
2218 1770 2568 1832 secundum
2609 1789 2678 1832 se
2726 1769 2930 1851 ipsam
2973 1774 3350 1835 attendatur.

340 1891 527 1934 nunc
567 1872 812 1933 dictum
852 1878 969 1944 est,
1012 1869 1103 1932 nil
1144 1869 1559 1932 numeraliter
1596 1868 1716 1931 sub
1755 1886 1853 1930 ea·
1881 1871 1927 1934 Β
2045 1867 2555 1948 Porr0‚obJectio
2589 1868 2772 1930 tertia
2803 1868 2868 1930 in
2901 1870 3283 1950 praecedenti
3315 1871 3460 1932 arti-

340 1971 498 2032 dem
561 1971 775 2052 specie
826 1968 1180 2050 plurificari
1239 1968 1362 2030 nisi
1424 1967 1848 2030 individuum.

342 2067 459 2128 Est
490 2084 649 2148 ergo
678 2066 997 2148 quantitas
1039 2084 1115 2128 ex
1157 2085 1223 2127 se
1264 2064 1611 2127 individua.
1646 2063 1855 2125 Tertia

340 2165 510 2227 ratio
552 2173 671 2228 est.
705 2165 881 2227 Sicut
918 2164 1091 2226 enim
1136 2181 1212 2225 ex
1259 2163 1669 2246 praeinductis
1710 2179 1854 2224 con-

338 2271 485 2336 stat,
520 2264 693 2345 quod
724 2262 1064 2344 quantitati
1105 2279 1218 2344 per
1256 2279 1324 2323 se
1368 2260 1676 2342 competit
1712 2279 1852 2322 esse

341 2361 407 2422 in
456 2361 623 2433 loc0,
667 2361 760 2423 sic
808 2367 871 2423 et
928 2360 1250 2422 mobilitas
1307 2359 1429 2422 sibi
1490 2365 1851 2440 competere

340 2467 579 2542 potest.
618 2459 773 2522 Nam
822 2458 1087 2532 moveri,
1132 2457 1547 2539 consequitur
1588 2457 1667 2518 ad
1710 2475 1851 2518 esse

344 2558 409 2619 in
458 2557 605 2620 loco
646 2575 661 2618 ε
706 2557 875 2619 unde
924 2557 1063 2618 sine
1111 2556 1461 2637 quantitate
1511 2553 1673 2617 nihil
1726 2573 1853 2616 mo-

340 2657 483 2718 veri
516 2663 737 2738 potest,
751 2654 1106 2717 secundum
1136 2653 1612 2734 Philosophum.
1634 2653 1854 2716 Cetera

342 2755 565 2836 itaque
597 2753 954 2816 accidentia
982 2753 1045 2815 in
1078 2751 1587 2816 dimensionibus
1631 2752 1851 2814 hostiae

341 2859 794 2914 sustentantur
822 2859 885 2914 et
916 2851 1417 2920 individuantur,
1448 2850 1667 2912 divina
1704 2869 1854 2930 sup-

346 2950 570 3032 plente
602 2951 837 3011 virtute
870 2949 933 3011 in
974 2949 1103 3011 illis
1142 2948 1653 3012 dimensionibus
1682 2948 1850 3031 quod

1964 1967 2111 2030 culo
2150 1967 2340 2048 plene
2381 1966 2586 2028 soluta
2624 1973 2739 2029 est.
2775 1966 3113 2030 Ostensum
3153 1976 3250 2030 est
3287 1968 3460 2032 enim

1964 2066 2284 2149 quomodo
2331 2065 2646 2147 quantitas
2707 2085 2820 2147 per
2878 2085 2946 2128 se
3003 2065 3460 2142 individuetur,

1963 2173 2024 2228 et
2066 2183 2180 2246 per
2219 2183 2358 2226 eam
2400 2170 2609 2225 cetera
2644 2164 3020 2238 accidentia,
3053 2184 3195 2247 quae
3238 2185 3353 2248 per
3395 2186 3462 2230 se

1964 2263 2350 2326 individuari
2383 2269 2710 2344 nequeunt
2738 2269 2801 2324 et
2829 2263 2964 2325 sine
2994 2263 3280 2344 subjecto
3311 2265 3465 2327 mul-

1962 2361 2241 2443 tiplicari
2297 2361 2466 2423 sicut
2521 2360 2860 2422 dimensio.
2919 2361 3128 2424 Multae
3185 2381 3464 2444 namque

1962 2459 2292 2522 albedines
2346 2459 2804 2539 comprehendi
2848 2476 2974 2520 non
3022 2467 3290 2542 possunt
3337 2460 3460 2522 nisi

1962 2557 2318 2620 secundum
2353 2554 2832 2618 multitudinem
2861 2555 3320 2636 subjectorum.
3345 2558 3464 2619 Un-

1962 2657 2040 2718 de
2084 2655 2211 2717 dici
2257 2655 2439 2727 solet,
2480 2654 2650 2735 quod
2695 2653 3094 2734 impossibile
3137 2662 3232 2716 est
3279 2655 3462 2737 plura

1962 2751 2318 2816 accidentia
2365 2753 2502 2814 solo
2549 2769 2818 2814 numero
2866 2753 3137 2826 diversa,
3189 2753 3252 2814 in
3313 2753 3461 2816 sub-

1960 2852 2131 2933 jecto
2175 2851 2400 2912 eodem
2449 2849 2699 2910 fundari
2748 2867 2762 2912 :
2805 2849 3236 2913 distinctionis
3285 2851 3458 2914 enim

1962 2950 2272 3012 rationem
2334 2946 2574 3009 nullam
2635 2946 2985 3026 haberent;
3044 2949 3210 3010 sicut
3267 2949 3460 3012 etiam

345 3047 529 3131 prius
575 3047 933 3110 substantia
976 3048 1159 3131 panis
1206 3048 1447 3110 eisdem
1493 3046 1846 3130 praestabat.
1880 3047 1924 3111 C
1964 3048 2246 3110 materiae
2277 3065 2488 3108 rerum
2533 3045 2963 3128 corporalium
3006 3065 3132 3108 non
3178 3047 3303 3109 nisi
3349 3067 3462 3130 per

684 3311 1125 3375 ARTICULU
1130 3311 1174 3374 S
1220 3310 1528 3372 LXXXI.

342 3453 609 3514 Solutz'o
642 3453 975 3510 rationum
998 3471 1141 3529 quoe
1159 3460 1387 3510 contra
1416 3451 1709 3510 accident
1719 3453 1854 3510 ium

608 3541 1087 3616 separationem
1121 3542 1407 3600 induc-tce
1436 3549 1609 3600 sunt.

78 3767 111 3806 ρ.
132 3754 255 3798 two·
276 3759 321 3798 et
354 3733 656 3935 QUOD
686 3743 901 3798 autem
932 3735 1279 3798 accidentis
1319 3754 1457 3798 esse
1488 3735 1723 3798 dicitur
1762 3735 1853 3797 in-

527 3854 691 3907 esse,
726 3835 809 3898 ob
842 3835 1195 3898 naturalem
1228 3835 1727 3916 naturaliterque
1761 3835 1855 3896 in-

348 3933 783 4017 separabilem
842 3933 1336 4015 dependentiam
1382 3933 1729 3995 accidentis
1776 3933 1855 3994 ad

348 4033 783 4096 substantiam
843 4032 1087 4094 dictum
1144 4038 1261 4104 est,
1322 4049 1447 4094 non
1505 4049 1657 4094 vero
1716 4031 1857 4093 ideo

348 4132 539 4214 quasi
598 4131 895 4194 accidens
942 4149 1081 4192 esse
1130 4149 1255 4192 non
1306 4129 1535 4192 habeat
1583 4131 1855 4212 propriae

350 4239 619 4292 naturae.
664 4228 843 4292 Sicut
881 4229 1052 4290 enim
1100 4249 1201 4291 res
1251 4229 1440 4290 habet
1487 4229 1853 4300 essentiam,
1888 4228 1933 4288 D

352 4327 443 4389 ita
475 4327 666 4389 habet
698 4345 859 4398 esse,
894 4345 1094 4407 quum
1134 4346 1273 4388 esse
1314 4326 1394 4388 sit
1436 4334 1613 4388 actus
1652 4346 1859 4388 essen-

351 4427 483 4500 tiae,
518 4427 687 4488 sicut
726 4425 941 4488 lucere
977 4432 1075 4486 est
1111 4434 1289 4487 actus
1331 4425 1510 4487 lucis,
1548 4425 1858 4488 Accidens

352 4533 575 4586 autem
607 4523 801 4586 habet
830 4522 1173 4585 essentiam
1212 4543 1451 4596 veram,
1486 4524 1859 4607 propriique

351 4622 611 4704 generis
644 4629 958 4694 naturam,
982 4627 1045 4682 et
1074 4621 1154 4682 ab
1184 4622 1459 4684 essentia
1490 4621 1859 4684 substantiae

354 4722 703 4783 diversam.
744 4718 1117 4782 Aristoteles
1159 4719 1333 4782 enim
1376 4720 1601 4802 quinto
1638 4721 1862 4783 Primae

358 4818 811 4902 philosophiae,
862 4818 1095 4881 dividit
1142 4837 1257 4882 ens
1310 4819 1479 4880 reale
1528 4837 1641 4881 seu
1690 4827 1865 4881 extra

354 4918 671 4990 animam,
722 4917 787 4978 in
838 4917 1061 4978 decem
1120 4915 1633 4997 praedicamenta.
1689 4917 1867 4979 Sicut

358 5016 561 5098 igitur
588 5015 943 5077 accidentia
988 5023 1139 5076 sunt
1184 5033 1297 5098 per
1340 5034 1407 5078 se
1454 5015 1517 5077 in
1567 5016 1867 5098 praedica-

360 5122 607 5186 meum,
641 5113 735 5175 sic
767 5120 917 5174 sunt
962 5131 1111 5174 vera
1155 5114 1348 5186 entia,
1382 5122 1445 5176 et
1492 5133 1605 5195 per
1648 5131 1867 5177 conse-

358 5233 571 5297 quens
630 5210 957 5295 propriam
1012 5213 1351 5274 essentiam
1422 5213 1679 5275 habent.
1743 5214 1869 5276 Ens

362 5329 647 5393 namque
694 5310 931 5372 dieitur
972 5309 1053 5372 ab
1100 5309 1395 5382 essentia,
1442 5310 1609 5373 sicut
1651 5310 1869 5374 album

1963 3147 2202 3210 formas
2245 3145 2549 3226 distingui
2590 3151 2858 3227 possunt
2891 3163 2904 3206 :
2936 3151 3116 3206 actus
3153 3145 3325 3208 enim
3367 3154 3463 3208 est

1963 3245 2073 3328 qui
2124 3243 2461 3324 distinguit
2509 3250 2572 3304 et
2621 3252 2888 3324 separat.
2932 3245 3078 3306 Ideo
3127 3243 3338 3325 primo
3384 3244 3462 3306 de

1965 3343 2385 3407 Generatione
2417 3340 2574 3402 dicit
2600 3341 2995 3415 AristoteleS,
3028 3343 3318 3406 omnium
3357 3361 3460 3424 ge-

1964 3439 2354 3502 nerabilium
2399 3457 2595 3501 unam
2637 3457 2778 3501 esse
2823 3441 3176 3504 materiam.
3259 3499 3272 3516 ,

2277 3705 2766 3770 ARTICULUS
2812 3705 3155 3768 LXXXII.

1961 3850 2058 3908 De
2086 3848 2404 3905 solutione
2433 3867 2656 3905 eorum
2687 3865 2831 3923 quw
2859 3864 2941 3902 ex
2967 3853 3158 3920 parte
3187 3845 3463 3904 actionis

2221 3944 2280 3993 ec
2321 3936 2648 4010 passionis
2695 3935 3206 4009 opponebantur.

2098 4132 2147 4193 Χ
2196 4129 2763 4212 praedeterminatis
2803 4128 3102 4211 denique,
3145 4130 3246 4192 via
3295 4149 3456 4192 rese-

2125 4237 2258 4290 rata
2289 4236 2385 4290 est
2411 4228 2488 4290 ad
2521 4228 2988 4291 dissolvendam
3018 4227 3458 4290 difficultatem
3515 4262 3557 4302 ρ.
3578 4248 3754 4291 meet

1968 4348 2107 4410 quae
2171 4335 2546 4408 praesentem
2614 4327 2940 4388 materiam
2999 4327 3328 4389 concernit
3383 4347 3460 4389 ex
3490 4325 3523 4354 ⁸·

1968 4435 2147 4508 parte
2213 4425 2538 4486 actionum
2596 4444 2668 4487 ac
2737 4425 3130 4506 passionum,
3190 4445 3332 4507 quae
3400 4426 3464 4486 in

1969 4525 2378 4587 Sacramento
2406 4531 2716 4605 apparent
2747 4531 2888 4606 post
2926 4525 3467 4587 consecrationem

1972 4624 2138 4684 sicut
2181 4629 2346 4684 ante.
2396 4621 2557 4683 Sunt
2599 4630 2812 4684 autem
2859 4621 3147 4703 duplices
3191 4623 3473 4684 actiones

1974 4741 2084 4784 seu
2138 4721 2466 4803 passiones
2526 4739 2668 4801 quae
2728 4728 2872 4802 post
2929 4721 3472 4784 consecrationem

1974 4821 2383 4883 Sacramento
2439 4817 2895 4879 attribuuntur.
2948 4818 3242 4891 Quaedam
3301 4820 3474 4881 enim

1974 4937 2196 4981 earum
2265 4923 2412 4978 ante
2485 4916 3030 4978 consecrationem
3104 4916 3478 4980 substantiae

1974 5000 2510 5086 attribuebantur,
2554 5014 2842 5095 quaedam
2893 5022 3106 5076 autem
3157 5015 3476 5098 principa-

1976 5115 2121 5178 liter
2163 5112 2626 5176 accidentibuS.
2663 5112 2868 5186 Quum
2913 5111 3085 5173 enim
3125 5112 3479 5176 accidentia

1978 5215 2097 5275 ista
2140 5213 2269 5274 sint
2316 5211 2653 5273 sensibiles
2705 5209 3062 5291 qualitates,
3113 5217 3338 5292 utputa
3386 5231 3478 5273 sa-

1980 5329 2117 5394 por,
2150 5310 2399 5384 albed0,
2426 5309 2524 5371 vel
2555 5308 2896 5390 quantitas,
2929 5317 2992 5370 et
3019 5315 3347 5372 ostensum
3381 5319 3477 5372 est
