4300 6259
1038 528 1115 574 ΒΕ
1158 528 1385 575 mmm:
1426 527 1807 575 cnmsrulu:
1849 527 2151 584 Tflssonuz,
2198 530 2372 577 unua
2415 533 2454 579 1.
2503 552 2578 561 —
2621 535 2758 581 ΛΒΤ.
2805 536 2950 583 cvm

3421 516 3540 583 373

433 714 632 758 mam.
670 696 1023 781 Supposuit
1049 699 1245 771 enim,
1270 699 1439 781 quod
1468 706 1532 762 et
1560 716 1781 761 verum
1816 705 1935 771 est,
1967 696 2015 758 A
2047 697 2188 779 ejus
2237 700 2471 765 clarius
2515 703 2874 785 elucescat3
2917 725 3036 769 nec
3079 706 3302 789 recipi,
3341 704 3546 771 donec

432 796 611 876 quod
641 796 892 859 scilicet
928 797 1281 860 secundum
1312 797 1788 879 Philosophum,
1820 814 1941 859 coe-

432 892 573 955 lum
616 894 702 956 sit
738 914 889 958 vere
926 896 1300 969 animatum,
1332 895 1574 958 habens
1614 896 1679 957 in
1711 914 1779 956 56
1806 913 1939 957 om-

432 1010 555 1053 nes
583 992 983 1057 differentias
1014 994 1399 1076 positionum
1435 1012 1512 1056 ex
1542 1001 1765 1055 natura
1796 994 1885 1055 rei
1923 1011 1935 1055 :

433 1090 611 1171 quod
642 1092 926 1154 secundo
955 1092 1111 1156 Coeli
1141 1101 1359 1174 aperte
1388 1092 1597 1154 tradit.
1619 1092 1737 1154 Sed
1768 1092 1939 1153 istud

432 1205 567 1249 non
600 1188 853 1252 videtur
880 1198 1043 1253 stare
1073 1208 1277 1273 posse.
1312 1182 1467 1253 Nain
1500 1198 1571 1252 ut
1600 1189 1937 1271 probatum

100 1304 405 1348 -rt-m1.eu.
433 1294 556 1359 est,
574 1286 934 1350 intellectus
964 1289 1317 1351 secundum
1350 1289 1519 1371 quod
1552 1288 1935 1361 intellectuS,

206 3587 389 3615 ,,,,,,

434 1384 681 1448 nullius
712 1387 993 1461 materiae
1025 1394 1205 1449 actus
1244 1394 1343 1450 est
1380 1387 1503 1449 nisi
1546 1406 1661 1469 per
1692 1385 1935 1467 aliquid

430 1482 706 1546 inferius
764 1485 1119 1566 dependeat
1174 1486 1251 1547 ad
1312 1503 1543 1567 corpus
1606 1502 1619 1547 :
1672 1485 1781 1546 sed
1840 1502 1935 1545 se-

427 1582 713 1644 cundum
746 1583 1199 1666 Philosophum
1240 1584 1522 1647 secundo
1560 1584 1639 1645 de
1680 1583 1931 1657 Anima,

422 1680 644 1742 anima
692 1686 789 1741 est
838 1687 1017 1743 actus
1066 1683 1335 1763 primus,
1382 1690 1447 1744 et
1496 1681 1935 1743 substantialis

422 1786 619 1860 atque
666 1779 1013 1842 intrinseca
1061 1780 1266 1843 forma
1309 1780 1611 1862 corporis.
1660 1780 1795 1843 Non
1837 1786 1934 1841 est

422 1894 578 1958 ergo
606 1868 963 1940 secundum
995 1878 1348 1942 doctrinam
1382 1878 1746 1961 Philosophi
1788 1896 1929 1960 pos·
1963 1871 2011 1935 B

424 1975 640 2047 sibile,
674 1977 955 2039 animam
997 1977 1141 2040 coeli
1184 1996 1399 2040 veram
1444 1996 1584 2040 esse
1622 1979 1927 2049 animam,

422 2080 491 2137 et
548 2080 759 2136 tamen
822 2074 1031 2137 solum
1090 2074 1589 2138 intellectualem
1649 2094 1809 2149 esse,
1867 2085 1931 2139 et

426 2174 494 2234 in
554 2193 623 2237 se
680 2174 1030 2237 subsistere
1084 2194 1097 2237 ε
1151 2176 1321 2257 quod
1379 2184 1595 2237 tamen
1658 2176 1931 2239 Thomas

424 2271 732 2335 affirmat.
787 2274 1111 2345 Praeterea,
1162 2274 1377 2337 anima
1434 2273 1577 2337 coeli
1640 2275 1705 2337 in
1754 2275 1931 2339 nulla

424 2371 796 2453 operatione
840 2372 1273 2435 communicat
1314 2391 1461 2435 eum
1504 2372 1681 2447 orbe,
1714 2374 1766 2436 si
1799 2381 1931 2436 tan-

422 2476 565 2531 tum
618 2468 1069 2531 intellectualis
1110 2479 1227 2543 est,
1271 2471 1395 2533 nisi
1446 2472 1512 2533 in
1563 2473 1925 2535 movendo:

424 2576 525 2631 est
570 2587 723 2649 ergo
770 2576 1019 2631 tantum
1074 2578 1279 2633 motor
1324 2570 1519 2643 orbiS,
1564 2578 1627 2633 et
1666 2588 1792 2633 non
1833 2572 1927 2634 in-

420 2668 741 2729 trinsecus
770 2674 967 2729 actus.
1004 2668 1123 2731 Sed
1165 2670 1243 2731 de
1282 2668 1527 2731 ratione
1565 2670 1795 2733 anima)
1832 2678 1930 2732 est

419 2766 591 2847 quod
641 2766 724 2827 sit
774 2766 1168 2848 principium
1218 2767 1365 2829 vitae
1414 2774 1479 2829 et
1528 2775 1737 2829 motus
1786 2768 1927 2849 ejus

418 2865 485 2925 in
523 2882 647 2945 quo
676 2871 811 2926 est:
845 2864 1057 2926 anima
1086 2882 1236 2945 ergo
1266 2864 1433 2937 coeli,
1460 2866 1510 2927 si
1538 2885 1684 2928 vere
1714 2867 1927 2929 anima

416 2971 517 3025 est
555 2972 619 3025 et
655 2964 905 3045 corpori
942 2963 1131 3025 vitam
1174 2965 1680 3037 communicanS‚
1714 2966 1919 3027 solum

2045 798 2279 861 veritas
2309 799 2448 880 ejus
2489 804 2725 866 certius
2765 806 3210 888 comperiatur.
3245 805 3546 887 Origenes

2046 896 2288 977 quippe
2329 898 2522 962 coelos
2565 901 2724 962 dicit
2761 902 3114 981 animatos3
3157 903 3355 966 solem
3396 922 3550 986 quo-

2045 1012 2172 1075 que
2202 1003 2266 1056 et
2293 996 2518 1060 sidera.
2545 998 3016 1075 Verumtamen,
3049 1002 3353 1084 quoniam
3387 1002 3549 1065 Scri-

2046 1099 2234 1173 ptura
2281 1102 2600 1158 creaturas
2651 1098 2784 1171 Dei,
2836 1106 2900 1162 et
2956 1100 3308 1182 praesertim
3370 1100 3550 1163 intel-

2048 1190 2373 1265 lectualeS,
2427 1193 2910 1260 determinando
2959 1206 3022 1260 et
3071 1197 3542 1279 distinguendO,

2046 1288 2125 1351 de
2191 1290 2529 1353 animabus
2596 1293 2902 1357 coelorum
2971 1304 3080 1357 aut
3148 1295 3546 1387 beatitudine

2044 1389 2414 1451 earumdem
2447 1390 2538 1452 nil
2570 1392 2823 1455 videtur
2859 1394 3070 1457 dicere
3105 1412 3118 1457 :
3152 1414 3292 1476 quae
3331 1403 3543 1458 tamen

2042 1485 2095 1549 si
2142 1493 2376 1560 essent,
2423 1488 2816 1569 dignissimae
2864 1498 2928 1553 et
2969 1492 3545 1557 honorabilissimae

2042 1583 2272 1658 forent,
2305 1593 2370 1648 et
2400 1586 2464 1649 in
2499 1587 2750 1651 laudem
2783 1590 3139 1654 conditoris
3181 1592 3409 1655 merito
3438 1593 3544 1654 de·

2040 1683 2594 1763 scribendae3hinc
2626 1688 3011 1768 quibusdam
3053 1698 3318 1773 apparet
3345 1691 3542 1754 tutius

2040 1799 2202 1855 esse,
2238 1783 2290 1845 si
2322 1783 2469 1847 coeli
2501 1793 2821 1865 ponantur
2851 1787 3204 1851 inanimati.

2405 2050 2896 2117 ARTICULUS
2944 2054 3180 2118 CVIII.

2377 2190 2470 2249 De
2529 2192 3000 2266 omnipotentia
3057 2194 3203 2253 Dei.

2178 2376 2312 2439 SSE
2360 2385 2596 2451 autem,
2645 2384 2741 2441 est
2789 2378 2998 2461 prima
3045 2398 3260 2443 rerum
3309 2388 3546 2444 creata-

2205 2494 2370 2549 rum,
2403 2484 2468 2539 et
2497 2476 2794 2559 proprius
2831 2476 3106 2541 effectus
3139 2479 3330 2561 primi
3371 2480 3543 2561 prin-

2042 2573 2196 2656 cipii
2241 2574 2496 2636 dicitur.
2547 2574 2853 2656 Denique,
2901 2578 3110 2639 omnis
3161 2578 3362 2639 virtus
3409 2596 3547 2659 per-

2043 2672 2208 2734 fecta
2237 2671 2313 2733 ad
2349 2671 2608 2736 illorum
2643 2672 3130 2754 productionem
3161 2693 3228 2736 se
3258 2676 3546 2738 extendit

2041 2768 2277 2851 quibus
2321 2771 2482 2831 ratio
2525 2771 2622 2832 sui
2669 2770 2910 2852 proprii
2955 2770 3229 2834 effectus
3275 2790 3404 2835 non
3451 2792 3544 2835 re-

2042 2874 2303 2949 pugnat.
2359 2868 2468 2929 Est
2515 2868 2688 2931 enim
2752 2868 2920 2931 idem
2976 2868 3294 2950 judicium
3347 2871 3424 2933 de
3475 2890 3542 2934 re

2041 2974 2103 3029 et
2153 2967 2396 3029 ratione
2445 2967 2558 3029 rei.
2611 2967 3136 3049 Quibuscumque
3183 2987 3334 3050 ergo
3383 2970 3543 3032 ratio

420 3059 873 3123 intellectualis
905 3079 1030 3123 non
1072 3069 1187 3124 est.
1223 3062 1538 3144 AmpliuS‚
1571 3063 1925 3125 animatum
1962 3064 2005 3129 C
2039 3066 2205 3127 entis
2235 3083 2586 3147 congruere
2619 3073 2844 3147 potest,
2882 3065 3138 3128 illorum
3170 3067 3388 3129 divina
3417 3068 3542 3129 vir-

416 3178 541 3241 per
575 3160 856 3221 animam
896 3159 1187 3221 efficitur
1225 3160 1461 3222 animal
1498 3179 1511 3222 :
1545 3161 1779 3224 animal
1823 3182 1927 3224 au-

420 3264 553 3319 tem
585 3266 681 3320 est
710 3258 1067 3321 substantia
1097 3259 1401 3321 sensitiva
1445 3268 1507 3321 et
1550 3278 1675 3321 non
1720 3262 1923 3323 solum

420 3356 896 3417 intellectualis
916 3392 993 3401 —
1016 3357 1197 3418 Plura
1228 3375 1376 3419 vero
1406 3359 1635 3419 adduci
1669 3366 1927 3439 possent

420 3456 504 3517 ad
550 3455 1107 3518 confirmationem
1151 3456 1369 3536 hujus,
1405 3475 1675 3537 quorum
1724 3458 1929 3519 multa

422 3552 779 3636 praehabita
820 3562 971 3615 sunt
1016 3554 1079 3615 in
1122 3553 1392 3616 articulo
1436 3554 1546 3617 illo
1594 3573 1723 3637 quo
1771 3556 1924 3618 olim

420 3652 491 3713 in
534 3650 975 3734 superioribus
1014 3651 1417 3732 arguebatur,
1450 3654 1791 3715 essentiam
1836 3656 1926 3715 in-

420 3749 857 3813 tellectualem
899 3768 1026 3814 non
1073 3768 1258 3832 posse
1298 3749 1439 3812 fieri
1485 3750 1751 3813 formam
1792 3770 1926 3814 cor-

418 3848 641 3929 poris3
682 3848 795 3910 sed
835 3848 971 3910 haec
1011 3847 1359 3910 sufficiant.
1398 3848 1483 3910 De
1528 3848 1644 3910 hac
1686 3850 1923 3912 etenim

420 3946 713 4019 materia,
750 3953 977 4027 utputa
1014 3946 1092 4008 de
1132 3946 1467 4007 animabus
1514 3946 1819 4009 coelorum
1865 3955 1928 4010 et

418 4045 733 4117 siderum,
784 4045 876 4106 nil
928 4061 1188 4126 prorsus
1232 4044 1657 4107 determinare
1699 4046 1921 4109 audeo.

416 4144 551 4205 Hoc
594 4150 807 4205 tamen
855 4142 1011 4215 scio,
1045 4143 1214 4224 quod
1258 4142 1565 4205 naturalis
1608 4144 1768 4206 ratio
1806 4145 1925 4207 hoc

2038 3171 2141 3225 tus
2186 3164 2508 3226 conditiva
2550 3170 2646 3225 est
2680 3181 2693 3225 t
2730 3164 3270 3245 quemadmodum
3315 3174 3378 3229 et
3420 3166 3542 3228 vir-

2037 3268 2138 3323 tus
2172 3262 2596 3323 illuminativa
2626 3262 2777 3324 solis
2809 3262 3088 3343 perfecta
3118 3263 3543 3345 dicitur‚quo-

2036 3360 2210 3421 niam
2278 3359 2592 3441 quidquid
2667 3359 2934 3421 luminis
3005 3361 3104 3422 sui
3178 3379 3375 3443 capax
3445 3370 3542 3424 est

2038 3457 2358 3519 illustrare
2404 3464 2650 3539 potest3
2683 3464 2746 3518 et
2789 3457 2990 3520 virtus
3025 3458 3408 3522 aedificativa
3447 3480 3542 3522 ar·

2038 3556 2236 3618 tificis
2290 3555 2572 3637 perfecta
2626 3573 2750 3617 non
2805 3562 2992 3629 esset,
3043 3558 3096 3619 si
3151 3575 3277 3620 non
3330 3568 3545 3641 posset

2038 3655 2104 3716 in
2153 3673 2228 3716 ea
2277 3652 2510 3735 quibus
2565 3653 2873 3715 rationem
2922 3653 3147 3716 domus
3198 3658 3540 3719 convenire

2040 3752 2130 3813 nil
2193 3750 2506 3833 prohibet.
2561 3750 2817 3813 Certum
2877 3758 2974 3812 est
3029 3759 3242 3814 autem
3301 3772 3376 3815 ex
3434 3774 3539 3816 an-

2037 3848 2500 3921 tecedentibuS,
2531 3848 2814 3910 divinam
2849 3849 3148 3911 virtutem
3190 3852 3534 3931 quomodo·
3563 3878 3644 3918 m.
3672 3888 3772 3918 nn.

2038 3948 2194 4010 libet
2234 3948 2580 4029 perfectam
2627 3948 2951 4009 exsistere.
2989 3948 3140 4010 Esse
3181 3957 3390 4013 autem
3439 3970 3533 4013 re-

2036 4054 2277 4128 pugnat
2303 4046 2443 4126 ejus
2474 4045 2863 4127 oppositum,
2883 4046 3052 4127 quod
3085 4053 3182 4108 est
3211 4064 3338 4110 non
3369 4067 3530 4111 esse.

2035 4145 2262 4207 Omnia
2317 4144 2531 4223 itaque
2591 4150 2800 4224 potest
2846 4144 3012 4205 Deus
3070 4144 3334 4207 efficere
3393 4165 3534 4226 quae

416 4242 637 4324 potius
682 4248 1075 4303 contestatur
1120 4260 1311 4323 quam
1354 4242 1494 4321 ejus
1531 4242 1921 4323 oppositum,
1956 4241 2005 4303 D
2035 4261 2160 4305 non
2193 4242 2530 4304 includunt
2573 4241 2637 4302 in
2683 4260 2750 4303 se
2783 4259 2907 4303 non
2942 4260 3080 4305 esse
3117 4260 3131 4305 :
3167 4244 3529 4324 cujusmodi

418 4340 576 4403 licet
618 4339 831 4402 forsan
880 4347 1175 4401 neutrum
1220 4339 1653 4402 demonstrare
1704 4342 1919 4423 possit.

418 4439 807 4510 Denuo,sive
840 4438 985 4501 coeli
1014 4438 1303 4499 dicantur
1322 4438 1577 4500 animati
1612 4438 1747 4501 sive
1778 4457 1920 4513 non,

414 4536 513 4599 nil
549 4537 801 4599 videtur
829 4537 906 4598 ad
940 4534 1135 4597 fidem
1170 4536 1507 4617 pertinere.
1534 4537 1923 4617 Augustinus

410 4635 593 4698 enim
622 4634 685 4696 in
720 4633 1090 4695 Enchiridio
1127 4634 1215 4695 ait
1249 4651 1262 4695 :
1296 4634 1422 4696 Nec
1464 4634 1619 4696 illud
1660 4635 1921 4715 quidem

413 4741 669 4796 certum
741 4732 967 4805 habe0,
1028 4739 1244 4793 utrum
1312 4733 1389 4794 ad
1458 4733 1771 4805 eamdem,
1832 4734 1922 4794 vi-

406 4832 656 4895 delicet
702 4830 1075 4911 angelorum
1126 4830 1520 4904 societatem,
1566 4831 1925 4912 pertineant

404 4932 511 4993 sol
548 4938 611 4992 et
642 4929 795 4991 luna
832 4936 896 4991 et
937 4937 1168 4991 cuncta
1198 4928 1423 4991 sidera.
1458 4929 1625 4991 Alibi
1670 4947 1925 5011 quoque

405 5030 581 5092 dicit
614 5047 627 5090 :
662 5029 883 5109 Magna
916 5027 1177 5109 quidem
1209 5036 1271 5089 et
1302 5045 1425 5090 non
1460 5028 1723 5089 evidens
1756 5048 1923 5109 quae·

408 5130 547 5193 stio
606 5136 725 5201 est,
786 5147 869 5189 an
930 5144 1159 5207 magna
1216 5126 1350 5188 haec
1408 5127 1929 5208 supermundana

406 5228 653 5301 melea,
710 5225 793 5288 ab
864 5224 1081 5287 anima
1146 5226 1419 5306 quadam
1486 5226 1781 5287 volvatur
1848 5245 1929 5286 an

402 5343 604 5393 non-z
641 5344 781 5407 quae
826 5322 1053 5405 repelli
1100 5340 1225 5385 non
1270 5324 1479 5399 debet,
1522 5324 1647 5386 nisi
1692 5322 1932 5385 falsitas

2034 4348 2131 4403 est.
2189 4340 2623 4402 contradictio.
2690 4339 3015 4413 Praeterea,
3078 4341 3287 4424 prima
3345 4362 3534 4405 causa

2034 4448 2131 4501 est
2174 4457 2362 4501 causa
2406 4446 2582 4499 extra
2632 4456 2855 4519 genuS,
2903 4439 3165 4501 omnino
3214 4439 3534 4502 illimitata

2034 4545 2098 4599 ct
2146 4536 2308 4598 nihil
2361 4553 2862 4618 praesupponens
2916 4554 2929 4598 :
2983 4555 3124 4618 quae
3170 4538 3386 4600 omnia
3431 4558 3530 4601 su-

2036 4635 2253 4717 perius
2284 4634 2546 4716 probata
2579 4642 2745 4695 sunt.
2782 4634 2851 4695 Ei
2885 4652 3034 4715 ergo
3065 4635 3362 4698 convenit
3391 4656 3528 4699 esse
3556 4654 3636 4694 m.
3664 4663 3767 4694 11111

2035 4752 2293 4795 causam
2333 4733 2498 4794 entis
2531 4732 2594 4794 in
2626 4740 2936 4812 quantum
2976 4740 3072 4794 est
3109 4753 3240 4796 ens.
3277 4735 3339 4797 Si
3379 4754 3529 4817 ergo

2035 4831 2268 4893 divinae
2308 4830 2562 4892 virtutis
2601 4830 2937 4892 causalitas
2976 4832 3392 4896 determinata
3433 4854 3528 4897 es-

2034 4937 2129 4991 set
2179 4934 2240 4989 et
2290 4935 2614 4990 contracta
2661 4928 2736 4989 ad
2795 4935 3000 4989 certos
3055 4928 3348 5005 effectuS,
3399 4950 3528 4995 non

2036 5034 2202 5089 esset
2232 5044 2422 5087 causa
2451 5025 2616 5087 entis
2646 5024 2956 5098 absolute,
2991 5027 3100 5089 sed
3133 5028 3324 5109 hujus
3363 5030 3528 5093 entis

2038 5126 2101 5187 in
2134 5131 2444 5206 quantum
2478 5124 2600 5185 tale
2636 5140 2649 5185 :
2686 5124 2852 5204 quod
2892 5126 3153 5188 omnino
3180 5126 3526 5192 absurdum

2038 5231 2151 5285 est.
2189 5222 2504 5303 AmpliuS,
2537 5221 2806 5283 causalis
2839 5222 3216 5299 fecunditaS,
3248 5228 3532 5290 eminen-

2040 5320 2290 5383 tissima
2331 5319 2640 5401 perfectio
2675 5328 2793 5393 est,
2827 5327 2897 5381 ut
2933 5330 3112 5385 sexto
3141 5322 3363 5388 Primae
3393 5326 3532 5409 phi-
