4300 6259
1026 541 1449 592 tumulo
1489 541 1888 590 mmmmm.
1934 561 2014 572 --
2056 543 2135 590 nt
2179 543 2298 591 DBO
2339 545 2460 592 imo
2503 544 2576 592 ΕΤ
2615 545 2798 592 ‘ramo

3347 527 3460 592 131

352 707 431 770 lis
468 708 699 773 relatio
738 711 803 774 in
846 713 1083 778 divinis
1126 712 1371 796 aliquid
1416 714 1483 776 in
1523 733 1592 777 re
1634 733 1859 796 super·
1888 711 1938 776 A
1970 720 2033 776 et
2062 713 2292 778 creatis
2317 729 2331 776 ε
2357 721 2426 777 ut
2455 722 2623 789 sunt,
2657 713 2930 789 bonitaS,
2953 714 3287 798 sapientia,
3309 715 3463 790 vita,

349 804 525 869 addit
554 810 875 884 essentiae,
910 829 1029 874 nec
1058 828 1345 894 personae
1386 830 1465 874 ex
1504 811 1859 875 substantia

350 911 415 966 et
452 904 765 970 relatione
804 909 987 990 quasi
1026 926 1105 971 ex
1148 909 1419 972 diversis
1464 908 1857 973 realitatibus

350 1011 663 1068 constant.
699 1005 993 1071 Essentia
1028 1015 1093 1071 et
1131 1007 1357 1072 relatio
1394 1008 1708 1072 differunt
1745 1027 1856 1071 seu

350 1099 837 1184 distinguuntur
867 1105 1151 1184 ratione3
1183 1107 1295 1168 sed
1338 1125 1467 1168 una
1504 1106 1729 1170 relatio
1767 1125 1859 1168 re-

350 1198 539 1262 aliter
580 1200 807 1264 differt
846 1203 929 1266 ab
970 1202 1117 1278 alia,
1149 1204 1689 1285 quemadmodum
1734 1222 1861 1266 una

352 1315 630 1378 persona
675 1298 758 1362 ab
804 1299 949 1363 alia.
996 1301 1189 1365 Porro
1234 1301 1565 1367 distinctio
1610 1301 1719 1364 illa
1764 1321 1861 1364 ra-

350 1395 549 1459 tionis
598 1396 769 1462 inter
812 1399 1103 1463 absoluta
1148 1407 1213 1464 et
1270 1400 1531 1464 relativa
1592 1401 1660 1464 in
1706 1400 1856 1474 Deo,

352 1491 849 1559 fundamentum
896 1496 1089 1560 habet
1136 1499 1203 1560 in
1260 1517 1329 1562 re
1376 1516 1390 1560 τ
1444 1498 1597 1581 quia
1642 1498 1861 1561 divina

352 1593 637 1655 essentia
665 1611 795 1676 quo
824 1595 891 1658 in
920 1613 989 1658 se
1020 1595 1159 1678 ipsa
1186 1604 1285 1660 est
1324 1597 1497 1679 prior
1532 1615 1605 1660 ac
1644 1596 1857 1670 ditior,

352 1708 437 1753 eo
468 1691 685 1774 plures
714 1692 1143 1776 perfectiones
1174 1697 1239 1758 in
1271 1715 1341 1759 se
1378 1695 1861 1778 simplicissime

352 1791 871 1872 comprehendit,
922 1810 997 1854 ac
1055 1793 1349 1875 pluribus
1408 1793 1861 1858 consideratio·

1970 818 2270 894 potestaS,
2298 812 2568 892 justitia.

2047 910 2265 992 ltaque
2326 910 2492 972 inter
2547 912 2682 974 haec
2731 910 2990 992 quidam
3041 911 3471 994 imaginantur

1966 1023 2107 1070 esse
2138 1007 2618 1070 distinctionem
2641 1027 2719 1071 ex
2741 1014 2966 1071 natura
2997 1008 3113 1082 rei,
3133 1009 3254 1072 hoc
3273 1016 3468 1072 estex

1970 1105 2229 1186 propria
2273 1105 2558 1187 ipsorum
2605 1105 3062 1169 attributorum
3093 1114 3340 1180 natura,
3374 1125 3468 1169 se-

1968 1201 2147 1264 clusa
2181 1203 2358 1265 omni
2397 1202 2902 1267 consideratione
2939 1204 3302 1267 intellectus
3341 1222 3472 1267 cre-

1968 1299 2055 1362 ati
2080 1315 2095 1362 :
2120 1319 2314 1382 quam
2345 1300 2823 1364 distinctionem
2847 1310 3076 1364 vocant
3106 1301 3467 1377 formalem,

1968 1416 2041 1460 ac
2098 1397 2324 1460 dicunt
2382 1417 2450 1462 se
2507 1399 2719 1463 medio
2771 1400 2960 1463 modo
3019 1398 3254 1463 habere
3305 1399 3472 1464 inter

1968 1495 2446 1560 distinctionem
2478 1497 2712 1560 realem
2745 1497 3349 1580 distinctionemque
3381 1517 3471 1561 ra·

1967 1594 2184 1668 tioniS,
2218 1602 2282 1656 et
2310 1612 2452 1658 esse
2489 1595 2833 1676 quamdam
2879 1614 3006 1658 non
3053 1597 3468 1660 identitatem.

2048 1691 2292 1767 Quibus
2331 1693 2542 1775 primo
2577 1693 2901 1775 objicitur,
2933 1695 3104 1776 quod
3151 1696 3316 1758 inter
3353 1695 3475 1758 dis·

1969 1791 2343 1855 tinctionem
2377 1792 2614 1855 realem
2653 1800 2718 1855 et
2757 1793 3018 1855 rationis
3057 1810 3184 1856 non
3221 1793 3476 1856 videtur

352 1887 555 1950 nibus
583 1889 909 1954 satisfacit.
944 1891 1091 1954 Ideo
1119 1899 1183 1954 et
1212 1893 1383 1974 quod
1420 1891 1727 1956 absolutae
1764 1899 1861 1956 est
1896 1885 1945 1950 B
1972 1891 2187 1954 media
2215 1909 2355 1954 esse
2384 1908 2398 1954 :
2424 1891 2726 1974 quoniam
2761 1891 2928 1954 idem
2960 1900 3022 1955 et
3053 1893 3274 1966 multa,
3305 1893 3474 1955 idem

352 1987 631 2050 utfinis
682 1994 746 2051 et
806 1988 1245 2053 substantialis
1302 1990 1739 2074 perfectionis,
1798 1999 1863 2054 et

354 2085 519 2148 item
551 2087 723 2168 quod
752 2087 1029 2152 relativae
1070 2095 1167 2151 est
1203 2090 1611 2172 proprietatis
1650 2109 1863 2173 respe-

350 2183 673 2266 ctivaeque
716 2186 1006 2261 actionis,
1038 2186 1107 2250 in
1146 2187 1287 2271 ipsa
1327 2187 1632 2250 fundatur
1673 2195 1865 2271 atque

352 2281 689 2346 fontaliter
728 2285 1111 2348 continetur.
1154 2285 1233 2348 Et
1279 2285 1419 2368 ipsa
1454 2293 1553 2348 est
1590 2285 1655 2348 id
1696 2288 1864 2368 quod

354 2383 735 2464 paternitas,
782 2384 1139 2447 secundum
1198 2384 1370 2467 quod
1427 2392 1525 2448 est
1571 2383 1637 2446 in
1686 2382 1867 2447 Patre

352 2501 399 2544 a
450 2482 671 2562 nullo;
724 2482 787 2546 in
837 2483 997 2546 Filio
1044 2489 1259 2546 autem
1308 2491 1407 2546 est
1454 2483 1517 2545 id
1568 2482 1739 2565 quod
1786 2481 1865 2544 fi·

355 2580 565 2656 Ratio,
598 2589 791 2663 prout
832 2601 947 2664 per
987 2582 1463 2663 generationem
1497 2580 1657 2644 Filio
1698 2597 1869 2643 com-

356 2679 772 2758 municatur3
820 2679 915 2742 sic
962 2686 1028 2742 et
1074 2679 1141 2742 in
1194 2679 1435 2762 Spiritu
1484 2679 1715 2742 Sancto
1770 2685 1869 2740 est

354 2777 429 2839 id
470 2777 643 2860 quod
684 2777 1030 2860 processio,
1063 2785 1254 2859 prout
1294 2796 1411 2860 per
1454 2794 1865 2840 communem

350 2875 805 2958 spirationem,
838 2895 876 2938 a
904 2875 1081 2939 Patre
1124 2883 1189 2938 et
1226 2875 1387 2938 Filio
1438 2875 1869 2938 communica-

352 2982 473 3037 tur
500 2973 768 3056 Spiritui
798 2974 1045 3038 Sancto.
1070 2974 1195 3037 Neo
1227 2975 1293 3038 in
1322 2973 1423 3036 his
1452 2973 1869 3054 distinguitur

1972 1996 2037 2051 et
2066 1989 2398 2064 differenS,
2433 1990 2762 2072 passiones
2791 1996 2856 2052 et
2877 1990 3297 2073 proprietates
3327 1997 3476 2054 sunt

1972 2089 2180 2166 entis3
2234 2089 2346 2150 sed
2405 2086 2496 2150 nil
2553 2096 2648 2152 est
2707 2107 2826 2152 nec
2885 2107 3027 2152 esse
3085 2096 3294 2172 potest
3350 2089 3477 2152 nisi

1974 2206 2088 2250 ens
2137 2186 2332 2262 reale,
2386 2187 2558 2268 quod
2607 2187 2802 2250 habet
2855 2207 2993 2250 esse
3045 2195 3274 2270 praeter
3329 2205 3478 2271 ope·

1975 2286 2290 2349 rationem
2351 2285 2606 2360 animm,
2668 2292 2733 2348 et
2789 2305 2904 2350 ens
2962 2285 3250 2360 rationis,
3308 2288 3479 2369 quod

1975 2383 2167 2447 habet
2214 2401 2354 2447 esse
2404 2402 2519 2465 per
2565 2383 2764 2448 solam
2811 2385 3043 2449 animai
3087 2385 3406 2448 actionem
3459 2401 3476 2448 τ

1974 2499 2127 2563 ergo
2180 2489 2410 2564 proeter
2457 2482 2937 2547 distinctionem
2987 2483 3223 2547 realem
3273 2490 3338 2546 et
3385 2502 3480 2546 ra-

1974 2581 2170 2643 tionis
2215 2581 2341 2644 alia
2379 2599 2509 2644 non
2549 2590 2662 2644 est.
2697 2617 2778 2628 -—
2806 2581 3133 2656 Praeterea,
3167 2581 3480 2664 quidquid

1976 2679 2280 2743 convenit
2328 2679 2422 2742 rei
2471 2698 2548 2742 ex
2597 2699 2713 2743 sua
2768 2689 3019 2756 natura,
3072 2680 3373 2744 convenit
3419 2681 3480 2743 ei

1978 2785 2226 2842 remota
2281 2779 2459 2841 omni
2530 2779 2899 2861 operatione
2967 2778 3350 2842 intellectus.
3415 2779 3482 2842 Si

1978 2875 2175 2957 igitur
2221 2875 2388 2940 inter
2429 2876 2734 2940 attributa
2767 2877 2878 2940 Dei
2915 2877 2998 2938 sit
3033 2876 3319 2941 formalis
3359 2877 3483 2940 dis-

1976 2973 2206 3037 tinctio
2268 2993 2346 3037 ex
2405 2975 2498 3038 rei
2558 2981 2806 3048 natura,
2865 2975 3041 3038 omni
3114 2975 3481 3058 operatione

348 3072 489 3135 nisi
544 3091 657 3154 per
700 3071 1063 3146 relationes,
1108 3091 1249 3155 quae
1298 3089 1427 3134 non
1470 3071 1869 3134 constituunt
1899 3073 1946 3138 C
1979 3071 2343 3136 intellectus
2381 3071 2652 3147 seclusa,
2687 3072 2796 3136 illa
2833 3079 3002 3136 esset
3039 3073 3228 3136 realis
3262 3089 3276 3134 t
3309 3073 3480 3155 quod

347 3170 853 3237 substantialem
906 3170 1017 3234 sed
1061 3170 1461 3252 personalem
1518 3169 1683 3231 inter
1726 3187 1867 3251 per·

350 3287 557 3332 sonas
596 3269 1101 3372 distinctionem.

724 3537 1245 3604 PROPOSITIO
1292 3537 1509 3602 XXV.

445 3759 671 3824 1nter
736 3755 1128 3824 attributa
1197 3756 1493 3824 divinae
1560 3757 1869 3823 naturae

348 3873 528 3926 non
564 3857 691 3923 eet
724 3855 973 3922 realis
1017 3869 1271 3937 neque
1312 3853 1675 3922 formalis
1711 3855 1867 3920 dis-

346 3957 683 4035 tinctio,
706 3955 845 4020 sed
874 3955 1211 4021 rationis
1240 3954 1696 4032 dumtaxat;
1723 3967 1870 4020 neo

346 4055 663 4138 praeter
719 4066 813 4119 ae
870 4051 1091 4119 ultra
1160 4051 1657 4132 personalem
1714 4051 1869 4118 dis-

346 4153 841 4220 tinctionem
878 4153 1003 4218 eat
1044 4151 1405 4233 ponenda
1446 4152 1533 4216 in
1569 4150 1870 4217 divinis

1977 3170 2194 3234 nullus
2237 3171 2534 3234 admittit.
2577 3207 2658 3220 -
2699 3171 2987 3254 insuper,
3031 3190 3158 3236 non
3203 3179 3300 3234 est
3341 3173 3481 3236 sine

1977 3269 2356 3332 necessitate
2405 3269 2701 3352 ponenda
2747 3270 2813 3333 in
2856 3271 3078 3334 eodem
3125 3269 3476 3353 pluralitas.

1976 3368 2146 3441 Ideo,
2176 3367 2359 3447 juxta
2387 3367 2826 3451 philosophOS,
2849 3369 3231 3452 compositio
3261 3369 3352 3432 rei
3386 3375 3484 3433 est

1978 3463 2342 3546 indigentiae
2371 3465 2624 3546 signum
2653 3473 2718 3528 et
2745 3466 3284 3547 argumentum.Si
3315 3468 3482 3530 enim

1978 3562 2404 3644 compositum
2460 3562 2526 3625 in
2573 3561 2774 3626 altero
2822 3565 3344 3647 componentium
3389 3573 3479 3628 to·

1979 3666 2109 3722 tam
2171 3679 2353 3722 suam
2413 3659 2876 3742 perfectionem
2935 3661 3218 3737 haberet,
3279 3663 3480 3727 altero

1980 3759 2506 3839 componentium
2551 3775 2680 3822 non
2723 3767 2960 3841 egeret,
3007 3769 3070 3822 et
3118 3769 3285 3824 esset
3331 3761 3480 3824 sim-

1982 3857 2147 3940 plex.
2181 3856 2729 3931 Quemadmodum
2761 3873 2912 3938 ergo
2941 3857 3143 3919 divini
3173 3875 3312 3920 esse
3341 3877 3480 3940 per-

1980 3955 2176 4020 fectio
2205 3963 2302 4018 est
2345 3973 2525 4037 pura,
2561 3972 2736 4017 mera
2777 3973 2850 4016 ac
2897 3955 3152 4036 penitus
3197 3954 3475 4031 infinita,
3577 3963 3586 3970 '

1982 4055 2069 4118 ita
2112 4062 2178 4118 et
2219 4053 2360 4135 ejus
2409 4053 2788 4134 simplicitas
2833 4059 2929 4115 est
2975 4071 3148 4115 mere
3196 4071 3270 4116 ac
3319 4072 3478 4137 pure

1982 4153 2297 4217 immensa
2343 4169 2356 4214 ε
2406 4151 2471 4214 in
2517 4171 2632 4214 sua
2675 4151 2870 4232 igitur
2913 4170 3073 4234 pura
3115 4159 3178 4214 et
3227 4171 3481 4217 summa

345 4250 545 4320 ulla
598 4246 1019 4316 distinctio
1073 4262 1172 4315 ΘΣ
1230 4250 1351 4314 1⁸01
1408 4249 1719 4330 natura,
1777 4250 1948 4320 utl)
1980 4251 2393 4334 simplicitate
2439 4248 2922 4333 simplicissime
2979 4249 3171 4313 habet
3215 4257 3279 4314 et
3337 4269 3480 4334 pos·

346 4349 621 4432 aliqui
663 4346 1113 4429 opinantur.

448 4447 627 4522 Quod
684 4454 803 4522 est,
854 4447 1008 4529 quia
1050 4447 1151 4528 (ut
1200 4445 1413 4510 Sancti
1478 4446 1873 4510 edocuerunt

349 4557 435 4613 et
482 4546 949 4626 contestantur)
994 4543 1311 4627 quidquid
1369 4551 1600 4628 praeter
1657 4563 1871 4626 perso·

350 4665 599 4712 narum
644 4644 1125 4708 distinctionem
1169 4645 1234 4706 in
1266 4643 1394 4706 Deo
1424 4643 1734 4718 consistit,
1768 4663 1870 4706 su-

346 4743 969 4833 persimplicissima
1017 4751 1209 4826 atque
1260 4741 1607 4826 purissima
1662 4743 1871 4806 unitas

348 4850 467 4910 est
511 4863 587 4907 ae
636 4861 817 4907 mera
858 4841 1177 4916 identitas,
1223 4860 1341 4904 nec
1384 4849 1481 4904 est
1526 4842 1591 4904 in
1629 4841 1749 4904 hoc
1792 4859 1871 4905 ex

350 4952 593 5010 natura
640 4943 735 5006 rei
777 4959 905 5004 non
946 4939 1243 5004 identitas
1280 4939 1517 5022 aliqua.
1558 4939 1749 5003 Porro
1785 4947 1873 5002 at·

346 5043 609 5107 tributa
666 5041 733 5104 in
790 5041 921 5103 Deo
976 5039 1280 5102 dicuntur
1336 5039 1679 5122 praedicata
1734 5057 1871 5120 per-

346 5139 733 5207 fectionalia
763 5146 829 5202 et
858 5137 1169 5212 absoluta,
1202 5155 1345 5219 quaa
1388 5155 1467 5200 ex
1510 5144 1733 5200 natura
1776 5137 1869 5200 rei

346 5241 570 5322 magis
624 5237 993 5302 eminenter
1046 5254 1121 5298 ac
1181 5235 1437 5318 proprie
1496 5241 1871 5318 competunt

346 5343 495 5408 Deo
538 5357 735 5423 quam
781 5333 1115 5410 creaturis,
1146 5333 1441 5417 quamvis
1486 5333 1873 5398 conveniant

1982 4352 2149 4414 sidet
2206 4368 2464 4414 omnem
2525 4367 2787 4432 prorsus
2845 4347 3330 4431 perfectionem,
3393 4351 3482 4415 ita

1979 4449 2149 4533 quod
2191 4447 2658 4513 attributalium
2709 4447 3179 4531 perfectionum
3223 4447 3288 4512 in
3338 4449 3479 4532 ipso

1979 4555 2422 4612 contentarum
2469 4546 2646 4610 nulla
2693 4546 2984 4610 consistit
3029 4547 3353 4611 distinctio
3400 4566 3479 4612 ex

1982 4647 2268 4729 ipsarum
2318 4652 2561 4709 natura.
2613 4679 2694 4691 -
2752 4645 3061 4728 Denique,
3113 4646 3166 4708 si
3227 4647 3292 4709 in
3350 4647 3480 4711 Deo

1980 4751 2044 4808 et
2100 4743 2584 4827 simplicissimo
2642 4761 2781 4805 esse
2838 4743 3058 4806 divino
3115 4763 3242 4806 una
3305 4744 3482 4807 attri-

1978 4841 2216 4905 butalis
2247 4840 2558 4924 perfectio
2586 4847 2754 4902 esset
2792 4839 3145 4902 formaliter
3181 4840 3482 4905 distincta

1980 4939 2061 5004 ab
2098 4939 2245 5014 alia,
2279 4939 2456 5002 nulla
2493 4957 2714 5001 earum
2753 4944 2921 5000 esset
2958 4939 3023 5001 in
3055 4958 3123 5003 se
3166 4939 3478 5023 simplici·

1979 5045 2079 5101 ter
2106 5037 2679 5119 universaliterque
2719 5035 3021 5120 perfecta,
3053 5055 3172 5100 nec
3210 5038 3482 5104 aliarum

1983 5139 2047 5200 in
2086 5155 2156 5198 se
2195 5133 2677 5217 simplicissime
2715 5133 3080 5197 contentiva
3118 5151 3132 5198 :
3175 5137 3480 5218 quoniam

1982 5233 2160 5298 nulla
2203 5252 2304 5296 res
2349 5233 2415 5295 in
2446 5251 2514 5296 se
2549 5231 2614 5294 in
2659 5233 3028 5296 omnimoda
3070 5234 3480 5318 simplicitate

1984 5332 2270 5397 continet
2311 5340 2376 5395 et
2419 5331 2686 5394 includit
2737 5331 3198 5419 perfectionem
3246 5333 3482 5402 forma-
