4300 6259
843 467 963 530 324

1413 487 1492 534 DE
1534 487 1761 533 LmnNE
1803 483 2187 532 cnmsTIANAE
2228 481 2529 540 TREORIAE,
2574 483 2751 530 mmm
2794 485 2831 528 Ι.
2880 501 2959 512 -·
3002 485 3141 530 ART.
3188 485 3371 531 Lxxvl

845 657 1058 739 operis
1116 658 1196 722 de
1253 665 1478 721 natura
1536 659 1897 721 divinorum
1960 673 2088 718 non
2160 651 2333 735 loqui
2367 651 2417 712 A
2450 671 2630 728 nenS,
2673 654 2923 735 singula
2964 663 3253 738 tempora
3292 656 3629 718 concludat
3662 661 3729 718 et
3771 671 3944 718 com-

843 756 969 819 nisi
1009 757 1362 819 secundum
1411 758 1762 821 naturalem
1809 756 2162 832 rationem3
2202 753 2337 816 haec

843 873 996 919 vero
1025 855 1103 918 ad
1133 856 1486 918 secundum
1519 855 1755 918 librum
1799 853 2235 936 pertinebunt,
2271 851 2335 912 in

839 971 970 1036 quo
1025 954 1380 1017 secundum
1439 953 1858 1035 theologicam
1925 950 2335 1014 traditionem

839 1059 904 1115 et
930 1051 1089 1114 fidei
1119 1053 1666 1134 supernaturalem
1712 1051 2068 1124 veritatem,
2101 1050 2180 1111 de
2218 1048 2335 1110 eis-

837 1150 981 1212 dem
1035 1152 1552 1232 pertractandum
1601 1157 1715 1212 est.
1771 1149 1912 1212 Sint
1959 1148 2154 1229 igitur
2198 1146 2332 1208 haec

836 1247 1310 1310 incidentaliter
1347 1249 1516 1311 dicta
1546 1255 1806 1330 propter
1838 1245 2225 1309 evidentiam
2260 1243 2331 1305 il·

833 1345 1042 1412 lorum
1088 1344 1486 1410 lucidiorem.

1164 1609 1653 1674 ARTICULUS
1699 1605 2003 1671 LXXVI.

2448 751 2829 834 prehendat;
2854 754 2993 835 ipsa
3020 772 3277 836 quoque
3307 754 3523 817 divina
3554 754 3753 827 noti0,
3778 752 3847 814 in
3878 771 3946 814 se

2442 849 2924 932 simplicissima
2966 869 3401 934 perseveram,
3444 870 3665 916 omnes
3704 861 3949 933 tempo-

2446 966 2587 1010 rum
2658 950 3241 1032 temporaliumque
3314 951 3814 1025 vicissitudines,
3884 957 3951 1013 et

2444 1045 2755 1128 quidquid
2806 1048 2873 1109 in
2930 1048 3023 1110 eis
3072 1048 3367 1111 subsistit
3412 1056 3477 1111 et
3522 1049 3785 1129 geritur,
3844 1068 3947 1110 su·

2442 1144 2842 1227 persimplici
2891 1146 3313 1228 intelligentia
3364 1166 3439 1209 ac
3492 1154 3727 1210 aeterna
3782 1166 3951 1208 sem·

2444 1260 2683 1324 perque
2712 1242 2838 1306 sibi
2870 1245 3165 1326 praesenti
3198 1245 3443 1308 ratione
3481 1245 3797 1325 dignoscit
3834 1263 3849 1307 :
3884 1253 3949 1307 et

2440 1341 2640 1419 quum
2684 1357 2813 1402 non
2856 1347 3154 1403 causetur
3193 1359 3229 1403 a
3268 1341 3472 1414 scitis,
3504 1341 3587 1403 ob
3630 1340 3945 1403 scitorum

2442 1435 2959 1512 mutabilitatem,
2992 1456 3133 1501 eam
3176 1439 3531 1521 permutari
3573 1439 3945 1502 nullatenus

2439 1541 2706 1617 oportet.

2518 1632 2609 1694 Ex
2639 1633 2739 1695 his
2770 1634 3049 1715 insuper,
3066 1654 3208 1716 quae
3238 1634 3701 1698 inducebantur
3724 1643 3945 1698 contra
3970 1653 4157 1693 mma

828 1759 918 1820 Et
960 1767 1052 1819 est
1097 1759 1332 1818 solum-0
1377 1759 1713 1817 rationum
1753 1775 1898 1834 92,oe
1937 1756 2139 1830 paulo
2178 1760 2330 1810 ame
2436 1729 2551 1791 fati
2601 1737 2665 1792 et
2709 1731 3127 1813 providentiae
3178 1732 3585 1813 positionem,
3634 1733 3945 1795 solvenda

907 1857 1138 1908 contra
1177 1848 1566 1923 positionem
1610 1847 1746 1922 fati
1788 1853 1849 1903 et
1890 1842 2329 1920 providentiae
2364 1827 2411 1888 Β
2440 1835 2692 1890 restant·
2742 1829 2947 1904 Quum
2990 1829 3164 1892 essim
3209 1830 3421 1913 primo
3462 1829 3721 1905 dicitur,
3767 1831 3943 1913 quod

908 1937 1412 1996 inducebantur.

999 2229 1081 2290 tis
1131 2235 1193 2290 et
1237 2244 1364 2289 non
1408 2227 1643 2306 cogniti
1689 2225 1972 2308 operatio
2015 2231 2132 2297 est,
2180 2241 2327 2304 ope·

823 2345 948 2388 rari
987 2333 1201 2388 autem
1244 2323 1534 2405 sequitur
1575 2325 1786 2405 ipsum
1831 2342 1991 2396 esse,
2024 2323 2115 2383 sic
2154 2321 2323 2402 quod

824 2425 1051 2487 modus
1110 2422 1335 2504 agendi
1388 2421 1762 2503 parificatur
1809 2421 1998 2483 modo
2043 2419 2319 2495 essendi,

821 2523 973 2606 quia
1022 2520 1446 2604 praestantiori
1495 2527 1736 2582 naturae
1782 2519 2075 2600 congruit
2123 2518 2321 2580 subli-

820 2621 988 2682 mior
1015 2618 1335 2702 operati03
1370 2617 1521 2679 hinc
1566 2617 1798 2700 palam,
1841 2617 2010 2698 quod
2043 2617 2321 2697 cognitio

819 2736 946 2780 non
977 2715 1332 2780 secundum
1365 2715 1496 2777 vim
1531 2722 1594 2778 et
1625 2715 1886 2778 modum
1915 2714 2175 2794 cogniti,
2208 2714 2318 2777 sed

819 2817 1032 2898 potius
1091 2814 1445 2877 secundum
1505 2812 1873 2875 facultatem
1933 2820 1995 2874 et
2048 2813 2316 2893 gradum

815 2913 1256 2994 cognoscentis
1297 2911 1640 2974 efficiatur.
1675 2911 1892 2993 Ipsum
1931 2929 2163 2991 nempe
2206 2910 2317 2972 ho-

833 2126 1262 2339 QUONIAM
1308 2128 1574 2211 proinde
1605 2127 1905 2208 cogniti0‚
1941 2142 2325 2207 cognoscen-

2438 1927 2751 1990 certitudo
2781 1934 2844 1989 et
2873 1927 3187 1990 stabilitas
3218 1929 3501 1992 scientiae
3532 1928 3762 1991 fixioni
3794 1928 3945 1992 sciti

2436 2025 2821 2089 conformari
2852 2026 3102 2100 debeat,
3138 2027 3347 2110 primo
3392 2027 3521 2090 dici
3568 2035 3777 2110 potest
3818 2027 3943 2092 hoc

2436 2142 2560 2185 non
2593 2131 2904 2206 oportere.
2939 2125 3097 2210 Nam
3129 2125 3441 2207 perfectio
3472 2126 3781 2201 scientiae,
3810 2144 3942 2190 non

2434 2242 2511 2285 ex
2551 2222 2788 2286 virtute
2831 2222 2975 2286 sciti
3014 2224 3124 2286 sed
3161 2224 3465 2288 facultate
3502 2225 3767 2288 scientis
3800 2243 3945 2307 pro-

2432 2321 2601 2384 cedit
2650 2339 2663 2382 :
2715 2321 3006 2384 eamdem
3066 2341 3300 2404 nempe
3354 2323 3779 2385 substantiam
3831 2322 3943 2386 fir-

2433 2419 2601 2481 mius
2666 2427 2860 2501 atquo
2923 2421 3319 2483 constantius
3388 2421 3705 2503 conspicit
3774 2423 3941 2485 ratio

2430 2537 2623 2600 quarn
2652 2536 2896 2580 sensus.
2920 2518 3213 2580 Secundo
3244 2520 3307 2582 id
3338 2518 3501 2582 solvi
3531 2527 3763 2602 potest,
3782 2521 3939 2602 quia

2430 2616 2744 2678 certitudo
2774 2615 3058 2679 scientiae
3086 2617 3327 2698 aequari
3364 2616 3556 2679 debet
3586 2617 3770 2692 scito,
3806 2636 3937 2681 non

2428 2714 2781 2776 secundum
2812 2714 2981 2796 quod
3014 2715 3080 2776 in
3110 2732 3179 2776 se
3211 2715 3351 2796 ipso
3380 2715 3653 2788 exsistit,
3686 2717 3801 2778 sed
3832 2735 3937 2779 se-

2427 2812 2711 2874 cundum
2754 2811 3127 2875 relationem
3159 2832 3351 2894 quam
3384 2813 3577 2875 habet
3614 2815 3693 2876 ad
3730 2815 3936 2877 virtu-

2426 2917 2555 2972 tem
2599 2909 3040 2991 cognoscentis
3082 2928 3096 2971 ε
3137 2929 3279 2992 quae
3321 2911 3525 2973 virtus
3566 2929 3694 2993 quo
3733 2911 3939 2976 fuerit

815 3011 1058 3074 minem
1089 3011 1275 3073 aliter
1304 3028 1551 3078 sensus,
1575 3009 1761 3070 aliter
1790 3008 2179 3088 imaginatio,
2201 3009 2317 3071 ali·
2351 3009 2393 3072 C
2425 3007 2859 3082 excellentior,
2920 3026 2997 3071 eo
3064 3007 3449 3091 profundius
3514 3017 3809 3073 naturam
3870 3019 3937 3074 et

813 3117 912 3172 ter
968 3126 1226 3191 quoque
1302 3108 1459 3170 ratio
1515 3115 1580 3169 et
1644 3106 1829 3169 aliter
1895 3106 2314 3187 intelligentia

815 3213 1249 3290 conspectant.
1284 3206 1361 3268 Et
1391 3205 1592 3268 multo
1622 3205 2064 3267 vehementius
2095 3223 2316 3268 conse-

811 3325 1016 3389 quens
1047 3313 1163 3379 est,
1198 3311 1269 3366 ut
1306 3303 1387 3367 ab
1425 3303 1726 3367 omnibus
1765 3303 1864 3365 his
1905 3303 2088 3384 longe
2127 3303 2313 3366 aliter

810 3404 1027 3466 divina
1076 3403 1279 3466 virtus
1329 3402 1832 3484 unumquodque
1874 3409 2251 3464 contueatur
2291 3419 2305 3464 :

809 3521 938 3584 quo
967 3518 1246 3583 namque
1275 3507 1375 3562 est
1412 3500 1550 3582 ipsa
1589 3499 1816 3562 ceteris
1857 3499 2203 3561 virtutibus
2246 3507 2310 3562 et

811 3599 1353 3663 intellectualibus
1383 3606 1447 3660 et
1477 3597 1621 3659 aliis
1661 3599 1908 3660 cunctis
1940 3597 2304 3680 perfectior,

811 3716 886 3762 eo
936 3717 1066 3779 prae
1116 3695 1382 3778 reliquis
1441 3695 1688 3759 viribus
1745 3696 2062 3757 universis
2117 3697 2307 3758 altius

808 3803 1000 3877 atque
1057 3794 1406 3877 perfectius
1464 3801 1780 3876 operatur.
1833 3793 2044 3868 Porro,
2106 3813 2305 3876 quum

807 3893 1103 3956 divinum
1149 3910 1288 3955 esse
1333 3893 1416 3954 sit
1458 3909 1718 3973 prorsus
1765 3899 2096 3966 aeternum,
2130 3893 2305 3954 omni

808 4010 1030 4055 carens
1059 3990 1743 4062 vicissitudine,totum
1775 3991 1997 4071 utique
2029 3991 2309 4072 perfecta

807 4087 1210 4172 possessione
1255 4087 1491 4160 simul;
1533 4087 1776 4148 clarum
1814 4094 1913 4149 est
1949 4088 2117 4170 quod
2168 4088 2307 4168 ejus

2423 3123 2681 3168 omnem
2740 3105 3185 3169 habitudinem
3235 3107 3380 3170 sciti
3430 3108 3769 3191 conspicit.
3826 3109 3933 3172 Sic

2422 3222 2701 3286 namque
2768 3205 2930 3267 ratio
2984 3224 3179 3286 supra
3234 3212 3493 3268 naturas
3552 3207 3935 3288 contingen-

2421 3303 2583 3364 tium
2604 3310 2669 3366 et
2688 3302 3041 3365 casualium
3070 3321 3144 3366 ac
3174 3302 3609 3379 mutabilium,
3634 3323 3932 3368 neeessa-

2418 3402 2543 3462 rias
2573 3401 2850 3463 rationes
2880 3400 3108 3463 fundat
3144 3402 3499 3464 secundum
3530 3423 3688 3485 quas
3717 3412 3821 3466 est
3849 3404 3931 3467 de

2418 3499 2547 3560 illis
2595 3498 2863 3561 scientia
2912 3515 2926 3559 ε
2979 3499 3098 3562 hoc
3147 3500 3451 3581 equidem
3512 3502 3753 3576 sensui,
3812 3502 3929 3584 qui

2418 3616 2544 3660 non
2584 3598 2710 3659 nisi
2748 3597 3145 3660 extrinsecus
3190 3600 3565 3681 apparentia
3611 3601 3925 3681 agnoscit,

2417 3703 2779 3778 competere
2808 3696 3049 3777 nequit.
3085 3696 3333 3780 Quippe
3362 3715 3565 3780 quum
3594 3697 3925 3778 adjicitur,

2418 3794 2706 3875 Cognitio
2736 3795 3193 3876 correspondet
3222 3795 3497 3876 cognito,
3510 3795 3643 3876 jam
3674 3795 3925 3860 dictum

2416 3902 2534 3966 est,
2568 3894 2737 3975 quod
2767 3892 2981 3975 potius
3010 3894 3469 3976 correspondet
3508 3897 3926 3976 cognoscenti

2418 4002 2609 4072 quam
2652 3989 2924 4071 cognito.
2959 3991 3201 4054 Rursus
3247 3992 3454 4073 patuit
3497 3993 3668 4074 quod
3710 4011 3925 4057 corre-

2416 4089 2723 4170 spondeat
2765 4089 3019 4170 cognito
3062 4090 3419 4152 secundum
3467 4091 3923 4156 habitudinem

806 4186 1092 4270 operatio
1123 4204 1264 4267 quae
1303 4185 1470 4246 intra
1510 4191 1744 4258 manet,
1779 4193 1848 4246 ut
1885 4192 2036 4247 sunt
2073 4186 2306 4248 intelli·
2338 4193 2387 4255 D
2416 4205 2607 4268 quam
2656 4187 2734 4248 ad
2784 4193 3273 4266 cognoscentem
3322 4186 3534 4250 habet.
3587 4188 3665 4250 Et
3710 4209 3923 4272 quum

805 4303 954 4366 gere
1004 4290 1067 4346 et
1114 4281 1300 4354 velle,
1353 4281 1546 4343 etiam
1605 4289 1838 4344 aeterna
1893 4283 1995 4356 sit,
2047 4301 2305 4347 omnem

805 4381 1174 4446 omnimode
1214 4380 1522 4460 temporis
1563 4398 1926 4443 mensuram
1975 4388 2040 4444 et
2089 4382 2304 4444 condi-

803 4480 1043 4542 tionem
1097 4476 1588 4558 supergrediens
1637 4495 1650 4538 ε
1696 4485 2021 4540 ostensum
2069 4486 2167 4541 est
2215 4488 2305 4543 et-

691 4611 714 4640 ι
743 4612 774 4644 ι.
804 4579 979 4642 enim
1007 4577 1140 4657 jam
1179 4574 1571 4656 frequenter,
1606 4584 1834 4637 cuncta
1876 4583 2110 4638 aeterna
2147 4597 2301 4659 prae-

802 4676 1006 4739 sentia
1049 4673 1282 4736 divinae
1326 4672 1456 4733 luci
1497 4679 1730 4753 patere.
1767 4673 1942 4735 Unde
1987 4674 2298 4756 quidquid

800 4775 865 4836 in
896 4773 1130 4835 divinae
1161 4770 1394 4833 mentis
1426 4776 1836 4851 prospectum
1877 4771 2064 4844 cadit,
2101 4772 2299 4834 instar

799 4869 1217 4954 praesentialis
1257 4866 1494 4948 objecti
1536 4869 1940 4948 cognoscitur
1974 4886 1987 4930 :
2023 4877 2094 4930 ut
2130 4870 2299 4931 sicut

793 4969 1000 5032 fertur
1028 4968 1348 5029 humanus
1380 4965 1554 5027 visus
1587 4965 1652 5026 in
1684 4965 2170 5046 praesentialiter
2198 4968 2294 5029 vi-

794 5086 961 5140 sum,
994 5066 1086 5128 sic
1118 5065 1374 5127 divinus
1406 5062 1766 5124 intellectus
1799 5063 1864 5125 in
1895 5081 2084 5126 omne
2123 5066 2293 5146 quod

795 5183 925 5228 suae
956 5163 1245 5244 subjacet
1273 5160 1516 5223 notioni
1556 5159 1708 5222 ferri
1751 5169 2025 5242 putetur.
2062 5162 2295 5235 Quum-

797 5281 922 5346 que
968 5260 1285 5325 aeternitas
1335 5259 1494 5346 ipsa,
1530 5259 1596 5320 in
1646 5278 1713 5321 se
1762 5259 1996 5341 simpla
2045 5279 2291 5343 perma-

2415 4285 2670 4358 dicitur,
2716 4283 2915 4346 Aliter
2960 4283 3126 4346 foret
3174 4284 3253 4347 de
3304 4285 3606 4349 omnibus
3648 4290 3923 4370 aequalis

2413 4381 2747 4454 certitudo,
2808 4381 3153 4444 dicendum
3212 4382 3556 4465 dupliciter
3608 4403 3622 4446 :
3676 4387 3919 4468 primo,

2412 4480 2561 4561 quia
2624 4479 2789 4542 Deus
2856 4486 3087 4542 cuncta
3152 4479 3469 4544 conformi
3526 4485 3921 4548 certitudine

2409 4577 2777 4658 speculatur
2801 4595 2817 4656 3
2841 4578 3147 4652 secunde,
3170 4579 3344 4661 quod
3374 4580 3599 4663 utique
3630 4584 3921 4662 cognitio

2408 4675 2861 4756 correspondet
2892 4675 3146 4757 cognito
3186 4678 3393 4758 quoad
3439 4678 3559 4740 hoc
3602 4681 3773 4761 quod
3823 4683 3921 4745 di-

2406 4791 2735 4836 versorum
2769 4773 3170 4854 cognitorum
3200 4781 3298 4837 est
3326 4775 3578 4838 diversa
3606 4779 3917 4859 cognitio,

2406 4872 2515 4934 sed
2549 4889 2673 4934 non
2704 4879 2955 4954 oportet
2996 4879 3066 4934 ut
3104 4873 3385 4953 cognitio
3424 4883 3729 4956 sequatur
3774 4896 3918 4942 mo-

2404 4971 2557 5032 dum
2590 4970 2846 5050 cogniti.
2884 4969 2959 5032 Et
2998 4989 3201 5052 quum
3240 4971 3499 5045 dicitur,
3534 4973 3621 5035 De
3659 4974 3915 5038 firmio-

2406 5067 2582 5129 ribus
2618 5076 2715 5129 est
2762 5067 3013 5130 firmior
3061 5069 3351 5143 scientia,
3395 5070 3517 5132 hoc
3564 5071 3910 5138 veritatem

2403 5165 2594 5227 habet
2635 5165 2711 5227 ad
2756 5182 2863 5227 eos
2904 5164 3269 5229 intellectus
3314 5187 3589 5249 quorum
3632 5170 3913 5235 scientia

2403 5263 2717 5346 dependet
2762 5283 2800 5326 a
2846 5264 3064 5344 scitis3
3112 5263 3331 5328 divina
3372 5274 3589 5330 autem
3630 5269 3911 5336 scientia
