4300 6259
656 666 825 711 Joann.
853 680 899 719 v,

632 734 701 779 39.

928 464 1049 533 402

1540 488 1620 533 DE
1662 487 1891 533 mmm:
1934 485 2320 533 CHRISTIANAE
2361 486 2664 543 Trmonm,
2709 485 2886 533 LIBER
2927 486 2992 533 11.
3039 506 3120 515 —
3161 488 3301 535 Aur.
3347 490 3436 535 xn

927 655 1091 719 dixit
1148 674 1163 721 t
1216 656 1605 722 Scrutamini
1664 656 2045 740 Scripturas,
2106 656 2257 739 quia
2313 674 2427 719 vos
2456 654 2508 719 A
2537 655 3050 739 insuperabiliter
3069 657 3334 720 excedat
3361 664 3622 739 peccata
3649 665 3884 740 patrum
3911 678 3988 721 su-

930 756 1167 838 putatis
1226 757 1291 819 in
1344 758 1471 820 illis
1529 758 1727 820 vitam
1785 763 2086 820 aeternam
2147 754 2423 833 habere;

926 862 989 917 et
1037 854 1163 919 illae
1211 863 1360 918 sunt
1405 874 1547 938 quae
1594 854 2035 919 testimonium
2086 853 2428 936 perhibent

924 953 1003 1015 de
1049 971 1169 1015 me.
1218 954 1287 1015 In
1338 971 1466 1036 quo
1515 954 1726 1016 innuit
1768 972 1836 1016 se
1886 952 1951 1014 in
2003 952 2139 1032 lege
2183 960 2247 1015 et
2288 952 2428 1014 Pro-

923 1051 1135 1132 phetis
1178 1053 1659 1133 repromissum.
1708 1052 1825 1125 Qui
1871 1057 2083 1113 autem
2128 1067 2256 1112 non
2301 1049 2425 1112 nisi

922 1149 1275 1213 naturalem
1352 1150 1557 1231 legem
1631 1149 1974 1231 recipiunt,
2050 1148 2426 1210 naturaliter

922 1246 1165 1309 salvare
1216 1248 1505 1329 indigent
1545 1247 1761 1311 omnia
1806 1266 1949 1329 quae
1994 1246 2155 1309 fides
2197 1246 2274 1307 ad
2325 1246 2422 1308 sui

920 1344 1503 1409 manifestationem
1548 1346 1895 1409 introducit
1941 1364 1953 1407 :
2000 1345 2169 1428 quod
2213 1352 2423 1407 tamen

920 1442 1131 1508 facere
1186 1454 1537 1528 nequeunt,
1589 1445 1892 1529 quoniam
1952 1453 2279 1507 ostensum
2329 1451 2426 1505 est

922 1561 1037 1624 per
1084 1544 1593 1626 supernaturalia
1642 1544 1876 1605 divinae
1927 1541 2182 1605 virtutis
2240 1559 2424 1623 argu-

922 1648 1137 1703 menta
1181 1641 1381 1703 fidem
1424 1641 1718 1704 stabiliri.

1001 1738 1514 1822 Suscipientibus
1576 1741 1789 1822 itaque
1849 1740 2101 1822 Moysen
2163 1746 2228 1801 et
2284 1739 2423 1821 Pro-

2537 770 2743 826 orum,
2795 754 2920 816 nisi
2973 753 3292 817 fateantur
3335 774 3405 819 se
3455 756 3774 820 Christum
3826 757 3991 819 domi·

2539 870 2692 913 num
2738 852 3193 933 Prophetarum
3239 854 3602 915 occidisse:
3647 854 3808 936 quod
3847 856 3990 917 omui

2539 957 2800 1031 peccato
2845 950 3437 1036 incomparabiliter
3480 952 3688 1033 majus
3730 962 3837 1015 est.

2616 1048 2945 1123 Praeterea,
3005 1050 3216 1112 omnis
3273 1049 3480 1113 honor
3536 1058 3601 1113 et
3658 1050 3811 1112 ritus
3865 1050 3992 1132 legis

2537 1163 2759 1208 eorum
2805 1166 2968 1229 pene
3020 1146 3270 1210 ablatus
3315 1155 3433 1223 est,
3479 1156 3544 1211 et
3585 1149 3780 1229 gloria
3819 1150 3992 1229 signo-

2538 1264 2678 1307 rum
2709 1264 2784 1307 ac
2825 1246 3260 1328 prodigiorum
3303 1247 3537 1329 quibus
3577 1248 3888 1329 perhibuit
3917 1250 3994 1311 eis

2537 1343 2703 1405 Deus
2769 1346 3090 1427 quondam
3159 1346 3623 1419 testimonium,
3681 1347 3758 1408 ad
3822 1346 3992 1427 legem

2535 1440 2945 1504 christianam
2978 1443 3275 1506 devoluta
3303 1451 3436 1505 est:
3469 1444 3640 1526 quod
3671 1443 3994 1506 nullatenus

2538 1539 2935 1619 permitteret
2981 1540 3169 1613 DeuS,
3216 1541 3326 1622 qui
3377 1548 3630 1604 sanctos
3677 1559 3820 1605 suos
3863 1562 3994 1603 nun-

2535 1654 2725 1717 quam
2771 1637 3029 1711 deserit,
3065 1638 3118 1700 si
3162 1657 3289 1702 non
3333 1637 3712 1720 gravissimo
3752 1640 3994 1722 quodam

2533 1742 2598 1795 et
2647 1735 3038 1817 implacabili
3091 1736 3330 1799 scelere
3379 1737 3800 1801 offendissent
3847 1757 3990 1801 eum.

921 1838 1168 1920 phetas,
1203 1837 1391 1901 facile
1432 1841 1665 1920 poterit
1704 1846 1941 1921 patere,
1990 1838 2162 1899 hunc
2204 1839 2420 1900 Jesum
2456 1832 2503 1893 B
2535 1831 2651 1895 Ubi
2699 1834 2999 1915 equidem
3058 1853 3180 1898 vox
3237 1834 3346 1897 illa
3393 1836 3846 1917 gratulationis,
3889 1856 3994 1919 qua

919 1955 1114 2018 quem
1157 1937 1451 2011 colimuS,
1494 1956 1633 2000 esse
1685 1937 2005 2001 Christum
2058 1936 2123 1997 in
2175 1935 2310 2017 lege
2358 1945 2422 1998 et

917 2034 1183 2096 Vatibus
1226 2036 1634 2117 promissum.
1674 2034 2201 2098 percurrentibus
2245 2035 2420 2117 equi—

918 2132 1065 2195 dem
1096 2150 1354 2195 omnem
1385 2133 1729 2216 Scripturae
1758 2133 2035 2215 antiquae
2066 2134 2321 2205 seriem,
2356 2133 2418 2196 id

918 2231 1132 2313 ipsum
1163 2231 1489 2307 elucescit,
1526 2232 1839 2315 populum
1881 2233 2066 2294 illum
2102 2232 2256 2295 olim
2287 2240 2417 2294 tam

915 2328 1193 2392 electum
1250 2338 1314 2393 et
1370 2330 1751 2394 honoratum
1798 2349 1835 2392 a
1884 2331 2033 2403 Dec,
2088 2350 2415 2413 nunquam

914 2427 1291 2490 derelictum
1332 2447 1369 2489 a
1407 2429 1558 2503 Deo,
1590 2436 1699 2491 aut
1742 2446 1777 2492 e
1820 2435 1989 2491 terra
2032 2448 2147 2493 sua
2190 2428 2417 2511 expul-

912 2545 1055 2589 sum
1119 2546 1197 2589 ex
1253 2544 1381 2609 quo
1436 2526 1791 2590 inhabitare
1857 2546 1997 2591 eam
2066 2535 2412 2609 coeperant,

914 2623 1039 2687 nisi
1096 2633 1359 2709 propter
1416 2634 1750 2708 peccatum
1814 2626 2115 2709 aliquod3
2168 2634 2232 2688 et
2289 2645 2416 2710 quo

912 2723 1037 2785 tale
1067 2723 1317 2787 facinus
1348 2732 1483 2787 erat
1522 2724 1751 2805 majuS,
1786 2743 1862 2788 eo
1902 2726 2004 2787 vel
2049 2725 2272 2788 durius
2314 2726 2415 2788 vel

913 2821 1163 2903 longius
1220 2822 1509 2884 tribulati
1570 2830 1719 2885 sunt
1777 2822 1857 2885 ab
1918 2823 2198 2885 inimicis
2255 2823 2411 2897 suiS,

910 2938 945 2981 6
977 2927 1143 2982 terra
1172 2938 1287 2981 sua
1316 2921 1568 3003 expulsi
1599 2929 1791 3002 atque
1822 2920 2133 2984 derelicti.
2157 2921 2416 2984 Constat

2531 1931 2686 1994 olim
2729 1931 2942 1995 dicere
2989 1942 3460 1997 consueverunt
3501 1936 3632 1998 Deo
3672 1936 3906 1997 excelso
3939 1944 3992 1997 et

2528 2030 2848 2093 adorando
2895 2048 2908 2093 :
2956 2032 3107 2105 Quis
3148 2041 3244 2095 est
3296 2032 3572 2115 populus
3622 2034 3686 2095 in
3727 2034 4188 2098 universairuw.

2530 2137 2718 2201 terra,
2761 2128 2930 2191 sicut
2973 2130 3251 2211 populus
3295 2138 3446 2193 tuus
3488 2132 3720 2195 lsrael?
3749 2116 4064 2194 Denu02²¹·

2529 2226 2909 2289 Benedictus
2941 2228 3250 2290 Dominus
3281 2229 3448 2291 Deus
3477 2230 3690 2304 lsrael,
3719 2231 3827 2312 qui
3863 2230 3992 2292 facit
4013 2250 4197 2293 pamm.

2531 2324 2850 2387 mirabilia
2899 2326 3092 2388 soluS.
3149 2326 3224 2387 Et
3281 2346 3502 2389 rursus
3555 2346 3570 2389 :
3622 2329 3852 2402 Quanta
3899 2348 3988 2391 au·
4023 2350 4186 2392 stum.

2526 2422 2806 2485 divimus
2835 2432 2899 2486 et
2927 2425 3338 2505 cognovimus
3366 2444 3463 2499 ea,
3495 2434 3561 2489 et
3589 2435 3794 2509 patres
3819 2427 3990 2490 nostri
4011 2416 4042 2457 ³·

2526 2523 3068 2585 annuntiaverunt
3107 2523 3312 2586 nobiS.
3349 2525 3444 2587 Ab
3489 2526 3802 2589 occisione
3842 2526 3990 2589 deni·

2526 2640 2650 2703 que
2691 2622 2904 2684 Sancti
2947 2622 3348 2696 Sanctorum,
3383 2624 3688 2688 revelatio
3723 2625 3810 2688 eis
3851 2625 3990 2687 iacta

2526 2738 2652 2783 non
2696 2728 2814 2793 est,
2861 2721 3174 2803 Propheta
3223 2722 3460 2785 missus
3503 2741 3633 2787 non
3675 2732 3785 2797 est,
3829 2724 3988 2787 mira-

2525 2818 2668 2880 cula
2710 2828 3140 2895 cessaverunt,
3173 2828 3239 2883 et
3281 2821 3536 2884 nullum
3577 2831 3986 2904 argumentum

2522 2917 2802 2979 ostendit
2858 2918 2954 2980 eis
3010 2919 3176 2981 Deus
3242 2937 3372 3002 quo
3431 2938 3769 3001 agnoscere
3831 2930 3986 3003 potu·

909 3035 1083 3091 vero,
1146 3018 1313 3100 quod
1371 3018 1752 3099 gravissima
1811 3028 2069 3101 peccata
2136 3038 2278 3101 quae
2344 3039 2412 3082 se
2447 3020 2489 3084 C
2523 3015 2690 3076 erint
2747 3034 2814 3078 se
2883 3016 3004 3079 sub
3061 3016 3264 3098 gratia
3321 3026 3386 3081 et
3443 3018 3835 3102 beneplacito
3891 3018 3985 3082 Dei

908 3114 1141 3179 fecisse
1172 3114 1474 3190 fatentur,
1508 3123 1658 3178 sunt
1687 3116 2045 3179 idololatria
2074 3125 2137 3180 et
2174 3118 2412 3181 occisio

908 3214 1384 3297 Prophetarum.
1434 3215 1509 3277 Et
1557 3233 1672 3297 pro
1722 3214 1821 3277 his
1866 3235 2196 3298 nunquam
2225 3235 2410 3279 rece—

908 3320 1142 3395 perunt
1184 3321 1313 3375 tam
1355 3312 1607 3394 longam
1646 3322 1837 3395 atque
1880 3314 2200 3395 poenalem
2245 3313 2410 3377 affli-

908 3409 1185 3471 ctionem
1230 3417 1293 3472 et
1338 3410 1799 3491 captivitatem,
1834 3412 2001 3473 sicut
2043 3414 2299 3495 quando
2345 3414 2408 3475 in

906 3507 1251 3591 Babylonia
1290 3508 1692 3590 septuaginta
1730 3510 1913 3571 annis
1959 3511 2193 3593 captivi
2241 3512 2408 3575 ducti

908 3612 1275 3667 manserunt
1314 3622 1327 3667 ε
1366 3606 1430 3666 in
1486 3606 1722 3688 quibus
1768 3606 1960 3669 etiam
2005 3609 2189 3671 annis
2237 3610 2410 3673 misit

905 3703 999 3766 eis
1029 3702 1197 3765 Deus
1227 3702 1591 3785 ProphetaS‚
1625 3705 1737 3786 qui
1770 3705 1847 3767 de
1880 3703 2094 3767 futura
2133 3706 2408 3769 reducti-

905 3819 1027 3864 one
1058 3800 1544 3864 consolarentur
1573 3820 1703 3875 e05‚
1737 3803 2037 3865 videlicet
2064 3805 2406 3868 Jeremiam

905 3907 969 3962 et
1027 3900 1444 3962 Ezechielem.
1497 3901 1835 3983 Postquam
1895 3910 2107 3965 autem
2169 3904 2408 3967 reversi

904 4006 1052 4060 sunt
1085 4016 1161 4060 ex
1190 3997 1558 4079 captivitate
1591 3998 1720 4073 illa,
1758 3999 2038 4061 mirabili
2082 4001 2217 4063 zelo
2259 4002 2408 4066 abo-

906 4095 1129 4158 minati
1162 4104 1312 4157 sunt
1342 4095 1782 4170 idololatriam,
1801 4116 2011 4180 neque
2033 4099 2406 4181 Prophetam

2520 3132 2594 3175 ac
2637 3133 2750 3196 spe
2796 3116 3254 3197 redemptionis
3297 3116 3625 3181 exsistere.
3665 3118 3794 3183 Non
3833 3118 3984 3181 enim

2519 3211 2763 3294 aliquid
2813 3213 3041 3275 horum
3091 3214 3417 3295 assignare
3458 3215 3793 3298 aliquando
3831 3224 3986 3299 potu·

2520 3320 2725 3373 erunt.
2752 3312 2962 3387 Porro,
2990 3311 3099 3374 ubi
3132 3313 3585 3388 sacerdotium,
3610 3314 3716 3377 ubi
3745 3335 3982 3397 regnum

2521 3417 2585 3470 ct
2627 3409 2847 3483 altare,
2899 3408 3011 3471 ubi
3058 3410 3268 3473 hostia
3314 3420 3377 3474 et
3435 3413 3840 3487 sacrificium,
3889 3413 3982 3475 ubi

2521 3507 2800 3589 denique
2846 3508 3062 3571 unctio
3109 3515 3174 3571 et
3217 3510 3428 3573 omnis
3473 3511 3585 3574 illa
3627 3512 3776 3594 legis
3815 3514 3984 3575 hono-

2524 3607 2719 3668 randa
2776 3607 3098 3689 quondam
3156 3607 3557 3673 observatio?
3615 3611 3980 3673 Manifestum

2521 3706 2762 3786 quippe
2793 3712 2891 3767 est
2920 3724 2996 3767 ex
3027 3724 3246 3769 eorum
3281 3708 3809 3793 codicibuS,quod
3837 3710 3980 3773 Deus

2519 3823 2554 3865 a
2605 3803 2925 3884 principio
2970 3803 3210 3883 juravit
3261 3805 3418 3887 ipsis
3465 3815 3527 3869 et
3579 3808 3849 3890 patribus
3895 3824 3982 3869 eo-

2521 3920 2686 3975 rum,
2737 3902 2885 3963 dare
2933 3901 3090 3983 ipsis
3151 3910 3384 3965 terram
3445 3906 3870 3986 promissionis
3921 3905 3976 3965 in

2520 4000 2984 4081 possessionem
3035 4002 3494 4083 sempiternam
3548 4021 3562 4065 :
3613 4004 3771 4087 quod
3819 4002 3978 4065 iutel-

2518 4098 2842 4178 ligendum
2876 4106 2991 4171 est,
3014 4116 3142 4161 non
3173 4100 3568 4181 impediente
3599 4110 3858 4185 peccato,
3881 4102 3978 4163 sic·

904 4195 1129 4257 dicunt
1175 4213 1243 4255 se
1294 4194 1551 4256 interim
1602 4196 1934 4258 occidisse.
1991 4196 2111 4259 Sed
2159 4197 2289 4278 jam
2341 4200 2404 4261 in
2435 4199 2484 4260 D
2518 4204 2586 4257 ut
2624 4196 2912 4259 habitum
2952 4204 3066 4259 est.
3099 4198 3234 4259 Jam
3275 4206 3370 4261 tot
3406 4200 3593 4262 annis
3621 4200 3864 4263 abstulit
3897 4199 3978 4261 eis

904 4291 1339 4374 captivitatem
1371 4292 1715 4374 quamdam
1748 4294 2006 4375 relegati
2040 4302 2228 4357 sunt:
2264 4317 2405 4380 quae

904 4408 982 4453 ex
1012 4397 1167 4452 tunc
1198 4390 1325 4453 cito
1356 4390 1617 4472 incepit,
1651 4391 1905 4471 quando
1936 4401 2149 4455 nostra
2183 4394 2404 4477 religio

906 4488 1151 4551 initiata
1194 4495 1311 4561 est,
1363 4495 1427 4551 et
1470 4488 1725 4551 duravit
1768 4508 1882 4570 per
1928 4489 2105 4553 mille
2150 4501 2213 4554 et
2256 4513 2404 4576 qua-

902 4587 1273 4667 dringentos
1302 4605 1463 4668 pene
1493 4604 1725 4666 annos3
1748 4606 1958 4669 neque
1991 4588 2112 4651 fuit
2144 4590 2401 4654 interim

902 4685 1233 4767 Propheta,
1269 4684 1727 4767 redemptionis
1770 4704 1950 4767 spem
1988 4689 2396 4752 annuntians.

902 4784 1077 4847 Unde
1124 4790 1338 4854 restat,
1390 4783 1559 4865 quod
1620 4782 1686 4845 hi
1747 4792 2079 4865 peccatum
2140 4786 2400 4869 aliquod

900 4882 1109 4962 majus
1152 4882 1593 4945 commiserint
1632 4883 1907 4964 peccatis
1955 4891 2206 4966 patrum
2255 4905 2398 4950 suo-

897 5000 1043 5043 rum
1090 4999 1104 5043 ε
1151 4981 1334 5044 aliter
1381 4981 1667 5044 vicissim
1717 4982 2034 5046 visitasset
2080 5002 2188 5046 eos
2232 4986 2396 5049 Deus

898 5097 1143 5152 eorum,
1193 5078 1305 5161 qui
1353 5080 1508 5142 olim
1560 5087 1689 5141 tam
1750 5079 2172 5162 largissimam
2237 5083 2393 5145 cari-

2516 4295 2771 4357 Terram
2831 4302 3113 4357 sanctam
3159 4313 3172 4357 :
3227 4296 3398 4378 quod
3455 4298 3597 4361 sine
3647 4296 3977 4379 gravissimi

2516 4393 2806 4455 criminis
2868 4394 3096 4456 merito
3153 4412 3295 4457 esse
3353 4397 3598 4477 nequit,
3658 4395 3976 4477 praesertim

2514 4511 2714 4573 quum
2774 4492 2902 4553 sint
2957 4492 3088 4573 jam
3148 4509 3370 4555 omnes
3431 4494 3859 4558 universaliter
3919 4493 3976 4554 iu

2513 4598 2784 4671 quatuor
2828 4590 3042 4672 plagas
3092 4599 3274 4655 terrae
3320 4592 3614 4675 dispersi,
3657 4602 3716 4656 et
3753 4593 3976 4655 cunctis

2511 4687 2809 4769 gentibus
2855 4687 3166 4769 subjecti3
3214 4689 3496 4773 factique
3539 4700 3686 4755 sunt
3721 4698 3974 4754 contem-

2513 4785 2869 4867 ptibiliores
2915 4786 3217 4849 omnibus
3265 4787 3659 4865 hominibus,
3704 4798 3974 4870 regnante

2512 4884 2714 4947 nihilo
2753 4885 2968 4947 minus
3013 4884 3078 4947 in
3121 4886 3406 4968 ipsorum
3452 4889 3744 4951 cordibus
3777 4906 3846 4950 ea
3883 4906 3974 4949 su·

2509 4981 2732 5064 perbia
2791 5001 2918 5063 qua
2974 5001 3041 5045 se
3100 4984 3274 5046 omni
3339 4986 3580 5068 populo
3637 4985 3970 5069 praeferunt,

2507 5100 2707 5163 quum
2755 5088 2968 5143 tamen
3017 5081 3218 5161 gloria
3265 5101 3337 5145 ac
3388 5083 3847 5165 magnificentia
3899 5082 3971 5143 si-

899 5185 1093 5240 tatem
1147 5177 1423 5239 ostendit
1481 5177 1594 5240 eis.
1658 5178 1793 5242 Non
1854 5188 2122 5261 possunt
2177 5189 2392 5246 autem
2502 5197 2769 5259 gnorum
2806 5178 3040 5261 quibus
3071 5180 3163 5241 eis
3193 5180 3359 5243 Deus
3389 5180 3540 5244 olim
3571 5180 3966 5245 testimonium

900 5275 1158 5361 aliquod
1204 5275 1332 5337 tale
1376 5276 1623 5338 crimen
1669 5276 1989 5359 assignare
2038 5280 2210 5362 quod
2261 5287 2387 5343 tam
2504 5276 2900 5363 perhibebat,
2939 5277 3021 5339 ab
3061 5278 3216 5360 ipsis
3266 5280 3528 5361 quidem
3577 5282 3786 5343 ablatae
3828 5277 3964 5353 sint,
