4300 6259
1012 513 1436 564 mumulo
1475 512 1874 563 mozomm.
1919 531 2000 544 --
2041 513 2121 562 ΒΕ
2162 512 2617 562 mGARNArioNB
2657 513 2898 562 CHRISTI

3396 493 3517 560 207

491 688 782 768 Denique
809 695 942 752 tota
968 687 1242 751 Trinitas
1270 705 1398 750 una
1438 691 1504 749 et
1545 684 1766 748 eadem
1809 683 1912 746 ad·
1939 681 1992 746 A
2021 689 2245 759 matre,
2284 691 2351 747 et
2391 683 2541 768 quia
2580 683 2835 748 realiter
2882 703 2959 748 ex
3006 702 3083 748 ea
3126 690 3225 746 est
3270 688 3457 745 natus
3498 697 3513 742 ε

403 787 697 851 oratione
725 787 994 851 colenda
1019 793 1138 860 est,
1173 794 1326 870 puta
1353 804 1544 858 unus,
1577 783 1774 856 solus,
1807 801 1913 846 ve·

406 903 524 947 rus
569 885 758 958 DeuS,
787 904 994 967 quum
1026 885 1090 947 in
1124 884 1280 967 ipsis
1325 881 1616 966 personis
1661 881 1744 944 sit
1785 897 1912 943 una

407 1001 685 1046 numero
733 983 1030 1064 maJ‘estas
1073 991 1136 1046 et
1175 982 1398 1044 deitas.
1439 979 1658 1044 Nihilo
1701 979 1914 1042 minus

407 1099 618 1163 quum
657 1099 1056 1164 unaquaeque
1095 1082 1374 1143 increata
1413 1095 1686 1162 persona
1725 1077 1810 1139 sit
1849 1076 1914 1138 in

409 1198 484 1242 se
514 1198 664 1242 vere
700 1179 1056 1242 subsistens
1087 1196 1380 1262 persona,
1412 1197 1484 1242 ac
1517 1178 1683 1240 Deus
1709 1176 1914 1239 omni-

409 1285 664 1358 potens,
697 1277 1146 1340 universorum
1175 1282 1441 1344 creator,
1475 1281 1684 1358 potest
1713 1291 1913 1336 unus-

405 1376 688 1458 quisque
717 1374 931 1438 fidelis
971 1393 1194 1457 preces
1233 1393 1380 1436 suas
1419 1372 1784 1455 specialiter
1822 1371 1918 1433 di-

407 1473 620 1554 rigere
647 1473 726 1534 ad
756 1472 1111 1554 quamlibet
1145 1471 1428 1534 divinam
1463 1487 1821 1552 personam,
1853 1475 1917 1530 et

407 1589 556 1633 eam
626 1570 978 1633 secundum
1055 1588 1123 1632 se
1181 1568 1546 1652 specialiter
1612 1583 1912 1646 exorare3

407 1685 544 1731 non
583 1675 796 1730 tamen
835 1686 984 1730 cum
1024 1666 1258 1729 actuali
1303 1665 1572 1729 aliarum
1621 1682 1918 1748 persona-

409 1784 562 1828 rum
613 1765 1006 1839 exclusione,
1063 1764 1245 1847 quasi
1305 1764 1444 1845 ipsa
1497 1762 1630 1826 sola
1681 1762 1766 1824 sit
1807 1761 1915 1824 ad-

2019 783 2561 866 quemadmodum
2604 785 2771 848 Deus
2812 784 3069 848 realiter
3110 790 3208 846 est
3247 787 3515 854 creator,

2021 899 2148 944 non
2180 882 2335 946 reali
2368 881 2671 947 relatione
2708 883 3055 946 exsistente
3094 881 3161 944 in
3205 881 3368 964 ipso,
3408 878 3519 942 sed

2025 981 2090 1042 in
2135 989 2443 1043 creatura.

2352 1189 2874 1256 PROPOSITIO
2922 1189 3193 1255 CXXX.

2104 1370 2560 1438 Incarnatto
2588 1373 3003 1454 potissimo
3032 1372 3303 1439 decuit
3333 1371 3523 1437 Unt-

2023 1470 2388 1547 gemtum
2415 1469 2587 1551 Dei,
2618 1485 2776 1538 non
2806 1471 3127 1538 Patrem
3170 1486 3315 1539 noc
3356 1471 3520 1552 sp1-

2023 1569 2276 1633 ritum
2318 1567 2723 1638 Sanctum.

2104 1664 2282 1738 Quod
2310 1673 2429 1740 est,
2463 1667 2767 1748 quoniam
2814 1667 3177 1731 incarnatus
3206 1675 3303 1730 est
3330 1669 3521 1742 Deus,

2025 1772 2097 1825 ut
2137 1763 2223 1825 sit
2272 1763 2437 1826 inter
2483 1765 2683 1828 Deum
2732 1773 2797 1828 et
2842 1765 3133 1828 homines
3192 1765 3519 1829 mediator.

409 1862 672 1926 oranda.
727 1863 890 1925 Hinc
949 1862 1014 1924 in
1062 1863 1266 1926 Μίδεω
1322 1860 1546 1924 officio
1597 1859 1916 1924 orationes
1942 1858 1990 1923 B
2025 1862 2363 1944 Quumque
2391 1861 2473 1923 ab
2502 1872 2739 1926 aeterno
2771 1863 2965 1926 fuerit
3002 1881 3273 1946 persona
3315 1863 3525 1926 media

411 1961 720 2024 Ecclesiae
761 1961 840 2023 ad
883 1961 1129 2024 Patrem
1173 1959 1537 2044 specialiter
1575 1958 1918 2022 effundun-

411 2069 552 2138 tur3
573 2059 892 2122 interdum
921 2060 1001 2121 ad
1033 2058 1370 2132 Filium,ut
1399 2075 1592 2142 quum
1621 2056 1914 2132 dicimuS,

412 2158 734 2222 Fidelium
759 2159 926 2222 Deus
951 2159 1242 2221 omnium
1269 2158 1558 2221 conditor
1581 2163 1646 2218 et
1675 2155 1918 2219 redem-

413 2265 594 2340 pt0r3
609 2257 1031 2320 communiter
1059 2272 1212 2319 vero
1237 2255 1316 2318 ad
1336 2256 1918 2336 Patrem,tanquam

411 2357 494 2418 ad
528 2355 721 2418 totius
750 2355 1073 2417 Trinitatis
1104 2353 1519 2437 principium,
1553 2353 1616 2415 id
1655 2358 1752 2414 est
1791 2351 1917 2434 pri-

415 2472 592 2518 mam
637 2453 943 2517 fontalem
979 2469 1340 2536 personam,
1375 2471 1412 2514 a
1443 2451 1621 2515 nullo
1663 2469 1919 2513 manan-

411 2561 550 2615 tem
611 2570 628 2614 :
689 2554 782 2614 sic
849 2560 914 2614 et
975 2551 1208 2635 aliquae
1273 2551 1514 2624 laudeS,
1573 2549 1914 2622 orationes,

411 2651 664 2734 hymni,
709 2650 1082 2732 sequentiae,
1125 2650 1203 2712 ad
1253 2649 1563 2732 Spiritum
1613 2649 1916 2712 Sanctum

411 2749 784 2832 specialiter
825 2749 1310 2832 depromuntur.

731 2957 1250 3024 PROPOSITIO
1295 2957 1600 3022 CXXIX.

493 3142 819 3209 Christo
885 3142 1262 3208 convenit
1324 3143 1722 3209 nat1v1tas
1780 3141 1914 3208 du-

407 3241 626 3322 plex,
665 3242 747 3306 et
785 3239 1079 3308 filiatio
1117 3239 1380 3308 solum
1423 3255 1604 3309 una.

491 3339 676 3412 Quod
721 3345 840 3410 est,
887 3337 1038 3420 quia
1081 3337 1380 3400 nativitas
1430 3337 1760 3401 concernit
1809 3356 1916 3401 na-

407 3447 626 3500 turam
663 3454 678 3497 :
710 3454 812 3498 res
843 3435 1082 3498 etenim
1110 3435 1350 3498 dicitur
1376 3435 1690 3517 generari,
1712 3455 1914 3518 quum

407 3555 534 3618 per
591 3534 828 3596 realem
875 3532 1364 3616 productionem
1411 3534 1674 3596 sortitur
1731 3541 1914 3596 natu-

405 3653 554 3696 ram
625 3633 980 3696 secundum
1058 3631 1500 3694 similitudinis
1567 3633 1915 3716 proprieta-

403 3741 568 3794 tem.
619 3731 870 3793 Filiatio
921 3747 1076 3793 vero
1131 3729 1460 3792 concernit
1507 3747 1842 3812 personam
1896 3749 1910 3794 :

405 3847 544 3894 non
575 3829 750 3891 enim
779 3836 1006 3890 natura
1035 3827 1123 3890 rei
1152 3835 1488 3908 generatae,
1505 3829 1616 3890 sed
1647 3847 1916 3911 persona

405 3949 526 3992 seu
561 3926 918 4012 hypostasis
959 3927 1176 4008 genita
1217 3927 1474 4008 proprie
1508 3935 1916 4010 nuncupatur

405 4027 596 4090 filius
621 4026 1004 4108 generantis.
1037 4025 1375 4108 Quumque
1405 4025 1470 4087 in
1502 4024 1750 4089 Christo
1787 4027 1916 4089 sint

405 4127 560 4190 duae
589 4124 886 4209 perfectae
926 4131 1168 4187 naturae
1205 4130 1269 4186 et
1302 4143 1426 4186 una
1457 4123 1591 4187 sola
1621 4143 1912 4208 persona,

405 4233 592 4308 patet
629 4224 865 4286 veritas
906 4221 1320 4285 theorematis
1361 4221 1574 4304 hujus.

489 4321 836 4406 Aliquibus
867 4329 1080 4384 tamen
1109 4327 1394 4402 apparet,
1428 4321 1598 4402 quod
1635 4321 1700 4383 in
1739 4319 1916 4384 Chri-

403 4432 512 4487 sto
573 4422 658 4484 sit
711 4421 945 4484 filiatio
1011 4418 1272 4501 duplex,
1337 4419 1578 4482 ratione
1635 4419 1912 4502 duplicis

405 4529 660 4585 naturae
696 4517 939 4602 duplici
978 4517 1386 4599 generatione
1425 4525 1718 4600 acceptae.
1753 4517 1911 4581 Nam

407 4629 476 4684 et
507 4635 778 4702 persona
810 4615 1069 4700 proprie
1100 4616 1334 4678 dicitur
1365 4615 1538 4678 nasci
1569 4635 1682 4678 seu
1710 4617 1910 4698 gigni,

405 4737 546 4782 non
577 4724 816 4779 natura.
832 4716 1308 4787 Verumtamen,
1341 4713 1652 4796 quidquid
1683 4714 1910 4778 horum

407 4819 632 4901 potius
671 4814 1072 4886 defendatur,
1104 4813 1458 4875 cavendum
1503 4830 1584 4874 ne
1625 4811 1912 4876 Christus

407 4916 670 4978 dicatur
695 4912 817 4975 filii
848 4913 978 4975 duo
1003 4917 1116 4973 aut
1151 4911 1280 4974 duo
1317 4911 1470 4983 nati,
1504 4929 1704 4992 quum
1745 4930 1912 4974 unus

407 5021 483 5077 et
527 5012 698 5074 idem
743 5011 824 5072 sit
877 5009 1072 5072 Filius
1119 5009 1230 5072 Dei
1277 5008 1476 5071 Patris
1525 5017 1589 5071 et
1639 5009 1913 5089 Virginis

409 5110 656 5174 Matris.
689 5109 948 5172 Interim
991 5114 1204 5190 posset
1243 5105 1530 5170 Christus
1568 5106 1693 5169 dici
1733 5106 1912 5170 filius

409 5209 720 5290 Virginis,
749 5225 880 5272 non
908 5206 1224 5269 filiatione
1263 5205 1418 5268 reali
1457 5205 1800 5267 exsistente
1847 5205 1911 5268 in

417 5310 592 5391 ipso,
637 5308 744 5370 sed
793 5307 951 5370 reali
1001 5305 1402 5369 maternitate
1452 5303 1796 5367 exsistente
1845 5303 1910 5366 in

1943 4243 1994 4306 D

2028 1960 2092 2022 in
2132 1959 2393 2032 divinis,
2426 1958 2549 2022 sibi
2592 1961 2959 2043 specialiter
3000 1960 3389 2043 congruebat
3430 1980 3525 2023 ra·

2025 2059 2136 2132 tie,
2179 2076 2365 2140 opus,
2416 2058 2771 2141 proprietas
2822 2059 3206 2122 mediatoris
3258 2061 3521 2134 Rursus,

2026 2164 2155 2219 tam
2222 2157 2487 2238 angelus
2566 2176 2761 2239 quam
2840 2158 3031 2221 bomo
3108 2158 3521 2221 immoderate

2025 2255 2303 2336 optando
2344 2253 2833 2318 similitudinem
2879 2256 3013 2328 Dei,
3048 2257 3375 2337 unigenito
3416 2256 3525 2320 Pa·

2027 2353 2142 2415 tris
2176 2352 2332 2415 Filio
2360 2353 2725 2434 specialiter
2752 2355 3099 2436 derogavit,
3132 2374 3333 2438 quum
3368 2355 3525 2419 Filio

2025 2451 2475 2533 approprietur
2536 2460 2646 2514 aut
2714 2453 2972 2536 propria
3030 2453 3113 2516 sit
3171 2453 3527 2517 similitudo

2027 2567 2176 2611 cum
2206 2549 2403 2612 Patre.
2438 2549 2599 2612 Hinc
2627 2551 2808 2612 Pater
2836 2552 3015 2633 quasi
3046 2551 3257 2614 zelans
3288 2568 3405 2634 pro
3432 2551 3527 2614 Fi-

2028 2647 2135 2720 lio,
2188 2646 2510 2710 damnavit
2572 2656 2918 2733 utrumque
2972 2667 2985 2712 :
3036 2650 3208 2732 quod
3256 2668 3525 2714 cernens

2025 2745 2247 2819 Filius,
2298 2745 2509 2808 zelans
2556 2755 2621 2810 et
2668 2747 2805 2830 ipse
2855 2765 2971 2831 pro
3014 2748 3215 2810 Patris
3262 2766 3525 2831 recupe-

2027 2844 2226 2907 rando
2262 2844 2501 2908 bonore
2548 2845 3089 2930 instaurandoque
3126 2846 3382 2921 damn0‚
3432 2867 3525 2910 as·

2027 2943 2305 3025 sumpsit
2354 2943 2625 3006 formam
2674 2945 2866 3019 servi,
2906 2952 2978 3008 ut
3024 2945 3275 3027 lapsum
3324 2945 3527 3009 bomi-

1951 3041 1998 3106 C
2027 3059 2171 3103 nem
2192 3049 2733 3124 repararet,atque
2751 3042 3103 3125 angelicam
3127 3051 3529 3127 recuperaret

2025 3139 2299 3201 ruinam.
2323 3140 2649 3213 Praeterea,
2674 3141 2733 3204 ei
2763 3141 2875 3223 qui
2907 3142 2987 3204 ab
3018 3149 3255 3206 aeterno
3284 3142 3529 3206 exstitit

2025 3236 2223 3299 Filius
2275 3237 2383 3300 Dei
2424 3239 2643 3312 Patris,
2686 3240 2887 3320 magis
2926 3239 3375 3322 competebant
3420 3257 3529 3304 no-

2029 3353 2177 3396 men
2224 3343 2287 3398 et
2334 3337 2495 3398 ratio
2543 3335 2664 3399 filii
2714 3337 2989 3418 Virginis
3038 3337 3271 3412 Matris,
3329 3357 3411 3401 ne
3460 3339 3525 3400 in

2025 3433 2561 3515 superbenedicta
2597 3434 2903 3498 Trinitate
2942 3443 3156 3498 essent
3202 3436 3325 3499 filii
3375 3436 3521 3500 duo.

2025 3531 2523 3613 Insuper,bomo
2552 3551 2751 3614 quum
2784 3532 2867 3594 sit
2896 3533 3221 3597 rationalis
3252 3542 3315 3596 et
3345 3535 3527 3597 intel·

2028 3627 2319 3692 lectualis
2366 3637 2629 3704 naturae,
2677 3631 3051 3712 Unigenitus
3098 3633 3233 3706 Dei,
3280 3632 3393 3715 qui
3430 3640 3528 3696 est

2027 3726 2353 3808 Sapientia
2381 3729 2581 3792 Patris
2617 3736 2681 3791 et
2718 3728 2989 3792 verbum
3024 3729 3385 3793 intellectus
3418 3749 3523 3812 pa-

2024 3825 2215 3898 terni,
2266 3843 2413 3888 cum
2464 3826 2723 3889 bomine
2772 3828 3117 3910 specialem
3179 3828 3522 3911 quamdam

2027 3925 2541 3987 convenientiam
2586 3923 2795 3986 babet.

2363 4133 2881 4200 PROPOSITIO
2930 4133 3234 4199 CXXXI.

2104 4319 2519 4386 Passiones
2558 4331 2653 4382 an
2663 4317 2843 4384 1112ae
2886 4332 3057 4399 quas
3097 4319 3289 4384 sunt
3322 4331 3523 4399 quoe·

2025 4418 2208 4484 dam
2255 4415 2719 4483 affectiones
2766 4418 3173 4498 appetstus
3212 4417 3524 4484 sensiti-

2023 4519 2138 4598 vi,
2180 4515 2505 4582 fuerunt
2561 4529 2749 4582 vere
2808 4514 2897 4581 in
2953 4516 3277 4582 Christo
3332 4517 3521 4582 tem·

2024 4630 2215 4697 pore
2270 4615 2665 4696 pass1on1s
2714 4613 2798 4680 et
2850 4616 3059 4696 ante,
3109 4628 3201 4681 ac
3248 4614 3519 4696 auqno

2023 4712 2257 4781 modo
2300 4713 2597 4792 postea.

2102 4811 2279 4884 Quod
2310 4809 2591 4890 est,quia
2622 4807 2989 4889 hujusmodi
3021 4809 3347 4892 passiones
3378 4818 3524 4873 sunt

2023 4909 2333 4972 motiones
2363 4905 2837 4979 naturaleS‚nec
2868 4913 3017 4968 sunt
3046 4908 3109 4970 in
3140 4927 3209 4970 se
3237 4907 3523 4970 defectus

2022 5005 2454 5070 detrabibiles.
2503 5005 2799 5066 Defectus
2844 5011 3059 5066 autem
3110 5005 3521 5069 detrabibiles

2021 5107 2309 5170 Christus
2352 5122 2479 5166 non
2532 5103 2901 5184 assumpsit,
2948 5104 3059 5166 sed
3106 5104 3523 5169 indetrahibi·

2023 5205 2136 5267 les.
2184 5202 2357 5266 Nihil
2407 5220 2661 5284 quoque
2710 5219 2933 5264 eorum
2983 5221 3125 5284 quae
3162 5203 3417 5267 Creator
3456 5204 3521 5267 in

2024 5309 2243 5365 nostra
2278 5300 2359 5364 ab
2398 5300 2658 5364 exordio
2688 5299 2999 5383 plantavit
3040 5308 3285 5378 natura,
3317 5303 3525 5368 defuit
