4300 6259
1573 486 1860 535 srisrom
1899 486 2371 535 umcuraronui
3440 464 3509 531 11

413 668 530 733 aut
557 668 750 751 plane
787 664 1181 748 abrogandis
1216 682 1292 730 ac
1328 664 1522 729 novis
1557 664 1772 729 denuo
1807 662 2257 745 instituendis,
2290 664 2591 730 consulto
2639 682 2807 747 opus
2844 682 2989 730 esse
3024 663 3313 748 generali
3350 660 3523 727 Con-

412 775 590 855 cili0,
639 791 878 857 negare
932 774 1084 856 quis
1139 770 1446 856 poterit?
1493 771 1665 837 Nam
1718 772 1844 837 etsi
1897 772 1981 837 de
2025 771 2134 836 his
2182 790 2331 855 quae
2388 772 2543 839 fidei
2602 774 2781 853 sunt,
2823 772 2905 837 de
2958 773 3066 837 his
3120 787 3386 854 quoque
3441 768 3524 833 de

410 882 654 965 quibus
689 881 896 947 semel
931 880 1386 963 pronuntiavit
1423 880 1740 960 Ecclesia,
1777 879 2066 944 dubitari
2112 897 2245 945 non
2292 880 2567 963 debeat;
2598 880 2865 963 expedit
2902 882 3126 945 tamen
3175 896 3309 943 non
3348 894 3523 957 raro,

411 992 680 1073 propter
714 989 1118 1054 mutationes
1153 988 1531 1070 temporum
1569 989 1634 1053 et
1669 988 2042 1067 hominum,
2075 1006 2153 1053 ea
2186 1005 2451 1071 quoque
2488 1008 2635 1071 quae
2684 989 2847 1054 olim
2885 990 2951 1053 et
2984 988 3187 1072 probe
3224 985 3529 1051 instituta

411 1098 673 1163 fuerant
709 1098 776 1162 et
807 1096 1116 1177 religiose
1161 1095 1614 1175 servabantur,
1653 1112 1830 1159 nunc
1875 1097 1992 1160 aut
2027 1096 2379 1176 moderari,
2422 1097 2537 1159 aut
2580 1097 2847 1174 mutari,
2884 1098 2998 1161 aut
3041 1095 3307 1178 penitus
3334 1092 3522 1157 tolli:

413 1204 781 1287 praesertim
827 1203 945 1268 ubi
998 1204 1326 1285 praecepta
1371 1202 1590 1267 solum
1635 1203 1706 1266 in
1763 1204 2136 1267 animarum
2186 1205 2341 1267 sunt
2387 1203 2721 1285 laqueum,
2758 1204 2920 1285 puta
2966 1221 3115 1285 quae
3170 1220 3210 1265 a
3261 1200 3528 1267 nemine

413 1312 782 1391 servantur,
817 1312 954 1392 aut,
985 1312 1064 1373 ut
1097 1310 1362 1375 venatio
1399 1311 1779 1391 pecuniaria
1808 1310 2022 1393 possit
2058 1310 2405 1391 suspicari,
2438 1327 2560 1392 pro
2598 1310 2895 1375 nummis
2938 1310 3337 1375 relaxantur.
3370 1307 3527 1373 Cer-

415 1418 752 1483 tissimum
783 1418 905 1498 est,
945 1416 1126 1499 quod
1161 1416 1568 1481 Beatitudini
1597 1417 1756 1481 Tuae
1793 1433 1926 1481 non
1973 1417 2199 1481 minus
2244 1434 2321 1480 ac
2358 1417 2491 1499 piis
2529 1416 2863 1497 omnibu5‚
2902 1416 3225 1481 bonarum
3261 1415 3529 1480 institu-

413 1524 674 1589 tionum
711 1526 852 1589 sive
880 1523 1128 1587 abusus
1154 1524 1297 1587 sive
1332 1524 1772 1605 contemptae,
1805 1540 1993 1605 aeque
2039 1525 2114 1587 ut
2145 1523 2521 1605 impietates
2556 1524 2907 1605 displicent
2944 1543 2959 1585 :
2991 1521 3527 1604 quandoquidem

417 1634 554 1695 tam
603 1630 834 1695 multis
878 1629 1068 1695 bonae
1115 1630 1316 1694 etiam
1355 1629 1496 1711 spei
1545 1629 1952 1711 hominibus,
1993 1631 2136 1695 haec
2182 1646 2411 1695 ansam
2458 1630 2755 1713 praebent
2800 1629 2882 1693 ab
2918 1629 3229 1693 Ecclesiae
3276 1627 3529 1693 unitate

415 1739 500 1803 ab
548 1738 1050 1819 obedientiaque
1099 1738 1404 1801 Romana
1459 1738 1536 1801 ut
1583 1737 1970 1803 desciscant.
2002 1736 2165 1802 Haec
2214 1737 2307 1801 ita
2358 1754 2502 1803 esse
2559 1755 2767 1821 quum
2815 1754 3011 1803 nemo
3064 1736 3344 1819 ignoret,
3376 1736 3529 1817 quis

415 1846 518 1912 est
557 1846 674 1927 qui
727 1862 884 1909 suas
935 1844 1262 1909 foeditates
1315 1860 1449 1908 non
1505 1846 1899 1927 propugnet,
1957 1845 2062 1910 vel
2109 1843 2369 1909 saltem‘
2402 1845 2738 1911 mordicus
2786 1843 3053 1909 teneat?
3098 1842 3531 1909 Crebrescunt

413 1953 612 2033 mala,
671 1954 1124 2034 augenturque
1177 1952 1516 2033 quotidie3
1575 1952 1908 2034 spernitur
1963 1952 2177 2017 clerus
2216 1975 2233 2036 ς
2287 1970 2488 2018 exosa
2543 1953 2868 2018 habentur
2920 1952 3341 2017 monasteria.
3402 1950 3531 2015 Sed

413 2060 681 2124 interim
716 2057 928 2122 nihilo
957 2059 1182 2123 minus
1209 2057 1293 2122 ab
1330 2059 1514 2123 omni
1552 2058 1724 2123 clero
1761 2059 1856 2122 ita
1881 2059 2153 2139 vivitur,
2194 2062 2269 2123 ut
2305 2060 2443 2124 vita
2481 2078 2709 2125 eorum
2752 2059 3224 2136 scandalizans,
3257 2074 3531 2141 prorsus

415 2166 688 2247 indigna
721 2166 811 2229 sit
853 2182 1002 2247 quae
1039 2165 1374 2247 diligatur.
1409 2166 1690 2231 Praestet
1726 2165 1913 2230 laicis
1949 2166 2166 2231 clerus
2204 2166 2369 2231 bene
2408 2167 2714 2246 vivend0,
2758 2168 2825 2233 et
2864 2166 3007 2231 suis
3048 2168 3206 2230 tunc
3250 2164 3533 2247 gaudeat

413 2272 971 2337 immunitatibus.
1021 2272 1293 2352 Verum,
1335 2272 1730 2337 Beatissime
1765 2272 1982 2354 Pater,
2036 2274 2179 2338 haec
2224 2274 2496 2356 quidem
2549 2274 2879 2356 lugemus,
2929 2274 3045 2339 sed
3093 2272 3343 2338 mederi
3396 2287 3531 2336 non

413 2398 796 2463 possumus.
837 2380 1057 2444 Tuum
1101 2381 1202 2444 est
1256 2380 1626 2445 remedium
1673 2396 1940 2461 ponere.
1979 2380 2201 2444 Tuum
2251 2381 2373 2462 est,
2416 2397 2455 2444 o
2511 2380 2729 2461 Pater,
2770 2381 2887 2462 qui
2940 2381 3161 2463 gregis
3214 2378 3532 2443 dominici

415 2506 486 2553 es
518 2488 746 2569 pastor
780 2487 846 2552 et
881 2487 1127 2566 custos,
1161 2503 1392 2551 omnes
1418 2487 1500 2550 ad
1525 2487 1898 2552 universale
1933 2487 2313 2552 incendium
2351 2488 2927 2569 exstinguendum,
2971 2486 3529 2569 quemadmodum

415 2594 576 2659 olim
631 2612 672 2657 a
715 2593 1026 2658 Patribus
1073 2592 1446 2658 factitatum
1495 2594 1619 2673 est,
1666 2610 2046 2658 convocare.
2094 2594 2491 2676 contagiosa
2535 2594 2677 2660 haec
2731 2594 2876 2659 lues
2930 2595 3193 2676 longius
3236 2595 3529 2675 grassata

415 2702 538 2781 est,
581 2718 782 2783 quam
835 2701 911 2763 ut
967 2700 1216 2783 absque
1274 2701 1562 2781 generali
1607 2700 2076 2765 reformatione
2125 2703 2340 2783 possit
2390 2703 2727 2767 eradicari.
2776 2700 2984 2767 Adest
3028 2718 3204 2765 nunc
3263 2702 3529 2783 tempus

416 2808 500 2870 ad
537 2808 662 2871 hoc
703 2807 993 2870 maxime
1039 2808 1509 2889 opportunum,
1552 2824 1792 2889 nempe
1832 2808 2096 2890 quando
2133 2826 2341 2890 quum
2384 2810 2677 2874 haeretici
2716 2810 2857 2873 tum
2898 2825 3129 2873 omnes
3158 2807 3529 2873 Concilium

413 2914 786 2979 universale
822 2914 1216 2979 desiderant.
1264 2914 1606 2997 Siquidem
1645 2916 1779 2979 nisi
1814 2931 2034 2980 mores
2077 2916 2488 2998 corrigantur
2525 2918 2825 2981 omnium
2872 2918 3191 2996 statuum,
3239 2915 3530 2980 maxime

413 3021 636 3085 autem
673 3020 1122 3102 praelatorum,
1165 3021 1408 3086 frustra
1449 3023 1750 3103 speratur
1785 3024 1861 3085 ut
1896 3022 2181 3086 haereses
2226 3022 2643 3105 abrogentur.
2679 3024 2953 3088 Accedit
2987 3023 3322 3106 praesidiO,
3354 3021 3532 3104 quod

413 3128 888 3209 Imperatorem
910 3200 922 3210 ,
945 3128 1266 3193 habemus
1322 3130 1950 3194 christianissimum
1999 3130 2196 3210 juxta
2238 3146 2315 3194 ac
2364 3129 2903 3212 potentissimum
2946 3150 2961 3191 :
2996 3130 3111 3211 qui
3158 3130 3233 3194 ut
3279 3128 3531 3194 nemini

411 3234 594 3316 Justa
630 3236 846 3317 negat,
891 3236 984 3299 ita
1019 3236 1444 3318 pontificibus
1486 3240 1552 3302 et
1602 3237 1774 3301 clero
1813 3238 2104 3303 maxime
2147 3255 2296 3319 quae
2346 3238 2503 3301 sunt
2548 3238 2815 3301 illorum
2859 3237 3112 3302 tribuit.
3148 3237 3361 3311 Quem
3400 3235 3531 3299 nisi

416 3340 832 3421 haberemuS,
883 3342 1278 3408 Beatissime
1321 3344 1539 3424 Pater,
1589 3343 1670 3407 de
1724 3338 1876 3423 fide,
1924 3344 2006 3408 de
2053 3344 2178 3409 Dei
2230 3343 2438 3425 cultu,
2492 3345 2573 3408 de
2633 3344 2974 3426 religione,
3022 3344 3105 3407 de
3161 3342 3531 3407 obedientia

416 3447 700 3529 denique
745 3448 1066 3513 Romanae
1096 3448 1432 3529 Ecclesiae,
1481 3450 1746 3532 penitus
1778 3449 1920 3530 jam
1957 3452 2178 3514 actum
2219 3449 2409 3515 foret.
2440 3450 2689 3515 Verum
2718 3450 2821 3533 (ut
2848 3450 3019 3533 dixi)
3056 3450 3527 3533 Imperatorem

417 3554 762 3635 hahemus,
803 3556 996 3637 cujus
1041 3558 1108 3621 et
1157 3556 1315 3621 boni
1362 3557 1585 3621 ament
1629 3558 1966 3637 virtutem,
2010 3558 2075 3621 et
2120 3557 2281 3621 mali
2318 3560 2603 3621 tremant
2645 3558 3035 3639 potentiam.
3074 3558 3245 3623 Nam
3292 3558 3443 3639 quis
3490 3574 3530 3621 a

416 3661 600 3727 mille
627 3662 842 3740 annis,
865 3662 1206 3744 religione,
1234 3664 1520 3744 justitia,
1561 3664 1828 3745 pietate,
1859 3664 2257 3745 integritate,
2278 3664 2353 3728 ut
2386 3682 2544 3745 opes
2580 3665 2869 3745 interim,
2902 3666 3264 3747 potentiam
3296 3681 3529 3745 regna·

417 3786 546 3851 que
591 3770 868 3850 taceam,
901 3771 1078 3835 hunc
1113 3772 1588 3852 Imperatorem
1619 3772 1779 3835 vicit
1813 3789 2108 3854 unquam
2130 3772 2162 3834 ‘f
2198 3772 2363 3847 Quis
2398 3773 2551 3854 fide,
2581 3773 3114 3851 mansuetudine,
3156 3772 3526 3855 prudentia,

417 3876 726 3943 Carolum
763 3877 825 3941 V
864 3875 1090 3961 (quem
1129 3879 1356 3942 divina
1401 3880 1658 3943 utinam
1694 3880 1908 3944 virtus
1945 3880 2146 3944 faciat
2191 3880 2384 3943 nobis
2430 3880 2903 3963 immortalem)
2946 3877 3348 3945 antecessit?
3384 3880 3528 3944 Imo

417 3984 570 4066 quis
607 3986 974 4067 comparari
1014 3986 1307 4051 meruit?
1337 3986 1428 4051 Ut
1467 3988 1532 4051 et
1569 3987 1710 4051 haec
1748 3988 2093 4069 addamuS‚
2125 3988 2496 4052 Romanam
2526 3987 2761 4052 Sedem
2800 3988 2951 4068 quis
2988 3988 3151 4051 adeo
3183 3988 3531 4051 veneratus

415 4090 561 4156 est?
581 4091 840 4165 Quanta
875 4092 1088 4174 pietas
1125 4094 1192 4158 in
1223 4093 1464 4173 Deum,
1500 4093 1603 4158 vel
1633 4094 1804 4159 inter
1837 4094 1981 4159 baec
2017 4095 2317 4176 tempora
2354 4094 2665 4175 pessima,
2690 4094 2757 4155 in
2797 4110 2873 4157 eo
2902 4094 3221 4158 hactenus
3240 4092 3531 4157 enituit?

415 4198 675 4274 Quanta
711 4199 968 4283 religio,
991 4218 1192 4282 quam
1229 4201 1486 4266 sincera
1513 4202 1776 4266 devotio
1805 4202 1877 4267 in
1917 4204 2086 4285 ips0,
2115 4203 2287 4267 inter
2322 4202 2567 4284 impios
2606 4202 2807 4267 etiam
2844 4203 2909 4266 et
2943 4203 3012 4267 in
3042 4203 3260 4269 Deum
3288 4202 3533 4285 pariter

415 4322 492 4371 ac
516 4306 881 4373 Ecclesiam
917 4308 1226 4390 perfidos,
1269 4310 1765 4391 perseveravit?
1787 4310 1914 4373 Hic
1943 4327 2150 4393 quum
2180 4310 2451 4391 perinde
2481 4309 2847 4374 Concilium
2882 4310 3230 4391 desideret,
3252 4328 3375 4375 nec
3410 4310 3526 4375 illo

414 4414 568 4496 plus
619 4414 932 4481 Ecclesiae
979 4415 1517 4481 reformationem
1574 4417 1907 4501 quispiam
1964 4418 2168 4499 optet,
2209 4418 2447 4499 utputa
2491 4405 2607 4499 qui
2654 4434 2773 4500 pro
2825 4418 2991 4499 Deo,
3040 4436 3160 4500 pro
3208 4414 3359 4499 fide,
3406 4436 3524 4501 pro

417 4522 734 4603 Ecclesia,
763 4541 884 4605 pro
921 4540 1081 4605 pace
1118 4525 1185 4589 et
1217 4524 1692 4605 tranquillitate
1729 4526 2016 4607 imperii,
2049 4527 2115 4590 et
2151 4543 2312 4608 opes
2350 4528 2415 4591 et
2443 4527 2619 4590 vires
2653 4524 2830 4590 ultro
2868 4527 3230 4609 impendat,
3270 4526 3526 4591 labores

415 4630 480 4695 et
533 4631 989 4713 contemptum
1043 4632 1389 4712 sustineat,
1449 4630 1965 4697 inobedientiam
2027 4634 2227 4715 atque
2280 4633 2705 4698 rebellionem
2754 4651 3028 4698 suorum
3084 4634 3460 4699 dissimulet
3506 4656 3520 4697 ε

413 4738 596 4821 quid,
637 4740 854 4821 putas,
889 4739 1106 4817 faciet,
1149 4739 1207 4803 si
1253 4740 1580 4805 universae
1615 4740 1927 4806 Ecclesiae
1978 4744 2187 4806 coetus
2224 4743 2593 4821 conveniat,
2617 4742 2675 4805 si
2704 4742 2785 4806 de
2822 4740 3119 4806 moribus
3155 4743 3424 4821 sanctis,
3467 4744 3525 4806 si

412 4848 494 4913 de
529 4848 662 4930 piis
695 4847 1141 4929 dogmatibus,
1181 4848 1240 4913 si
1269 4848 1350 4912 de
1379 4848 1696 4913 abusibus
1722 4848 2055 4929 tollendiS,
2097 4849 2154 4913 si
2186 4849 2266 4912 de
2296 4849 2699 4930 corrigendis
2734 4849 2918 4912 vitiis
2954 4848 3316 4912 tractetur?
3353 4849 3526 4914 Hac-

365 5004 374 5013 .
411 4959 606 5022 tenus
635 4954 771 5020 fere
797 4954 981 5019 solus
1007 4971 1126 5037 pro
1164 4956 1295 5037 his,
1325 4974 1365 5019 a
1393 4957 1694 5021 consorte
1729 4956 2014 5039 imperii,
2043 4974 2082 5020 a
2118 4955 2439 5037 prolibus,
2464 4974 2503 5019 a
2530 4956 2765 5038 patria,
2792 4955 2876 5020 ab
2903 4956 3158 5036 amicis,
3186 4972 3225 5019 a
3242 4956 3526 5021 subditis

411 5080 580 5147 pene
627 5061 840 5140 exsul,
897 5063 963 5127 et
1016 5080 1193 5145 saepe
1251 5064 1422 5127 inter
1475 5062 1927 5127 inobedientes
1980 5064 2057 5130 ut
2109 5064 2389 5143 alienuS,
2442 5080 2649 5145 quum
2704 5064 2792 5127 sit
2844 5063 3149 5145 princeps
3195 5064 3519 5141 omnium,

414 5170 692 5236 desudat
750 5190 764 5232 :
821 5170 981 5253 quid
1035 5170 1254 5250 faciet,
1306 5186 1514 5252 quum
1579 5171 1834 5253 patrem
1889 5171 2225 5251 Ecclesiae,
2283 5187 2488 5253 quum
2545 5170 2790 5235 Christi
2840 5169 3204 5252 vicarium,
3257 5174 3529 5255 propter

417 5278 732 5345 Ecclesiae
781 5276 1318 5343 reformationem
1365 5278 1604 5343 viderit
1652 5296 1724 5343 se
1777 5278 2155 5359 humiliare,
2190 5278 2465 5362 gloriam
2516 5296 2844 5362 spernere,
2879 5278 3195 5362 pecunias
3230 5280 3527 5344 contem-
