4300 6259
595 967 669 1025 in
698 967 915 1026 electis
943 985 1141 1045 quam
1180 967 1249 1025 in
1294 967 1601 1041 reprobi&
1960 967 2230 1029 rinthios
2288 968 2574 1031 scribens
2631 967 2971 1050 Apostolus
3023 987 3035 1031 τ
3094 967 3456 1030 Seminatur
3511 973 3745 1024 [Gonu.

1956 1065 2226 1146 (inquit)
2265 1065 2331 1127 in
2380 1066 2776 1140 infirmitate,
2821 1074 3038 1147 surget
3087 1065 3150 1128 in
3193 1065 3450 1127 virtute.
3484 1040 3552 1080 ⁴³·

474 1164 775 1228 ONSTAT
804 1184 1035 1248 nempe
1078 1186 1154 1228 ex
1199 1185 1371 1229 nunc
1413 1166 1847 1248 praeinductis,
1961 1163 2203 1238 Denu0,
2247 1165 2324 1226 de
2364 1165 2554 1245 justis
2601 1165 2664 1226 in
2710 1164 2876 1227 libro
2919 1163 3258 1246 Sapientia)
3301 1161 3454 1224 scri-

500 1280 769 1344 corpora
800 1265 1265 1345 resurgentium
1308 1265 1847 1327 immortalitatem
1961 1268 2143 1343 ptum
2191 1271 2288 1324 est
2339 1279 2352 1324 ε
2406 1261 2763 1342 Fulgebunt
2813 1262 2994 1344 justi,
3041 1269 3105 1323 et
3149 1269 3450 1342 tanquam
3483 1272 3721 1328 Sap.1u.⁷.

348 1361 641 1434 induere,
694 1379 819 1424 non
878 1363 1171 1426 obstante
1230 1372 1472 1426 naturae
1521 1363 1849 1425 identitate
1961 1359 2256 1424 scintillae
2300 1361 2365 1422 in
2413 1361 2793 1423 arundineto
2841 1360 3220 1422 discurrent.
3263 1357 3458 1419 Inerit

345 1479 489 1540 quae
516 1459 652 1540 jam
683 1461 1121 1542 corruptibilis
1152 1470 1265 1524 est.
1305 1463 1418 1524 Per
1446 1462 1729 1525 divinam
1763 1470 1849 1523 e-t-
1962 1458 2220 1539 quidem
2267 1466 2476 1520 motus
2517 1458 2892 1540 corporibus
2929 1459 3287 1530 Beatorum,
3330 1474 3457 1518 non

343 1556 521 1618 enim
556 1557 879 1630 virtutem,
912 1558 1164 1631 animae,
1200 1559 1406 1640 quoad
1437 1558 1580 1632 hoc,
1616 1576 1848 1640 corpus
1961 1555 2043 1618 ob
2096 1557 2535 1637 indigentiam,
2585 1557 2696 1618 sed
2753 1558 2830 1619 ad
2888 1555 3144 1618 virtutis
3203 1555 3460 1617 demon-

344 1655 631 1736 perfecte
669 1654 1001 1728 subdetur,
1034 1657 1497 1719 contrariorum
1538 1657 1853 1739 composi·
1962 1655 2353 1717 strationem.

342 1754 519 1815 tione
565 1771 691 1815 non
736 1753 1050 1816 obstante.
1094 1754 1382 1836 Insuper,
1430 1772 1557 1817 non
1602 1763 1848 1817 tantum
2042 1753 2274 1828 Terti0,
2333 1773 2412 1816 ex
2473 1754 2823 1816 remotione
2891 1753 3101 1815 omnis
3163 1752 3313 1815 mali
3379 1750 3460 1812 ab

342 1853 465 1914 boc
524 1853 763 1914 donum
826 1852 1450 1934 incorruptibilitatis
1508 1871 1851 1935 conseque·
1890 1852 2198 1925 Banima,
2251 1852 2462 1934 ipsum
2512 1870 2768 1935 quoque
2817 1870 3050 1934 corpus
3099 1849 3460 1933 impassibi-

342 1958 449 2011 tur
494 1968 729 2032 corpus
762 1950 827 2011 in
860 1950 1161 2013 omnibus
1204 1951 1707 2032 resurgentibuS,
1741 1951 1852 2014 sed
1964 1950 2206 2012 litatem
2235 1958 2537 2013 assumet.
2575 1951 2754 2014 Sicut
2791 1968 3025 2032 nempe
3065 1956 3295 2012 cuncta
3333 1948 3464 2011 ani-

342 2049 539 2111 etiam
581 2067 659 2111 ex
704 2056 882 2130 parte
922 2049 1153 2112 animae
1186 2050 1689 2132 unumquodque
1722 2068 1854 2113 cor-
1964 2069 2083 2112 mae
2130 2048 2448 2113 desideria
2498 2050 2564 2111 in
2625 2049 2817 2112 totius
2879 2049 3028 2111 boni
3089 2047 3462 2110 felicissima

344 2167 465 2230 pus
494 2146 811 2230 speciales
842 2148 1179 2230 qualitates
1208 2148 1613 2230 adipiscetur.
1631 2149 1855 2222 Quam·
1962 2148 2368 2230 possessione
2401 2146 2844 2230 replebuntur,
2879 2146 2973 2209 sic
3004 2146 3242 2208 malum
3275 2164 3464 2209 omne

343 2247 441 2308 vis
472 2247 649 2309 enim
694 2247 923 2308 merito
965 2248 1279 2330 passionis
1322 2247 1578 2320 Christi,
1614 2255 1853 2310 naturae
1963 2246 2041 2309 ab
2075 2246 2215 2327 ipsa
2257 2244 2679 2326 elongabitur.
2713 2245 2856 2308 Mali
2901 2244 3074 2307 enim
3122 2243 3464 2326 permixtio

342 2344 638 2408 defectus
688 2345 796 2427 qui
849 2353 947 2408 est
992 2345 1305 2408 moriendi
1357 2346 1725 2417 necessitaS,
1772 2344 1853 2406 ab
1964 2362 2112 2405 cum
2146 2342 2429 2424 perfecta
2457 2342 2876 2416 beatitudine,
2897 2341 3134 2402 summi
3163 2339 3466 2402 videlicet

344 2443 669 2505 universis
716 2444 1053 2525 pellendus
1102 2445 1205 2516 sit,
1251 2443 1609 2506 remanebit
1651 2443 1855 2505 nihilo
1965 2441 2114 2504 boni
2159 2441 2602 2523 perfruitione,
2643 2459 2772 2502 non
2809 2438 3078 2502 exsistit.
3112 2439 3272 2501 Hinc
3315 2456 3465 2519 ergo

344 2543 563 2604 minus
592 2541 963 2605 differentia
1005 2543 1170 2604 inter
1213 2542 1412 2606 bonos
1451 2549 1515 2605 et
1550 2541 1853 2624 reprobos
1963 2539 2177 2620 ipsum
2209 2555 2438 2620 corpus
2473 2539 2761 2600 immune
2799 2537 2920 2599 erit
2957 2537 3036 2598 ab
3068 2537 3241 2599 omni
3275 2536 3462 2609 malO,

342 2641 554 2722 quoad
600 2659 673 2702 ea
719 2659 861 2721 quae
912 2641 1198 2722 utrisque
1251 2640 1671 2723 personaliter
1710 2658 1855 2703 con·
1962 2645 2093 2698 tam
2144 2637 2352 2718 quoad
2396 2645 2608 2698 actum
2665 2653 2857 2717 quam
2907 2635 3099 2698 etiam
3148 2641 3462 2716 quantum

346 2738 636 2800 veniunt.
691 2738 973 2800 Pertinet
1020 2747 1235 2801 autem
1284 2740 1362 2801 ad
1411 2739 1691 2820 speciem
1744 2739 1852 2801 ho·
1962 2737 2041 2798 ad
2074 2735 2420 2817 potentiam
2459 2752 2471 2796 :
2505 2734 2712 2816 quoad
2744 2741 2956 2795 actum
2995 2733 3279 2815 quidem,
3313 2732 3466 2814 quia

344 2835 561 2908 miniS,
595 2836 825 2898 animae
856 2837 1273 2918 corporisque
1304 2837 1697 2916 conjunctio.
1732 2836 1850 2898 Sed
1965 2852 2176 2916 neque
2209 2832 2600 2906 deformitaS,
2634 2851 2844 2913 neque
2875 2831 3222 2914 corrupti0,
3256 2849 3464 2911 neque

341 2952 422 2996 ex
481 2932 735 2995 actibus
795 2933 1240 3014 personalibus
1310 2941 1591 2996 meretur
1658 2953 1852 2996 unus·
1963 2931 2254 2994 defectus
2295 2930 2418 3012 ipsi
2451 2929 2798 2994 cohaerebit
2825 2948 2841 3008 ;
2873 2929 3082 3012 quoad
3112 2928 3462 3010 potentiam

342 3031 623 3112 quisque
664 3030 764 3093 vel
805 3030 1127 3104 felicitari,
1170 3032 1269 3093 vel
1318 3030 1622 3094 felicitate
1666 3031 1853 3092 desti·
1890 3034 1933 3097 C
1964 3047 2137 3102 vero,
2201 3028 2352 3110 quia
2411 3027 2794 3108 corruptivae
2855 3026 3168 3108 passionis
3235 3043 3465 3106 expers

342 3128 459 3190 tui.
530 3129 1089 3201 Qualificabuntur
1155 3129 1370 3211 itaque
1442 3129 1505 3191 in
1580 3129 1851 3208 singulis
1964 3127 2107 3199 erit,
2157 3143 2366 3206 neque
2419 3123 2777 3187 molestiam
2825 3123 3104 3205 amplius
3148 3123 3466 3186 sustinere

342 3244 615 3308 corpora
662 3228 1015 3289 secundum
1065 3227 1545 3290 condecentiam
1608 3235 1671 3290 et
1730 3246 1855 3288 me·
1965 3225 2218 3306 poterit.
2273 3224 2610 3305 Propterea
2665 3222 3004 3303 Apostolus
3063 3222 3150 3282 ait
3201 3239 3214 3282 ε
3267 3220 3464 3282 Semi·
3523 3239 3758 3290 neonxv.

344 3327 467 3386 rita
509 3325 891 3386 animarum.
928 3325 1018 3386 Ex
1060 3325 1343 3387 claritate
1386 3325 1580 3406 igitur
1621 3325 1851 3387 anima}
1966 3331 2153 3384 natur
2197 3323 2260 3384 in
2313 3320 2744 3402 corruptione,
2787 3327 3004 3401 surget
3052 3337 3204 3382 vero
3255 3318 3320 3379 in
3372 3319 3464 3380 in·
3495 3304 3562 3346 ⁴²·

342 3425 477 3485 Deo
508 3422 784 3484 feliciter
815 3422 1109 3495 fruentiS,
1144 3430 1576 3504 consequetur
1619 3440 1852 3504 corpus
1964 3421 2393 3502 corruptione.

344 3521 551 3603 ipsius
581 3528 653 3583 ut
680 3521 911 3584 animae
942 3520 1308 3601 subjectum
1339 3521 1421 3582 sit
1459 3521 1849 3594 omnimode,
2042 3522 2276 3595 Quarto
2321 3521 2607 3601 insuper,
2655 3538 2730 3580 ex
2781 3516 3214 3580 indissolubili
3263 3516 3468 3599 perfe-

344 3638 475 3682 non
522 3627 770 3682 tantum
813 3621 1019 3701 quoad
1065 3639 1227 3693 esse,
1263 3621 1372 3682 sed
1416 3620 1607 3682 etiam
1656 3639 1855 3702 quan·
1965 3618 2381 3700 ctissimaque
2431 3617 2781 3680 inhaesione
2831 3615 3060 3678 animae
3108 3615 3187 3676 ad
3238 3614 3463 3686 Deum,

345 3727 485 3782 tum
527 3719 605 3781 ad
650 3719 930 3780 actiones
974 3725 1038 3780 et
1084 3719 1411 3799 passiones
1458 3726 1689 3791 motuS,
1723 3736 1855 3779 cor·
1966 3736 2199 3799 corpus
2248 3715 2502 3797 plenam
2565 3714 3033 3793 subiectionem
3085 3712 3204 3774 sub
3253 3713 3467 3774 anima

350 3835 706 3900 poreasque
748 3817 1105 3898 qualitates.
1963 3815 2348 3896 adepturum
2387 3819 2484 3873 est
2518 3829 2530 3873 :
2566 3809 3072 3873 conformabitur
3115 3810 3286 3872 enim
3333 3808 3466 3870 ani-

430 3916 645 3979 Primo
694 3915 887 3996 igitur
936 3914 1189 3977 claritas
1238 3914 1466 3978 animae
1514 3915 1591 3976 ad
1636 3933 1855 3996 super·
1969 3933 2085 3976 mae
2144 3919 2456 3994 quantum
2514 3909 2571 3971 ei
2623 3908 2932 3990 possibile
2980 3915 3096 3980 est,
3148 3915 3212 3970 et
3261 3907 3465 3988 ipsius

348 4015 559 4076 sancti
619 4014 728 4076 Dei
788 4013 1103 4076 visionem
1164 4013 1447 4084 elevatae,
1500 4013 1563 4075 in
1625 4031 1855 4094 corpus
1965 4011 2385 4093 proprietates
2457 4005 2864 4089 participabit
2936 4005 2997 4066 in
3067 4005 3466 4068 ordinatione

229 4160 235 4164 -
352 4113 760 4184 redundabit,
794 4120 857 4174 et
897 4111 1139 4174 lucebit
1182 4131 1261 4174 ex
1305 4112 1724 4174 redundantia
1768 4112 1857 4172 lu·
1966 4108 2281 4172 sensualis
2341 4106 2686 4188 appetituS,
2737 4122 3175 4185 sensuumque
3223 4104 3464 4185 perspi-

354 4213 451 4274 cis
499 4231 641 4293 quae
699 4219 795 4272 est
843 4211 907 4272 in
956 4210 1193 4272 anima.
1248 4209 1412 4272 Dicit
1470 4209 1642 4271 enim
1694 4211 1853 4290 Apo·
1890 4211 1937 4273 D
1968 4209 2224 4279 cuitate,
2268 4213 2332 4267 et
2378 4203 2770 4288 perfectione
2815 4209 3076 4265 naturae.
3119 4201 3295 4263 Unde
3337 4219 3468 4264 cor-

100 4333 163 4375 tc
166 4346 321 4380 oooooo
352 4311 559 4372 stolus
606 4327 621 4371 ε
656 4308 1020 4371 Seminatur
1058 4325 1291 4388 corpus
1332 4307 1396 4368 in
1439 4307 1853 4387 ignobilitate,
1968 4326 2089 4388 pus
2129 4304 2334 4367 forma
2371 4323 2484 4365 sua
2525 4301 2992 4384 perfectissime
3031 4300 3366 4363 satiabitur
3406 4307 3468 4362 et

70 4399 127 4436 ⁴³·
352 4417 577 4490 surget
631 4415 843 4470 autem
897 4407 963 4469 in
1020 4406 1243 4487 gloria,
1298 4406 1359 4466 id
1408 4414 1505 4466 est
1551 4405 1851 4468 claritate.
1971 4405 2326 4487 perfectum
2387 4403 2530 4475 erit,
2585 4419 2791 4482 neque
2844 4400 3231 4464 desiderabit
3279 4407 3470 4461 mate-

71 4527 327 4580 Massam,
356 4509 437 4570 Et
466 4508 738 4570 Matthaei
785 4507 1275 4569 tertiodecimo:
1310 4505 1666 4586 Fulgebunt
1700 4504 1857 4585 justi
1970 4503 2062 4565 ria
2111 4503 2293 4564 alteri
2347 4501 2568 4563 formae
2617 4497 2926 4580 copulari.
2976 4499 3251 4580 Ideoque
3307 4499 3468 4578 Apo-

69 4595 127 4632 ⁴⁴·
354 4607 530 4670 sicut
558 4606 653 4668 sol
684 4604 750 4667 in
782 4623 977 4684 regno
1008 4604 1206 4666 Patris
1238 4621 1478 4666 eorum.
1512 4604 1645 4666 Jam
1684 4603 1861 4685 quip·
1969 4601 2171 4664 stolus
2229 4601 2320 4662 ait
2380 4617 2393 4660 :
2457 4598 2822 4661 Seminatur
2880 4614 3110 4678 corpus
3167 4595 3463 4668 animale,
3496 4622 3612 4666 ma.
3637 4625 3705 4667 u.

940 499 1019 546 DE
1057 501 1285 546 Lunum
1328 501 1709 548 cunts'rmNAE
1750 501 2049 558 TnEomAE,
2095 502 2270 550 Luffln
2313 502 2374 548 11.
2420 520 2498 532 —
2539 503 2678 549 An'r.
2723 501 2863 550 XCVI

714 724 1205 792 ARTICULUS
1249 727 1483 792 XCVI.

348 875 445 934 De
472 877 798 954 qualitate
824 894 1169 952 corporum
1200 878 1681 953 resuryentium
1716 885 1847 936 tam

356 4725 441 4787 pe
486 4723 753 4786 corpora
796 4710 1009 4765 nostra
1052 4719 1249 4783 opaca
1292 4707 1462 4774 sunt,
1512 4709 1664 4762 tunc
1712 4717 1859 4762 vcro

354 4801 887 4884 resplendebunt.

3328 481 3448 547 503

1880 671 1930 732 A
1962 689 2194 754 corpus
2241 673 2576 737 infirmum
2624 674 2933 747 redditur,
2985 673 3290 756 quoniam
3337 689 3454 754 per

1957 771 2434 835 exsecutionem
2475 780 2684 836 motus
2723 772 3059 836 desideriis
3094 772 3324 833 animae
3362 787 3455 831 sa-

1958 869 2252 932 tisfacere
2311 888 2438 932 non
2497 870 2684 933 valet.
2737 871 2898 932 Hinc
2957 871 3152 951 igitur
3208 869 3285 931 ad
3341 868 3452 931 Co-

1968 4707 2187 4780 surget
2232 4707 2445 4760 autem
2493 4695 2845 4778 spirituale.

2051 4799 2262 4870 Porr0,
2315 4797 2479 4858 sicut
2527 4793 2728 4875 gloria
2777 4793 2854 4854 ad
2902 4810 3094 4872 quam
3145 4790 3468 4854 rationalis

444 4901 760 4974 Secundo,
812 4919 889 4962 ex
944 4896 1297 4981 repletione
1351 4904 1415 4958 et
1461 4896 1859 4978 plenitudine
1971 4897 2184 4959 anima
2254 4913 2366 4976 per
2430 4893 2699 4975 gratiam
2760 4890 3166 4962 sublimatur,
3225 4897 3474 4952 natura-

354 4997 841 5081 adimpletionis
881 4996 1172 5058 omnium
1222 4995 1685 5056 desideriorum
1735 4995 1865 5055 ani·
1976 4997 2099 5058 lem
2168 4992 2652 5075 perfectionem,
2702 4989 3004 5051 virtutem
3064 4994 3126 5048 et
3180 4987 3471 5050 ordinem

358 5119 485 5162 mae
517 5098 739 5170 beatae,
772 5095 1073 5158 sortietur
1104 5111 1335 5174 corpus
1364 5092 1711 5172 agilitatem
1752 5112 1864 5154 seu
1974 5092 2410 5173 angelicorum
2473 5088 2664 5150 etiam
2725 5086 3070 5169 spirituum
3141 5104 3473 5167 supergre-

360 5195 742 5262 mobilitatis
786 5192 1379 5276 promptitudinem.
1426 5191 1513 5253 Ex
1553 5191 1870 5254 desiderio
1978 5191 2171 5261 ditur,
2207 5189 2291 5250 ita
2329 5189 2756 5249 humanorum
2789 5201 3126 5264 corporum
3167 5183 3368 5263 gloria
3406 5183 3473 5244 in

360 5297 542 5361 enim
593 5295 825 5357 animae
878 5310 1109 5373 corpus
1159 5297 1469 5353 movetur.
1524 5290 1675 5352 Nam
1725 5291 1871 5353 ideo
1980 5288 2211 5362 BeatiS,
2254 5285 2612 5350 coelestium
2651 5299 2991 5364 corporum
3039 5280 3333 5345 decorem
3375 5301 3477 5344 su-
