<?xml version="1.0" encoding="UTF-8"?>
<!DOCTYPE html PUBLIC "-//W3C//DTD XHTML 1.0 Transitional//EN"
    "http://www.w3.org/TR/xhtml1/DTD/xhtml1-transitional.dtd">
<html xmlns="http://www.w3.org/1999/xhtml" xml:lang="en" lang="en">
 <head>
  <title>
</title>
<meta http-equiv="Content-Type" content="text/html;charset=utf-8" />
  <meta name='ocr-system' content='tesseract 3.04.00' />
  <meta name='ocr-capabilities' content='ocr_page ocr_carea ocr_par ocr_line ocrx_word'/>
</head>
<body>
  <div class='ocr_page' id='page_1' title='image "./doctorisecstati05unkngoog_0492.png"; bbox 0 0 4300 6259; ppageno 0'>
   <div class='ocr_carea' id='block_1_1' title="bbox 940 473 3474 546">
    <p class='ocr_par' dir='ltr' id='par_1_1' title="bbox 940 473 3474 546">
     <span class='ocr_line' id='line_1_1' title="bbox 940 473 3474 546; baseline 0 -8"><span class='ocrx_word' id='word_1_1' title='bbox 940 473 1061 539; x_wconf 72' lang='lat'><strong>468</strong></span> <span class='ocrx_word' id='word_1_2' title='bbox 1501 493 1579 540; x_wconf 78' lang='lat' dir='ltr'><strong>DE</strong></span> <span class='ocrx_word' id='word_1_3' title='bbox 1620 491 1847 542; x_wconf 67' lang='lat' dir='ltr'><strong>Lunum</strong></span> <span class='ocrx_word' id='word_1_4' title='bbox 1888 489 2270 539; x_wconf 71' lang='lat' dir='ltr'><strong>GHMSTIANAE</strong></span> <span class='ocrx_word' id='word_1_5' title='bbox 2310 487 2612 546; x_wconf 63' lang='lat' dir='ltr'><strong>mecum,</strong></span> <span class='ocrx_word' id='word_1_6' title='bbox 2658 488 2832 537; x_wconf 76' lang='lat' dir='ltr'>LlBER</span> <span class='ocrx_word' id='word_1_7' title='bbox 2873 491 2936 536; x_wconf 84' lang='lat'><strong>11.</strong></span> <span class='ocrx_word' id='word_1_8' title='bbox 2983 510 3064 520; x_wconf 90' lang='lat'><strong>-—</strong></span> <span class='ocrx_word' id='word_1_9' title='bbox 3103 493 3242 538; x_wconf 75' lang='lat' dir='ltr'><strong>Am.</strong></span> <span class='ocrx_word' id='word_1_10' title='bbox 3287 491 3474 538; x_wconf 73' lang='lat' dir='ltr'><strong>vam</strong></span> 
     </span>
    </p>
   </div>
   <div class='ocr_carea' id='block_1_2' title="bbox 942 660 4132 1628">
    <p class='ocr_par' dir='ltr' id='par_1_2' title="bbox 942 660 4132 1529">
     <span class='ocr_line' id='line_1_2' title="bbox 944 660 3965 746; baseline 0 -21"><span class='ocrx_word' id='word_1_11' title='bbox 944 663 1054 745; x_wconf 87' lang='lat' dir='ltr'><strong>qui</strong></span> <span class='ocrx_word' id='word_1_12' title='bbox 1086 665 1415 727; x_wconf 91' lang='lat' dir='ltr'><strong>communi</strong></span> <span class='ocrx_word' id='word_1_13' title='bbox 1443 664 1614 728; x_wconf 93' lang='lat' dir='ltr'><strong>bono</strong></span> <span class='ocrx_word' id='word_1_14' title='bbox 1644 664 2009 746; x_wconf 63' lang='lat' dir='ltr'><strong>praesident,</strong></span> <span class='ocrx_word' id='word_1_15' title='bbox 2039 663 2119 725; x_wconf 92' lang='lat' dir='ltr'><strong>ad</strong></span> <span class='ocrx_word' id='word_1_16' title='bbox 2149 661 2442 725; x_wconf 77' lang='lat' dir='ltr'><strong>ordinem</strong></span> <span class='ocrx_word' id='word_1_17' title='bbox 2472 660 2525 724; x_wconf 89' lang='lat' dir='ltr'>A</span> <span class='ocrx_word' id='word_1_18' title='bbox 2553 668 2618 724; x_wconf 91' lang='lat' dir='ltr'><strong>et</strong></span> <span class='ocrx_word' id='word_1_19' title='bbox 2647 663 2900 724; x_wconf 91' lang='lat' dir='ltr'><strong>easdem</strong></span> <span class='ocrx_word' id='word_1_20' title='bbox 2933 663 3302 726; x_wconf 79' lang='lat' dir='ltr'><strong>nuntiantes</strong></span> <span class='ocrx_word' id='word_1_21' title='bbox 3331 661 3613 744; x_wconf 83' lang='lat' dir='ltr'><strong>Angelis,</strong></span> <span class='ocrx_word' id='word_1_22' title='bbox 3639 680 3746 744; x_wconf 89' lang='lat' dir='ltr'><strong>per</strong></span> <span class='ocrx_word' id='word_1_23' title='bbox 3769 662 3965 744; x_wconf 82' lang='lat' dir='ltr'><strong>Angelos</strong></span> 
     </span>
     <span class='ocr_line' id='line_1_3' title="bbox 944 759 3965 846; baseline -0 -23"><span class='ocrx_word' id='word_1_24' title='bbox 944 763 1139 825; x_wconf 91' lang='lat' dir='ltr'><strong>istum</strong></span> <span class='ocrx_word' id='word_1_25' title='bbox 1186 765 1505 846; x_wconf 88' lang='lat' dir='ltr'><strong>pertinere</strong></span> <span class='ocrx_word' id='word_1_26' title='bbox 1547 763 1886 826; x_wconf 88' lang='lat' dir='ltr'><strong>diceretur.</strong></span> <span class='ocrx_word' id='word_1_27' title='bbox 1922 763 2029 824; x_wconf 90' lang='lat' dir='ltr'><strong>Est</strong></span> <span class='ocrx_word' id='word_1_28' title='bbox 2074 780 2295 824; x_wconf 89' lang='lat' dir='ltr'><strong>rursus</strong></span> <span class='ocrx_word' id='word_1_29' title='bbox 2339 760 2445 822; x_wconf 89' lang='lat' dir='ltr'><strong>bo·</strong></span> <span class='ocrx_word' id='word_1_30' title='bbox 2557 777 2810 842; x_wconf 88' lang='lat' dir='ltr'><strong>quoque</strong></span> <span class='ocrx_word' id='word_1_31' title='bbox 2854 760 3228 824; x_wconf 91' lang='lat' dir='ltr'><strong>hominibus</strong></span> <span class='ocrx_word' id='word_1_32' title='bbox 3261 779 3275 822; x_wconf 92' lang='lat'><strong>:</strong></span> <span class='ocrx_word' id='word_1_33' title='bbox 3310 769 3380 822; x_wconf 91' lang='lat' dir='ltr'><strong>ut</strong></span> <span class='ocrx_word' id='word_1_34' title='bbox 3421 760 3516 823; x_wconf 89' lang='lat' dir='ltr'><strong>sic</strong></span> <span class='ocrx_word' id='word_1_35' title='bbox 3559 759 3626 822; x_wconf 91' lang='lat' dir='ltr'><strong>in</strong></span> <span class='ocrx_word' id='word_1_36' title='bbox 3668 761 3873 822; x_wconf 87' lang='lat' dir='ltr'><strong>cunctis</strong></span> <span class='ocrx_word' id='word_1_37' title='bbox 3903 761 3965 822; x_wconf 91' lang='lat' dir='ltr'><strong>di-</strong></span> 
     </span>
     <span class='ocr_line' id='line_1_4' title="bbox 943 857 3968 943; baseline 0 -21"><span class='ocrx_word' id='word_1_38' title='bbox 943 881 1101 923; x_wconf 90' lang='lat' dir='ltr'><strong>num</strong></span> <span class='ocrx_word' id='word_1_39' title='bbox 1151 861 1471 943; x_wconf 85' lang='lat' dir='ltr'>quoddam</span> <span class='ocrx_word' id='word_1_40' title='bbox 1520 860 1900 934; x_wconf 89' lang='lat' dir='ltr'><strong>humanum,</strong></span> <span class='ocrx_word' id='word_1_41' title='bbox 1952 861 2118 942; x_wconf 90' lang='lat' dir='ltr'><strong>quod</strong></span> <span class='ocrx_word' id='word_1_42' title='bbox 2170 859 2319 921; x_wconf 90' lang='lat' dir='ltr'><strong>licet</strong></span> <span class='ocrx_word' id='word_1_43' title='bbox 2365 859 2444 920; x_wconf 90' lang='lat' dir='ltr'><strong>ad</strong></span> <span class='ocrx_word' id='word_1_44' title='bbox 2557 857 2722 921; x_wconf 84' lang='lat' dir='ltr'><strong>vinae</strong></span> <span class='ocrx_word' id='word_1_45' title='bbox 2778 859 3106 942; x_wconf 81' lang='lat' dir='ltr'><strong>sapientiae</strong></span> <span class='ocrx_word' id='word_1_46' title='bbox 3164 861 3490 943; x_wconf 85' lang='lat' dir='ltr'>operibus,</span> <span class='ocrx_word' id='word_1_47' title='bbox 3552 861 3846 924; x_wconf 86' lang='lat' dir='ltr'><strong>ordinatus</strong></span> <span class='ocrx_word' id='word_1_48' title='bbox 3888 860 3968 922; x_wconf 75' lang='lat' dir='ltr'><strong>fiat</strong></span> 
     </span>
     <span class='ocr_line' id='line_1_5' title="bbox 947 957 3969 1040; baseline -0.001 -20"><span class='ocrx_word' id='word_1_49' title='bbox 947 978 1147 1021; x_wconf 91' lang='lat' dir='ltr'><strong>unum</strong></span> <span class='ocrx_word' id='word_1_50' title='bbox 1191 959 1401 1021; x_wconf 88' lang='lat' dir='ltr'><strong>solum</strong></span> <span class='ocrx_word' id='word_1_51' title='bbox 1440 959 1779 1039; x_wconf 76' lang='lat' dir='ltr'><strong>pertineat,</strong></span> <span class='ocrx_word' id='word_1_52' title='bbox 1812 976 2021 1040; x_wconf 89' lang='lat' dir='ltr'><strong>neque</strong></span> <span class='ocrx_word' id='word_1_53' title='bbox 2062 957 2125 1019; x_wconf 88' lang='lat' dir='ltr'><strong>in</strong></span> <span class='ocrx_word' id='word_1_54' title='bbox 2159 975 2445 1019; x_wconf 88' lang='lat' dir='ltr'><strong>commu·</strong></span> <span class='ocrx_word' id='word_1_55' title='bbox 2559 973 2912 1036; x_wconf 83' lang='lat' dir='ltr'><strong>processus.</strong></span> <span class='ocrx_word' id='word_1_56' title='bbox 2961 959 3449 1037; x_wconf 87' lang='lat' dir='ltr'><strong>Agnoscendum</strong></span> <span class='ocrx_word' id='word_1_57' title='bbox 3504 976 3768 1040; x_wconf 86' lang='lat' dir='ltr'><strong>quoque,</strong></span> <span class='ocrx_word' id='word_1_58' title='bbox 3809 976 3969 1020; x_wconf 83' lang='lat' dir='ltr'><strong>seeun-</strong></span> 
     </span>
     <span class='ocr_line' id='line_1_6' title="bbox 946 1053 3969 1137; baseline 0 -19"><span class='ocrx_word' id='word_1_59' title='bbox 946 1058 1142 1119; x_wconf 88' lang='lat' dir='ltr'><strong>nitate</strong></span> <span class='ocrx_word' id='word_1_60' title='bbox 1191 1058 1495 1119; x_wconf 81' lang='lat' dir='ltr'><strong>consistat</strong></span> <span class='ocrx_word' id='word_1_61' title='bbox 1542 1057 1896 1120; x_wconf 92' lang='lat' dir='ltr'><strong>secundum</strong></span> <span class='ocrx_word' id='word_1_62' title='bbox 1947 1075 2015 1118; x_wconf 92' lang='lat' dir='ltr'><strong>se</strong></span> <span class='ocrx_word' id='word_1_63' title='bbox 2064 1057 2300 1137; x_wconf 90' lang='lat' dir='ltr'><strong>ipsum,</strong></span> <span class='ocrx_word' id='word_1_64' title='bbox 2351 1063 2448 1118; x_wconf 90' lang='lat' dir='ltr'><strong>est</strong></span> <span class='ocrx_word' id='word_1_65' title='bbox 2557 1053 2710 1119; x_wconf 90' lang='lat' dir='ltr'><strong>dum</strong></span> <span class='ocrx_word' id='word_1_66' title='bbox 2769 1053 3165 1136; x_wconf 89' lang='lat' dir='ltr'><strong>Gregorium,</strong></span> <span class='ocrx_word' id='word_1_67' title='bbox 3215 1056 3384 1137; x_wconf 94' lang='lat' dir='ltr'><strong>quod</strong></span> <span class='ocrx_word' id='word_1_68' title='bbox 3442 1056 3797 1137; x_wconf 89' lang='lat' dir='ltr'><strong>angelorum</strong></span> <span class='ocrx_word' id='word_1_69' title='bbox 3841 1073 3969 1118; x_wconf 82' lang='lat' dir='ltr'><strong>voca·</strong></span> 
     </span>
     <span class='ocr_line' id='line_1_7' title="bbox 946 1150 3968 1227; baseline -0 -12"><span class='ocrx_word' id='word_1_70' title='bbox 946 1161 1159 1217; x_wconf 90' lang='lat' dir='ltr'><strong>tamen</strong></span> <span class='ocrx_word' id='word_1_71' title='bbox 1218 1153 1438 1216; x_wconf 90' lang='lat' dir='ltr'><strong>multis</strong></span> <span class='ocrx_word' id='word_1_72' title='bbox 1499 1154 1655 1216; x_wconf 88' lang='lat' dir='ltr'><strong>utile</strong></span> <span class='ocrx_word' id='word_1_73' title='bbox 1710 1161 1774 1216; x_wconf 91' lang='lat' dir='ltr'><strong>et</strong></span> <span class='ocrx_word' id='word_1_74' title='bbox 1832 1153 2280 1216; x_wconf 82' lang='lat' dir='ltr'><strong>communitati</strong></span> <span class='ocrx_word' id='word_1_75' title='bbox 2337 1171 2444 1214; x_wconf 89' lang='lat' dir='ltr'><strong>ne·</strong></span> <span class='ocrx_word' id='word_1_76' title='bbox 2557 1150 2805 1226; x_wconf 90' lang='lat' dir='ltr'><strong>bulum,</strong></span> <span class='ocrx_word' id='word_1_77' title='bbox 2839 1172 2964 1216; x_wconf 91' lang='lat' dir='ltr'><strong>non</strong></span> <span class='ocrx_word' id='word_1_78' title='bbox 3005 1162 3246 1217; x_wconf 83' lang='lat' dir='ltr'><strong>naturae</strong></span> <span class='ocrx_word' id='word_1_79' title='bbox 3283 1155 3395 1218; x_wconf 91' lang='lat' dir='ltr'><strong>sed</strong></span> <span class='ocrx_word' id='word_1_80' title='bbox 3425 1153 3631 1217; x_wconf 81' lang='lat' dir='ltr'><strong>officii</strong></span> <span class='ocrx_word' id='word_1_81' title='bbox 3671 1172 3863 1217; x_wconf 89' lang='lat' dir='ltr'><strong>nomen</strong></span> <span class='ocrx_word' id='word_1_82' title='bbox 3885 1163 3968 1227; x_wconf 86' lang='lat' dir='ltr'><strong>est,</strong></span> 
     </span>
     <span class='ocr_line' id='line_1_8' title="bbox 945 1248 4132 1334; baseline -0.002 -20"><span class='ocrx_word' id='word_1_83' title='bbox 945 1252 1317 1326; x_wconf 88' lang='lat' dir='ltr'><strong>cessarium,</strong></span> <span class='ocrx_word' id='word_1_84' title='bbox 1350 1251 1518 1312; x_wconf 91' lang='lat' dir='ltr'><strong>sicut</strong></span> <span class='ocrx_word' id='word_1_85' title='bbox 1560 1270 1635 1314; x_wconf 90' lang='lat' dir='ltr'><strong>ea</strong></span> <span class='ocrx_word' id='word_1_86' title='bbox 1678 1271 1819 1334; x_wconf 84' lang='lat' dir='ltr'><strong>quae</strong></span> <span class='ocrx_word' id='word_1_87' title='bbox 1864 1250 2017 1313; x_wconf 81' lang='lat' dir='ltr'><strong>fidei</strong></span> <span class='ocrx_word' id='word_1_88' title='bbox 2064 1257 2214 1312; x_wconf 91' lang='lat' dir='ltr'><strong>sunt</strong></span> <span class='ocrx_word' id='word_1_89' title='bbox 2255 1254 2317 1311; x_wconf 90' lang='lat' dir='ltr'><strong>et</strong></span> <span class='ocrx_word' id='word_1_90' title='bbox 2356 1248 2446 1309; x_wconf 93' lang='lat' dir='ltr'><strong>di·</strong></span> <span class='ocrx_word' id='word_1_91' title='bbox 2557 1249 2808 1313; x_wconf 87' lang='lat' dir='ltr'><strong>dicente</strong></span> <span class='ocrx_word' id='word_1_92' title='bbox 2851 1251 3204 1324; x_wconf 88' lang='lat' dir='ltr'><strong>Psalmista,</strong></span> <span class='ocrx_word' id='word_1_93' title='bbox 3246 1252 3363 1326; x_wconf 86' lang='lat' dir='ltr'><strong>Qui</strong></span> <span class='ocrx_word' id='word_1_94' title='bbox 3408 1251 3566 1314; x_wconf 81' lang='lat' dir='ltr'><strong>facit</strong></span> <span class='ocrx_word' id='word_1_95' title='bbox 3607 1251 3832 1332; x_wconf 82' lang='lat' dir='ltr'><strong>angelos</strong></span> <span class='ocrx_word' id='word_1_96' title='bbox 3865 1269 3971 1313; x_wconf 87' lang='lat' dir='ltr'><strong>suos</strong></span> <span class='ocrx_word' id='word_1_97' title='bbox 4001 1266 4132 1314; x_wconf 55' lang='lat' dir='ltr'><strong>Pium</strong></span> 
     </span>
     <span class='ocr_line' id='line_1_9' title="bbox 944 1329 4126 1429; baseline -0 -18"><span class='ocrx_word' id='word_1_98' title='bbox 944 1349 1079 1412; x_wconf 87' lang='lat' dir='ltr'><strong>vini</strong></span> <span class='ocrx_word' id='word_1_99' title='bbox 1127 1348 1337 1412; x_wconf 91' lang='lat' dir='ltr'><strong>cultus</strong></span> <span class='ocrx_word' id='word_1_100' title='bbox 1382 1366 1396 1410; x_wconf 90' lang='lat'>:</span> <span class='ocrx_word' id='word_1_101' title='bbox 1442 1355 1506 1411; x_wconf 90' lang='lat' dir='ltr'><strong>et</strong></span> <span class='ocrx_word' id='word_1_102' title='bbox 1554 1349 2005 1429; x_wconf 83' lang='lat' dir='ltr'><strong>hujuscemodi</strong></span> <span class='ocrx_word' id='word_1_103' title='bbox 2064 1346 2305 1410; x_wconf 89' lang='lat' dir='ltr'><strong>bonum</strong></span> <span class='ocrx_word' id='word_1_104' title='bbox 2365 1346 2445 1408; x_wconf 85' lang='lat' dir='ltr'><strong>ad</strong></span> <span class='ocrx_word' id='word_1_105' title='bbox 2557 1348 2867 1429; x_wconf 89' lang='lat' dir='ltr'><strong>spiritus:</strong></span> <span class='ocrx_word' id='word_1_106' title='bbox 2911 1349 3211 1412; x_wconf 89' lang='lat' dir='ltr'><strong>videlicet</strong></span> <span class='ocrx_word' id='word_1_107' title='bbox 3249 1350 3402 1412; x_wconf 91' lang='lat' dir='ltr'><strong>dum</strong></span> <span class='ocrx_word' id='word_1_108' title='bbox 3441 1349 3634 1413; x_wconf 88' lang='lat' dir='ltr'><strong>certis</strong></span> <span class='ocrx_word' id='word_1_109' title='bbox 3668 1349 3867 1413; x_wconf 77' lang='lat' dir='ltr'><strong>officiis</strong></span> <span class='ocrx_word' id='word_1_110' title='bbox 3895 1329 4126 1412; x_wconf 54' lang='grc' dir='ltr'><strong>θοεΗώΜ·7</strong></span> 
     </span>
     <span class='ocr_line' id='line_1_10' title="bbox 942 1445 2839 1529; baseline -0.001 -19"><span class='ocrx_word' id='word_1_111' title='bbox 942 1447 1369 1529; x_wconf 89' lang='lat' dir='ltr'><strong>Archangelos</strong></span> <span class='ocrx_word' id='word_1_112' title='bbox 1428 1446 1677 1520; x_wconf 79' lang='lat' dir='ltr'><strong>attinet,</strong></span> <span class='ocrx_word' id='word_1_113' title='bbox 1727 1465 2000 1529; x_wconf 89' lang='lat' dir='ltr'><strong>quorum</strong></span> <span class='ocrx_word' id='word_1_114' title='bbox 2058 1445 2444 1527; x_wconf 87' lang='lat' dir='ltr'><strong>(secundum</strong></span> <span class='ocrx_word' id='word_1_115' title='bbox 2558 1445 2839 1529; x_wconf 90' lang='lat' dir='ltr'><strong>deputat.</strong></span> 
     </span>
    </p>

    <p class='ocr_par' dir='ltr' id='par_1_3' title="bbox 943 1543 2446 1628">
     <span class='ocr_line' id='line_1_11' title="bbox 943 1543 2446 1628; baseline -0.003 -19"><span class='ocrx_word' id='word_1_116' title='bbox 943 1545 1346 1628; x_wconf 86' lang='lat' dir='ltr'><strong>Gregorium)</strong></span> <span class='ocrx_word' id='word_1_117' title='bbox 1374 1553 1471 1608; x_wconf 89' lang='lat' dir='ltr'><strong>est</strong></span> <span class='ocrx_word' id='word_1_118' title='bbox 1512 1564 1765 1608; x_wconf 89' lang='lat' dir='ltr'><strong>summa</strong></span> <span class='ocrx_word' id='word_1_119' title='bbox 1804 1545 2117 1607; x_wconf 87' lang='lat' dir='ltr'><strong>nuntiare.</strong></span> <span class='ocrx_word' id='word_1_120' title='bbox 2155 1544 2331 1606; x_wconf 86' lang='lat' dir='ltr'><strong>Unde</strong></span> <span class='ocrx_word' id='word_1_121' title='bbox 2370 1543 2446 1605; x_wconf 84' lang='lat' dir='ltr'><strong>ad</strong></span> 
     </span>
    </p>
   </div>
   <div class='ocr_carea' id='block_1_3' title="bbox 943 1642 2446 1725">
    <p class='ocr_par' dir='ltr' id='par_1_4' title="bbox 943 1642 2446 1725">
     <span class='ocr_line' id='line_1_12' title="bbox 943 1642 2446 1725; baseline -0.002 -18"><span class='ocrx_word' id='word_1_122' title='bbox 943 1644 1193 1707; x_wconf 81' lang='lat' dir='ltr'><strong>beatam</strong></span> <span class='ocrx_word' id='word_1_123' title='bbox 1225 1644 1554 1725; x_wconf 82' lang='lat' dir='ltr'><strong>Virginem</strong></span> <span class='ocrx_word' id='word_1_124' title='bbox 1594 1662 1721 1706; x_wconf 89' lang='lat' dir='ltr'><strong>non</strong></span> <span class='ocrx_word' id='word_1_125' title='bbox 1761 1642 1975 1725; x_wconf 89' lang='lat' dir='ltr'><strong>quivis</strong></span> <span class='ocrx_word' id='word_1_126' title='bbox 2016 1642 2301 1723; x_wconf 82' lang='lat' dir='ltr'><strong>angeluS,</strong></span> <span class='ocrx_word' id='word_1_127' title='bbox 2336 1642 2446 1709; x_wconf 81' lang='lat' dir='ltr'><strong>sed</strong></span> 
     </span>
    </p>
   </div>
   <div class='ocr_carea' id='block_1_4' title="bbox 648 1715 3975 2510">
    <p class='ocr_par' dir='ltr' id='par_1_5' title="bbox 675 1715 3719 1823">
     <span class='ocr_line' id='line_1_13' title="bbox 675 1715 3719 1823; baseline -0.002 -20"><span class='ocrx_word' id='word_1_128' title='bbox 675 1759 785 1804; x_wconf 75' lang='lat' dir='ltr'><strong>Luc.</strong></span> <span class='ocrx_word' id='word_1_129' title='bbox 812 1774 841 1814; x_wconf 84' lang='grc' dir='ltr'><strong>ι,</strong></span> <span class='ocrx_word' id='word_1_130' title='bbox 864 1763 916 1804; x_wconf 75' lang='lat'><strong>2⁶</strong></span> <span class='ocrx_word' id='word_1_131' title='bbox 944 1742 1197 1805; x_wconf 92' lang='lat' dir='ltr'><strong>Gabriel</strong></span> <span class='ocrx_word' id='word_1_132' title='bbox 1254 1741 1675 1823; x_wconf 86' lang='lat' dir='ltr'><strong>archangelus</strong></span> <span class='ocrx_word' id='word_1_133' title='bbox 1732 1741 2085 1804; x_wconf 89' lang='lat' dir='ltr'><strong>destinatus</strong></span> <span class='ocrx_word' id='word_1_134' title='bbox 2150 1741 2443 1812; x_wconf 85' lang='lat' dir='ltr'><strong>traditur,</strong></span> <span class='ocrx_word' id='word_1_135' title='bbox 2885 1715 3373 1782; x_wconf 77' lang='lat' dir='ltr'><strong>ARTICULUS</strong></span> <span class='ocrx_word' id='word_1_136' title='bbox 3418 1715 3719 1780; x_wconf 78' lang='lat' dir='ltr'><strong>LXVIII·</strong></span> 
     </span>
    </p>

    <p class='ocr_par' dir='ltr' id='par_1_6' title="bbox 648 1826 3975 2510">
     <span class='ocr_line' id='line_1_14' title="bbox 648 1826 3974 1932; baseline -0.001 -29"><span class='ocrx_word' id='word_1_137' title='bbox 648 1826 807 1878; x_wconf 49' lang='lat' dir='ltr'><strong>⁸²⁸⁰sp</strong></span> <span class='ocrx_word' id='word_1_138' title='bbox 943 1840 1055 1922; x_wconf 88' lang='lat' dir='ltr'><strong>qui</strong></span> <span class='ocrx_word' id='word_1_139' title='bbox 1107 1840 1199 1902; x_wconf 90' lang='lat' dir='ltr'><strong>illi</strong></span> <span class='ocrx_word' id='word_1_140' title='bbox 1250 1839 1439 1902; x_wconf 85' lang='lat' dir='ltr'><strong>Verbi</strong></span> <span class='ocrx_word' id='word_1_141' title='bbox 1492 1839 1995 1902; x_wconf 88' lang='lat' dir='ltr'><strong>incarnationem</strong></span> <span class='ocrx_word' id='word_1_142' title='bbox 2046 1837 2382 1900; x_wconf 87' lang='lat' dir='ltr'><strong>nuntiabat</strong></span> <span class='ocrx_word' id='word_1_143' title='bbox 2427 1855 2442 1898; x_wconf 90' lang='lat'><strong>:</strong></span> <span class='ocrx_word' id='word_1_144' title='bbox 2481 1836 2526 1897; x_wconf 93' lang='lat' dir='ltr'>B</span> <span class='ocrx_word' id='word_1_145' title='bbox 2558 1866 2880 1932; x_wconf 70' lang='lat' dir='ltr'><em>Quomodo</em></span> <span class='ocrx_word' id='word_1_146' title='bbox 2915 1865 3270 1924; x_wconf 48' lang='grc' dir='ltr'><strong>(κεῖραι-κη</strong></span> <span class='ocrx_word' id='word_1_147' title='bbox 3306 1867 3816 1926; x_wconf 60' lang='lat' dir='ltr'><strong><em>hierarchiarum</em></strong></span> <span class='ocrx_word' id='word_1_148' title='bbox 3839 1865 3974 1924; x_wconf 60' lang='lat' dir='ltr'><strong><em>ordi,</em></strong></span> 
     </span>
     <span class='ocr_line' id='line_1_15' title="bbox 942 1936 3974 2033; baseline -0.003 -12"><span class='ocrx_word' id='word_1_149' title='bbox 942 1959 1084 2021; x_wconf 70' lang='lat' dir='ltr'>‘1¹¹ae</span> <span class='ocrx_word' id='word_1_150' title='bbox 1148 1939 1226 2001; x_wconf 67' lang='lat' dir='ltr'><strong>ad</strong></span> <span class='ocrx_word' id='word_1_151' title='bbox 1294 1938 1495 2001; x_wconf 65' lang='lat' dir='ltr'><strong>solam</strong></span> <span class='ocrx_word' id='word_1_152' title='bbox 1561 1937 1886 2018; x_wconf 65' lang='lat' dir='ltr'><strong>Virginem</strong></span> <span class='ocrx_word' id='word_1_153' title='bbox 1954 1936 2310 1999; x_wconf 67' lang='lat' dir='ltr'><strong>secundum</strong></span> <span class='ocrx_word' id='word_1_154' title='bbox 2378 1953 2447 1998; x_wconf 68' lang='lat' dir='ltr'><strong>se</strong></span> <span class='ocrx_word' id='word_1_155' title='bbox 2637 1972 2748 2012; x_wconf 77' lang='lat' dir='ltr'><strong>nes</strong></span> <span class='ocrx_word' id='word_1_156' title='bbox 2783 1956 3138 2030; x_wconf 71' lang='lat' dir='ltr'><strong>Greyorius</strong></span> <span class='ocrx_word' id='word_1_157' title='bbox 3177 1957 3488 2031; x_wconf 73' lang='lat' dir='ltr'><strong>assiynet,</strong></span> <span class='ocrx_word' id='word_1_158' title='bbox 3533 1965 3592 2014; x_wconf 75' lang='lat' dir='ltr'><strong>et</strong></span> <span class='ocrx_word' id='word_1_159' title='bbox 3635 1956 3704 2014; x_wconf 78' lang='lat' dir='ltr'><strong>in</strong></span> <span class='ocrx_word' id='word_1_160' title='bbox 3737 1974 3840 2033; x_wconf 86' lang='lat' dir='ltr'><strong>quo</strong></span> <span class='ocrx_word' id='word_1_161' title='bbox 3868 1955 3974 2028; x_wconf 77' lang='lat' dir='ltr'><strong>ejus</strong></span> 
     </span>
     <span class='ocr_line' id='line_1_16' title="bbox 944 2034 3974 2121; baseline 0 -22"><span class='ocrx_word' id='word_1_162' title='bbox 944 2037 1149 2118; x_wconf 89' lang='lat' dir='ltr'><strong>ipsam</strong></span> <span class='ocrx_word' id='word_1_163' title='bbox 1201 2037 1599 2099; x_wconf 89' lang='lat' dir='ltr'><strong>considerata</strong></span> <span class='ocrx_word' id='word_1_164' title='bbox 1647 2034 2029 2117; x_wconf 87' lang='lat' dir='ltr'><strong>pertinebat,</strong></span> <span class='ocrx_word' id='word_1_165' title='bbox 2082 2034 2193 2096; x_wconf 90' lang='lat' dir='ltr'><strong>sed</strong></span> <span class='ocrx_word' id='word_1_166' title='bbox 2242 2034 2447 2097; x_wconf 89' lang='lat' dir='ltr'><strong>omni·</strong></span> <span class='ocrx_word' id='word_1_167' title='bbox 2629 2043 2868 2118; x_wconf 75' lang='lat' dir='ltr'><strong>positio</strong></span> <span class='ocrx_word' id='word_1_168' title='bbox 2919 2062 2960 2100; x_wconf 85' lang='grc' dir='ltr'><em>α</em></span> <span class='ocrx_word' id='word_1_169' title='bbox 3015 2045 3340 2102; x_wconf 80' lang='lat' dir='ltr'><strong>sententia</strong></span> <span class='ocrx_word' id='word_1_170' title='bbox 3389 2045 3698 2121; x_wconf 76' lang='lat' dir='ltr'><strong>Dionysii</strong></span> <span class='ocrx_word' id='word_1_171' title='bbox 3747 2045 3974 2102; x_wconf 82' lang='lat' dir='ltr'><strong>recedere</strong></span> 
     </span>
     <span class='ocr_line' id='line_1_17' title="bbox 940 2133 2964 2197; baseline -0.003 0"><span class='ocrx_word' id='word_1_172' title='bbox 940 2135 1062 2197; x_wconf 94' lang='lat' dir='ltr'><strong>bus</strong></span> <span class='ocrx_word' id='word_1_173' title='bbox 1094 2135 1269 2197; x_wconf 87' lang='lat' dir='ltr'><strong>utilis</strong></span> <span class='ocrx_word' id='word_1_174' title='bbox 1300 2142 1362 2197; x_wconf 92' lang='lat' dir='ltr'><strong>et</strong></span> <span class='ocrx_word' id='word_1_175' title='bbox 1393 2134 1751 2197; x_wconf 86' lang='lat' dir='ltr'><strong>necessaria</strong></span> <span class='ocrx_word' id='word_1_176' title='bbox 1781 2134 2049 2196; x_wconf 86' lang='lat' dir='ltr'><strong>exsistit.</strong></span> <span class='ocrx_word' id='word_1_177' title='bbox 2072 2133 2183 2196; x_wconf 89' lang='lat' dir='ltr'><strong>Est</strong></span> <span class='ocrx_word' id='word_1_178' title='bbox 2210 2133 2443 2195; x_wconf 89' lang='lat' dir='ltr'><strong>iterum</strong></span> <span class='ocrx_word' id='word_1_179' title='bbox 2637 2133 2964 2191; x_wconf 79' lang='lat' dir='ltr'><strong>videatur.</strong></span> 
     </span>
     <span class='ocr_line' id='line_1_18' title="bbox 940 2231 2444 2313; baseline -0.001 -21"><span class='ocrx_word' id='word_1_180' title='bbox 940 2231 1296 2294; x_wconf 89' lang='lat' dir='ltr'><strong>humanum</strong></span> <span class='ocrx_word' id='word_1_181' title='bbox 1338 2232 1659 2313; x_wconf 88' lang='lat' dir='ltr'><strong>quoddam</strong></span> <span class='ocrx_word' id='word_1_182' title='bbox 1698 2231 1940 2293; x_wconf 90' lang='lat' dir='ltr'><strong>bonum</strong></span> <span class='ocrx_word' id='word_1_183' title='bbox 1979 2248 2318 2312; x_wconf 89' lang='lat' dir='ltr'><strong>personam</strong></span> <span class='ocrx_word' id='word_1_184' title='bbox 2351 2248 2444 2291; x_wconf 91' lang='lat' dir='ltr'><strong>re—</strong></span> 
     </span>
     <span class='ocr_line' id='line_1_19' title="bbox 940 2326 3975 2412; baseline -0.002 -20"><span class='ocrx_word' id='word_1_185' title='bbox 940 2331 1242 2412; x_wconf 90' lang='lat' dir='ltr'><strong>spiciens,</strong></span> <span class='ocrx_word' id='word_1_186' title='bbox 1275 2337 1340 2393; x_wconf 92' lang='lat' dir='ltr'><strong>et</strong></span> <span class='ocrx_word' id='word_1_187' title='bbox 1368 2329 1701 2412; x_wconf 87' lang='lat' dir='ltr'><strong>personale</strong></span> <span class='ocrx_word' id='word_1_188' title='bbox 1742 2337 2039 2393; x_wconf 88' lang='lat' dir='ltr'><strong>vocatum</strong></span> <span class='ocrx_word' id='word_1_189' title='bbox 2074 2346 2088 2390; x_wconf 92' lang='lat'>:</span> <span class='ocrx_word' id='word_1_190' title='bbox 2120 2329 2290 2411; x_wconf 92' lang='lat' dir='ltr'><strong>quod</strong></span> <span class='ocrx_word' id='word_1_191' title='bbox 2321 2328 2443 2390; x_wconf 91' lang='lat' dir='ltr'><strong>An·</strong></span> <span class='ocrx_word' id='word_1_192' title='bbox 2685 2326 3161 2390; x_wconf 85' lang='lat' dir='ltr'><strong>NUMERANDO</strong></span> <span class='ocrx_word' id='word_1_193' title='bbox 3191 2327 3468 2410; x_wconf 90' lang='lat' dir='ltr'><strong>denique</strong></span> <span class='ocrx_word' id='word_1_194' title='bbox 3499 2328 3828 2392; x_wconf 48' lang='lat' dir='ltr'><strong>coeles&#39;tium</strong></span> <span class='ocrx_word' id='word_1_195' title='bbox 3853 2327 3975 2388; x_wconf 86' lang='lat' dir='ltr'><strong>hier-</strong></span> 
     </span>
     <span class='ocr_line' id='line_1_20' title="bbox 936 2425 3974 2510; baseline -0.002 -19"><span class='ocrx_word' id='word_1_196' title='bbox 936 2428 1225 2510; x_wconf 90' lang='lat' dir='ltr'><strong>gelorum</strong></span> <span class='ocrx_word' id='word_1_197' title='bbox 1258 2429 1486 2493; x_wconf 89' lang='lat' dir='ltr'><strong>ditioni</strong></span> <span class='ocrx_word' id='word_1_198' title='bbox 1517 2429 1967 2502; x_wconf 86' lang='lat' dir='ltr'><strong>substernitur,</strong></span> <span class='ocrx_word' id='word_1_199' title='bbox 2003 2427 2240 2510; x_wconf 88' lang='lat' dir='ltr'><strong>quibus</strong></span> <span class='ocrx_word' id='word_1_200' title='bbox 2278 2427 2444 2508; x_wconf 84' lang='lat' dir='ltr'><strong>(jux—</strong></span> <span class='ocrx_word' id='word_1_201' title='bbox 2713 2426 3075 2487; x_wconf 90' lang='lat' dir='ltr'><strong>archiarum</strong></span> <span class='ocrx_word' id='word_1_202' title='bbox 3117 2425 3396 2501; x_wconf 81' lang='lat' dir='ltr'><strong>ordineS,</strong></span> <span class='ocrx_word' id='word_1_203' title='bbox 3442 2447 3478 2490; x_wconf 91' lang='lat' dir='ltr'><strong>a</strong></span> <span class='ocrx_word' id='word_1_204' title='bbox 3522 2425 3974 2490; x_wconf 83' lang='lat' dir='ltr'><strong>determinatione</strong></span> 
     </span>
    </p>
   </div>
   <div class='ocr_carea' id='block_1_5' title="bbox 650 2521 4093 5363">
    <p class='ocr_par' dir='ltr' id='par_1_7' title="bbox 650 2521 4093 5363">
     <span class='ocr_line' id='line_1_21' title="bbox 936 2521 3976 2609; baseline -0.003 -20"><span class='ocrx_word' id='word_1_205' title='bbox 936 2534 999 2589; x_wconf 91' lang='lat' dir='ltr'><strong>ta</strong></span> <span class='ocrx_word' id='word_1_206' title='bbox 1038 2527 1442 2608; x_wconf 88' lang='lat' dir='ltr'><strong>Gregorium)</strong></span> <span class='ocrx_word' id='word_1_207' title='bbox 1471 2528 1777 2609; x_wconf 85' lang='lat' dir='ltr'><strong>competit</strong></span> <span class='ocrx_word' id='word_1_208' title='bbox 1816 2526 2085 2588; x_wconf 90' lang='lat' dir='ltr'><strong>minima</strong></span> <span class='ocrx_word' id='word_1_209' title='bbox 2122 2525 2438 2587; x_wconf 88' lang='lat' dir='ltr'><strong>nuntiare.</strong></span> <span class='ocrx_word' id='word_1_210' title='bbox 2555 2523 2839 2606; x_wconf 88' lang='lat' dir='ltr'><strong>Dionysii</strong></span> <span class='ocrx_word' id='word_1_211' title='bbox 2882 2523 3162 2586; x_wconf 85' lang='lat' dir='ltr'><strong>declinat</strong></span> <span class='ocrx_word' id='word_1_212' title='bbox 3203 2524 3495 2587; x_wconf 89' lang='lat' dir='ltr'><strong>nonnihil</strong></span> <span class='ocrx_word' id='word_1_213' title='bbox 3542 2524 3863 2606; x_wconf 86' lang='lat' dir='ltr'><strong>Gregorius.</strong></span> <span class='ocrx_word' id='word_1_214' title='bbox 3901 2521 3976 2583; x_wconf 85' lang='lat' dir='ltr'><strong>Sic</strong></span> 
     </span>
     <span class='ocr_line' id='line_1_22' title="bbox 936 2621 3975 2706; baseline -0.002 -19"><span class='ocrx_word' id='word_1_215' title='bbox 936 2624 1114 2688; x_wconf 89' lang='lat' dir='ltr'><strong>Unde</strong></span> <span class='ocrx_word' id='word_1_216' title='bbox 1159 2633 1223 2687; x_wconf 90' lang='lat' dir='ltr'><strong>et</strong></span> <span class='ocrx_word' id='word_1_217' title='bbox 1276 2624 1612 2688; x_wconf 91' lang='lat' dir='ltr'><strong>hominum</strong></span> <span class='ocrx_word' id='word_1_218' title='bbox 1657 2625 1953 2688; x_wconf 88' lang='lat' dir='ltr'><strong>custodes</strong></span> <span class='ocrx_word' id='word_1_219' title='bbox 1997 2623 2439 2706; x_wconf 87' lang='lat' dir='ltr'><strong>perhibentur,</strong></span> <span class='ocrx_word' id='word_1_220' title='bbox 2557 2641 2789 2704; x_wconf 89' lang='lat' dir='ltr'><strong>nempe</strong></span> <span class='ocrx_word' id='word_1_221' title='bbox 2849 2622 3341 2704; x_wconf 70' lang='lat' dir='ltr'><strong>praenominatos</strong></span> <span class='ocrx_word' id='word_1_222' title='bbox 3399 2623 3748 2686; x_wconf 77' lang='lat' dir='ltr'><strong>coelestium</strong></span> <span class='ocrx_word' id='word_1_223' title='bbox 3789 2621 3975 2684; x_wconf 88' lang='lat' dir='ltr'><strong>animo·</strong></span> 
     </span>
     <span class='ocr_line' id='line_1_23' title="bbox 650 2718 3973 2804; baseline -0 -25"><span class='ocrx_word' id='word_1_224' title='bbox 650 2735 731 2779; x_wconf 67' lang='lat'><strong>1³2.</strong></span> <span class='ocrx_word' id='word_1_225' title='bbox 752 2739 907 2790; x_wconf 53' lang='lat' dir='ltr'><strong>mn.</strong></span> <span class='ocrx_word' id='word_1_226' title='bbox 937 2723 1189 2786; x_wconf 89' lang='lat' dir='ltr'><strong>dicente</strong></span> <span class='ocrx_word' id='word_1_227' title='bbox 1232 2723 1565 2787; x_wconf 90' lang='lat' dir='ltr'><strong>Psalmista</strong></span> <span class='ocrx_word' id='word_1_228' title='bbox 1601 2741 1612 2784; x_wconf 94' lang='lat'>:</span> <span class='ocrx_word' id='word_1_229' title='bbox 1647 2722 1905 2804; x_wconf 87' lang='lat' dir='ltr'><strong>Angelis</strong></span> <span class='ocrx_word' id='word_1_230' title='bbox 1945 2723 2078 2784; x_wconf 88' lang='lat' dir='ltr'><strong>suis</strong></span> <span class='ocrx_word' id='word_1_231' title='bbox 2120 2720 2443 2783; x_wconf 90' lang='lat' dir='ltr'><strong>mandavit</strong></span> <span class='ocrx_word' id='word_1_232' title='bbox 2553 2739 2696 2782; x_wconf 90' lang='lat' dir='ltr'><strong>rum</strong></span> <span class='ocrx_word' id='word_1_233' title='bbox 2746 2720 3000 2782; x_wconf 89' lang='lat' dir='ltr'><strong>ordines</strong></span> <span class='ocrx_word' id='word_1_234' title='bbox 3050 2728 3385 2784; x_wconf 89' lang='lat' dir='ltr'><strong>enumerat</strong></span> <span class='ocrx_word' id='word_1_235' title='bbox 3431 2739 3446 2783; x_wconf 73' lang='grc' dir='ltr'><strong><em>ε</em></strong></span> <span class='ocrx_word' id='word_1_236' title='bbox 3494 2721 3754 2796; x_wconf 75' lang='lat' dir='ltr'><strong>ScimuS,</strong></span> <span class='ocrx_word' id='word_1_237' title='bbox 3797 2718 3973 2800; x_wconf 87' lang='lat' dir='ltr'><strong>inquit,</strong></span> 
     </span>
     <span class='ocr_line' id='line_1_24' title="bbox 939 2819 3977 2902; baseline -0.002 -18"><span class='ocrx_word' id='word_1_238' title='bbox 939 2822 1018 2885; x_wconf 92' lang='lat' dir='ltr'><strong>de</strong></span> <span class='ocrx_word' id='word_1_239' title='bbox 1049 2830 1135 2897; x_wconf 91' lang='lat' dir='ltr'><strong>te,</strong></span> <span class='ocrx_word' id='word_1_240' title='bbox 1169 2830 1239 2885; x_wconf 92' lang='lat' dir='ltr'><strong>ut</strong></span> <span class='ocrx_word' id='word_1_241' title='bbox 1268 2822 1651 2896; x_wconf 85' lang='lat' dir='ltr'><strong>custodiant,</strong></span> <span class='ocrx_word' id='word_1_242' title='bbox 1685 2830 1804 2885; x_wconf 89' lang='lat' dir='ltr'><strong>etc.</strong></span> <span class='ocrx_word' id='word_1_243' title='bbox 2553 2838 2732 2882; x_wconf 91' lang='lat' dir='ltr'><strong>sacro</strong></span> <span class='ocrx_word' id='word_1_244' title='bbox 2775 2827 3048 2882; x_wconf 87' lang='lat' dir='ltr'><strong>testante</strong></span> <span class='ocrx_word' id='word_1_245' title='bbox 3093 2820 3383 2902; x_wconf 87' lang='lat' dir='ltr'><strong>Eloqui0,</strong></span> <span class='ocrx_word' id='word_1_246' title='bbox 3427 2840 3566 2884; x_wconf 89' lang='lat' dir='ltr'><strong>esse</strong></span> <span class='ocrx_word' id='word_1_247' title='bbox 3613 2819 3868 2902; x_wconf 56' lang='lat' dir='ltr'><strong>Angelos</strong></span> <span class='ocrx_word' id='word_1_248' title='bbox 3898 2820 3977 2880; x_wconf 85' lang='lat' dir='ltr'><strong>Ar-</strong></span> 
     </span>
     <span class='ocr_line' id='line_1_25' title="bbox 1014 2917 3976 3002; baseline -0.003 -19"><span class='ocrx_word' id='word_1_249' title='bbox 1014 2920 1257 2983; x_wconf 90' lang='lat' dir='ltr'><strong>Nomen</strong></span> <span class='ocrx_word' id='word_1_250' title='bbox 1315 2938 1467 3002; x_wconf 87' lang='lat' dir='ltr'><strong>ergo</strong></span> <span class='ocrx_word' id='word_1_251' title='bbox 1526 2919 2007 3000; x_wconf 85' lang='lat' dir='ltr'><strong>Principatuum</strong></span> <span class='ocrx_word' id='word_1_252' title='bbox 2068 2917 2440 3000; x_wconf 85' lang='lat' dir='ltr'><strong>principali·</strong></span> <span class='ocrx_word' id='word_1_253' title='bbox 2553 2917 2915 2999; x_wconf 79' lang='lat' dir='ltr'><strong>change105‚</strong></span> <span class='ocrx_word' id='word_1_254' title='bbox 2967 2919 3269 2992; x_wconf 84' lang='lat' dir='ltr'><strong>VirtuteS,</strong></span> <span class='ocrx_word' id='word_1_255' title='bbox 3318 2920 3684 2994; x_wconf 89' lang='lat' dir='ltr'><strong>Potestates,</strong></span> <span class='ocrx_word' id='word_1_256' title='bbox 3725 2917 3976 2997; x_wconf 87' lang='lat' dir='ltr'><strong>Principa-</strong></span> 
     </span>
     <span class='ocr_line' id='line_1_26' title="bbox 935 3015 3978 3092; baseline -0.003 -10"><span class='ocrx_word' id='word_1_257' title='bbox 935 3027 1129 3082; x_wconf 85' lang='lat' dir='ltr'><strong>tatem</strong></span> <span class='ocrx_word' id='word_1_258' title='bbox 1194 3017 1700 3081; x_wconf 90' lang='lat' dir='ltr'><strong>substantiarum</strong></span> <span class='ocrx_word' id='word_1_259' title='bbox 1770 3017 1945 3079; x_wconf 91' lang='lat' dir='ltr'><strong>illius</strong></span> <span class='ocrx_word' id='word_1_260' title='bbox 2015 3017 2259 3079; x_wconf 90' lang='lat' dir='ltr'><strong>ordinis</strong></span> <span class='ocrx_word' id='word_1_261' title='bbox 2329 3018 2441 3079; x_wconf 89' lang='lat' dir='ltr'><strong>im·</strong></span> <span class='ocrx_word' id='word_1_262' title='bbox 2473 3017 2515 3082; x_wconf 90' lang='lat' dir='ltr'>C</span> <span class='ocrx_word' id='word_1_263' title='bbox 2552 3024 2675 3088; x_wconf 90' lang='lat' dir='ltr'><strong>tus,</strong></span> <span class='ocrx_word' id='word_1_264' title='bbox 2718 3015 3214 3090; x_wconf 81' lang='lat' dir='ltr'><strong>DominationeS‚</strong></span> <span class='ocrx_word' id='word_1_265' title='bbox 3257 3016 3565 3092; x_wconf 77' lang='lat' dir='ltr'><strong>ThronoS,</strong></span> <span class='ocrx_word' id='word_1_266' title='bbox 3606 3015 3903 3080; x_wconf 87' lang='lat' dir='ltr'><strong>Cherubim</strong></span> <span class='ocrx_word' id='word_1_267' title='bbox 3933 3020 3978 3074; x_wconf 89' lang='lat' dir='ltr'><strong>et</strong></span> 
     </span>
     <span class='ocr_line' id='line_1_27' title="bbox 936 3113 3976 3200; baseline -0.003 -19"><span class='ocrx_word' id='word_1_268' title='bbox 936 3125 1164 3200; x_wconf 87' lang='lat' dir='ltr'><strong>portat,</strong></span> <span class='ocrx_word' id='word_1_269' title='bbox 1199 3117 1578 3180; x_wconf 74' lang='lat' dir='ltr'><strong>inferiorum</strong></span> <span class='ocrx_word' id='word_1_270' title='bbox 1610 3116 1907 3179; x_wconf 89' lang='lat' dir='ltr'><strong>ordinum</strong></span> <span class='ocrx_word' id='word_1_271' title='bbox 1942 3117 2439 3197; x_wconf 90' lang='lat' dir='ltr'><strong>comparatione,</strong></span> <span class='ocrx_word' id='word_1_272' title='bbox 2553 3115 2905 3196; x_wconf 88' lang='lat' dir='ltr'><strong>Seraphim.</strong></span> <span class='ocrx_word' id='word_1_273' title='bbox 2956 3115 3046 3176; x_wconf 87' lang='lat' dir='ltr'><strong>Ex</strong></span> <span class='ocrx_word' id='word_1_274' title='bbox 3088 3133 3217 3196; x_wconf 89' lang='lat' dir='ltr'><strong>quo</strong></span> <span class='ocrx_word' id='word_1_275' title='bbox 3259 3114 3590 3189; x_wconf 88' lang='lat' dir='ltr'><strong>elucescit,</strong></span> <span class='ocrx_word' id='word_1_276' title='bbox 3633 3117 3695 3179; x_wconf 91' lang='lat' dir='ltr'><strong>in</strong></span> <span class='ocrx_word' id='word_1_277' title='bbox 3729 3116 3832 3178; x_wconf 91' lang='lat' dir='ltr'><strong>hoc</strong></span> <span class='ocrx_word' id='word_1_278' title='bbox 3867 3113 3976 3175; x_wconf 85' lang='lat' dir='ltr'><strong>Gre-</strong></span> 
     </span>
     <span class='ocr_line' id='line_1_28' title="bbox 934 3209 3976 3299; baseline -0.003 -21"><span class='ocrx_word' id='word_1_279' title='bbox 934 3216 1169 3299; x_wconf 90' lang='lat' dir='ltr'><strong>quibus</strong></span> <span class='ocrx_word' id='word_1_280' title='bbox 1241 3221 1787 3298; x_wconf 89' lang='lat' dir='ltr'><strong>superponuntur,</strong></span> <span class='ocrx_word' id='word_1_281' title='bbox 1851 3232 1959 3276; x_wconf 91' lang='lat' dir='ltr'><strong>eos</strong></span> <span class='ocrx_word' id='word_1_282' title='bbox 2031 3214 2439 3276; x_wconf 89' lang='lat' dir='ltr'><strong>convenienti</strong></span> <span class='ocrx_word' id='word_1_283' title='bbox 2550 3212 2801 3293; x_wconf 87' lang='lat' dir='ltr'><strong>gorium</strong></span> <span class='ocrx_word' id='word_1_284' title='bbox 2859 3231 2896 3274; x_wconf 89' lang='lat' dir='ltr'><strong>a</strong></span> <span class='ocrx_word' id='word_1_285' title='bbox 2943 3212 3246 3295; x_wconf 76' lang='lat' dir='ltr'><strong>Dionysio</strong></span> <span class='ocrx_word' id='word_1_286' title='bbox 3294 3213 3658 3277; x_wconf 89' lang='lat' dir='ltr'><strong>recessisse.</strong></span> <span class='ocrx_word' id='word_1_287' title='bbox 3705 3213 3838 3277; x_wconf 91' lang='lat' dir='ltr'><strong>Nam</strong></span> <span class='ocrx_word' id='word_1_288' title='bbox 3877 3209 3976 3269; x_wconf 80' lang='lat' dir='ltr'><strong>Vir·</strong></span> 
     </span>
     <span class='ocr_line' id='line_1_29' title="bbox 934 3308 3976 3394; baseline -0.003 -19"><span class='ocrx_word' id='word_1_289' title='bbox 934 3314 1314 3376; x_wconf 87' lang='lat' dir='ltr'><strong>deductione</strong></span> <span class='ocrx_word' id='word_1_290' title='bbox 1364 3313 1688 3394; x_wconf 88' lang='lat' dir='ltr'><strong>erigend0‚</strong></span> <span class='ocrx_word' id='word_1_291' title='bbox 1734 3319 1799 3374; x_wconf 91' lang='lat' dir='ltr'><strong>et</strong></span> <span class='ocrx_word' id='word_1_292' title='bbox 1844 3312 1920 3374; x_wconf 88' lang='lat' dir='ltr'><strong>ad</strong></span> <span class='ocrx_word' id='word_1_293' title='bbox 1971 3313 2082 3375; x_wconf 89' lang='lat' dir='ltr'><strong>Dei</strong></span> <span class='ocrx_word' id='word_1_294' title='bbox 2126 3311 2438 3374; x_wconf 90' lang='lat' dir='ltr'><strong>assimila·</strong></span> <span class='ocrx_word' id='word_1_295' title='bbox 2552 3319 2743 3385; x_wconf 80' lang='lat' dir='ltr'><strong>tuteS,</strong></span> <span class='ocrx_word' id='word_1_296' title='bbox 2777 3330 2935 3393; x_wconf 88' lang='lat' dir='ltr'><strong>quas</strong></span> <span class='ocrx_word' id='word_1_297' title='bbox 2967 3310 3034 3372; x_wconf 91' lang='lat' dir='ltr'><strong>in</strong></span> <span class='ocrx_word' id='word_1_298' title='bbox 3065 3312 3346 3373; x_wconf 90' lang='lat' dir='ltr'><strong>secunda</strong></span> <span class='ocrx_word' id='word_1_299' title='bbox 3374 3311 3728 3374; x_wconf 84' lang='lat' dir='ltr'><strong>hierarchia</strong></span> <span class='ocrx_word' id='word_1_300' title='bbox 3754 3308 3976 3372; x_wconf 89' lang='lat' dir='ltr'><strong>medium</strong></span> 
     </span>
     <span class='ocr_line' id='line_1_30' title="bbox 935 3407 3980 3493; baseline -0.003 -18"><span class='ocrx_word' id='word_1_301' title='bbox 935 3413 1175 3475; x_wconf 91' lang='lat' dir='ltr'><strong>tionem</strong></span> <span class='ocrx_word' id='word_1_302' title='bbox 1212 3413 1395 3493; x_wconf 85' lang='lat' dir='ltr'><strong>juxta</strong></span> <span class='ocrx_word' id='word_1_303' title='bbox 1436 3411 1668 3473; x_wconf 90' lang='lat' dir='ltr'><strong>virium</strong></span> <span class='ocrx_word' id='word_1_304' title='bbox 1716 3429 1976 3472; x_wconf 90' lang='lat' dir='ltr'><strong>suarum</strong></span> <span class='ocrx_word' id='word_1_305' title='bbox 2022 3410 2436 3491; x_wconf 88' lang='lat' dir='ltr'><strong>capacitatem</strong></span> <span class='ocrx_word' id='word_1_306' title='bbox 2551 3410 2845 3473; x_wconf 89' lang='lat' dir='ltr'><strong>ordinem</strong></span> <span class='ocrx_word' id='word_1_307' title='bbox 2891 3409 3224 3472; x_wconf 86' lang='lat' dir='ltr'><strong>constituit</strong></span> <span class='ocrx_word' id='word_1_308' title='bbox 3269 3409 3669 3493; x_wconf 87' lang='lat' dir='ltr'><strong>Areopagita,</strong></span> <span class='ocrx_word' id='word_1_309' title='bbox 3716 3411 3855 3472; x_wconf 87' lang='lat' dir='ltr'><strong>inter</strong></span> <span class='ocrx_word' id='word_1_310' title='bbox 3891 3407 3980 3468; x_wconf 87' lang='lat' dir='ltr'><strong>Do-</strong></span> 
     </span>
     <span class='ocr_line' id='line_1_31' title="bbox 935 3507 3978 3591; baseline -0.004 -17"><span class='ocrx_word' id='word_1_311' title='bbox 935 3511 1287 3574; x_wconf 85' lang='lat' dir='ltr'><strong>exaltando.</strong></span> <span class='ocrx_word' id='word_1_312' title='bbox 1316 3509 1525 3582; x_wconf 91' lang='lat' dir='ltr'><strong>Porro,</strong></span> <span class='ocrx_word' id='word_1_313' title='bbox 1558 3509 1727 3590; x_wconf 91' lang='lat' dir='ltr'><strong>apud</strong></span> <span class='ocrx_word' id='word_1_314' title='bbox 1760 3509 2129 3591; x_wconf 85' lang='lat' dir='ltr'><strong>Dionysium</strong></span> <span class='ocrx_word' id='word_1_315' title='bbox 2162 3509 2438 3572; x_wconf 89' lang='lat' dir='ltr'><strong>Archan-</strong></span> <span class='ocrx_word' id='word_1_316' title='bbox 2553 3509 2934 3571; x_wconf 88' lang='lat' dir='ltr'><strong>minationes</strong></span> <span class='ocrx_word' id='word_1_317' title='bbox 2987 3507 3288 3571; x_wconf 89' lang='lat' dir='ltr'><strong>videlicet</strong></span> <span class='ocrx_word' id='word_1_318' title='bbox 3343 3517 3407 3570; x_wconf 84' lang='lat' dir='ltr'><strong>et</strong></span> <span class='ocrx_word' id='word_1_319' title='bbox 3454 3510 3782 3572; x_wconf 86' lang='lat' dir='ltr'><strong>Potestates</strong></span> <span class='ocrx_word' id='word_1_320' title='bbox 3829 3511 3978 3567; x_wconf 86' lang='lat' dir='ltr'><strong>statu-</strong></span> 
     </span>
     <span class='ocr_line' id='line_1_32' title="bbox 936 3601 4093 3690; baseline -0.003 -19"><span class='ocrx_word' id='word_1_321' title='bbox 936 3609 1063 3690; x_wconf 91' lang='lat' dir='ltr'><strong>geli</strong></span> <span class='ocrx_word' id='word_1_322' title='bbox 1120 3609 1286 3672; x_wconf 87' lang='lat' dir='ltr'><strong>inter</strong></span> <span class='ocrx_word' id='word_1_323' title='bbox 1341 3608 1743 3690; x_wconf 91' lang='lat' dir='ltr'><strong>Principatus</strong></span> <span class='ocrx_word' id='word_1_324' title='bbox 1803 3616 1866 3670; x_wconf 89' lang='lat' dir='ltr'><strong>et</strong></span> <span class='ocrx_word' id='word_1_325' title='bbox 1912 3608 2184 3688; x_wconf 86' lang='lat' dir='ltr'><strong>Angelos</strong></span> <span class='ocrx_word' id='word_1_326' title='bbox 2245 3607 2438 3670; x_wconf 91' lang='lat' dir='ltr'><strong>medii</strong></span> <span class='ocrx_word' id='word_1_327' title='bbox 2552 3607 2717 3669; x_wconf 92' lang='lat' dir='ltr'><strong>endo</strong></span> <span class='ocrx_word' id='word_1_328' title='bbox 2767 3607 3068 3678; x_wconf 87' lang='lat' dir='ltr'><strong>Virtutes,</strong></span> <span class='ocrx_word' id='word_1_329' title='bbox 3120 3604 3233 3667; x_wconf 91' lang='lat' dir='ltr'><strong>has</strong></span> <span class='ocrx_word' id='word_1_330' title='bbox 3289 3605 3630 3687; x_wconf 86' lang='lat' dir='ltr'><strong>Gregorius</strong></span> <span class='ocrx_word' id='word_1_331' title='bbox 3673 3605 3886 3670; x_wconf 84' lang='lat' dir='ltr'><strong>ordinat</strong></span> <span class='ocrx_word' id='word_1_332' title='bbox 3929 3601 3978 3661; x_wconf 88' lang='lat' dir='ltr'><strong>in</strong></span> <span class='ocrx_word' id='word_1_333' title='bbox 4087 3612 4093 3622; x_wconf 91' lang='grc'><em>·</em></span> 
     </span>
     <span class='ocr_line' id='line_1_33' title="bbox 939 3697 3978 3788; baseline -0.004 -19"><span class='ocrx_word' id='word_1_334' title='bbox 939 3706 1265 3770; x_wconf 87' lang='lat' dir='ltr'><strong>constituti</strong></span> <span class='ocrx_word' id='word_1_335' title='bbox 1308 3713 1477 3779; x_wconf 89' lang='lat' dir='ltr'><strong>sunt,</strong></span> <span class='ocrx_word' id='word_1_336' title='bbox 1513 3724 1659 3767; x_wconf 92' lang='lat' dir='ltr'><strong>cum</strong></span> <span class='ocrx_word' id='word_1_337' title='bbox 1713 3706 1999 3787; x_wconf 89' lang='lat' dir='ltr'><strong>utrisque</strong></span> <span class='ocrx_word' id='word_1_338' title='bbox 2052 3706 2116 3768; x_wconf 92' lang='lat' dir='ltr'><strong>in</strong></span> <span class='ocrx_word' id='word_1_339' title='bbox 2160 3707 2441 3788; x_wconf 89' lang='lat' dir='ltr'><strong>proprie·</strong></span> <span class='ocrx_word' id='word_1_340' title='bbox 2553 3704 2782 3767; x_wconf 81' lang='lat' dir='ltr'><strong>infima</strong></span> <span class='ocrx_word' id='word_1_341' title='bbox 2809 3702 3168 3766; x_wconf 91' lang='lat' dir='ltr'><strong>hierarchia</strong></span> <span class='ocrx_word' id='word_1_342' title='bbox 3197 3703 3486 3765; x_wconf 88' lang='lat' dir='ltr'><strong>ordinem</strong></span> <span class='ocrx_word' id='word_1_343' title='bbox 3517 3697 3978 3787; x_wconf 86' lang='lat' dir='ltr'><strong>supremum.Sed</strong></span> 
     </span>
     <span class='ocr_line' id='line_1_34' title="bbox 937 3797 3978 3888; baseline -0.004 -20"><span class='ocrx_word' id='word_1_344' title='bbox 937 3814 1065 3868; x_wconf 89' lang='lat' dir='ltr'><strong>tate</strong></span> <span class='ocrx_word' id='word_1_345' title='bbox 1114 3806 1388 3888; x_wconf 91' lang='lat' dir='ltr'><strong>quadam</strong></span> <span class='ocrx_word' id='word_1_346' title='bbox 1433 3804 1989 3878; x_wconf 83' lang='lat' dir='ltr'><strong>communicanteS,</strong></span> <span class='ocrx_word' id='word_1_347' title='bbox 2032 3805 2440 3886; x_wconf 86' lang='lat' dir='ltr'><strong>quemadmo·</strong></span> <span class='ocrx_word' id='word_1_348' title='bbox 2551 3804 2687 3866; x_wconf 87' lang='lat' dir='ltr'><strong>haec</strong></span> <span class='ocrx_word' id='word_1_349' title='bbox 2723 3809 3046 3864; x_wconf 85' lang='lat' dir='ltr'><strong>tantorum</strong></span> <span class='ocrx_word' id='word_1_350' title='bbox 3086 3800 3370 3863; x_wconf 84' lang='lat' dir='ltr'><strong>virorum</strong></span> <span class='ocrx_word' id='word_1_351' title='bbox 3408 3801 3784 3865; x_wconf 87' lang='lat' dir='ltr'><strong>dissonantia</strong></span> <span class='ocrx_word' id='word_1_352' title='bbox 3815 3797 3978 3882; x_wconf 88' lang='lat' dir='ltr'><strong>potius</strong></span> 
     </span>
     <span class='ocr_line' id='line_1_35' title="bbox 936 3897 3976 3985; baseline -0.004 -19"><span class='ocrx_word' id='word_1_353' title='bbox 936 3905 1086 3967; x_wconf 90' lang='lat' dir='ltr'><strong>dum</strong></span> <span class='ocrx_word' id='word_1_354' title='bbox 1120 3923 1196 3966; x_wconf 87' lang='lat' dir='ltr'><strong>ex</strong></span> <span class='ocrx_word' id='word_1_355' title='bbox 1246 3903 1385 3985; x_wconf 92' lang='lat' dir='ltr'><strong>ipso</strong></span> <span class='ocrx_word' id='word_1_356' title='bbox 1434 3920 1652 3966; x_wconf 89' lang='lat' dir='ltr'><strong>eorum</strong></span> <span class='ocrx_word' id='word_1_357' title='bbox 1708 3903 1967 3965; x_wconf 92' lang='lat' dir='ltr'><strong>nomine</strong></span> <span class='ocrx_word' id='word_1_358' title='bbox 2015 3902 2210 3965; x_wconf 88' lang='lat' dir='ltr'><strong>claret</strong></span> <span class='ocrx_word' id='word_1_359' title='bbox 2245 3921 2258 3964; x_wconf 91' lang='lat'><strong>:</strong></span> <span class='ocrx_word' id='word_1_360' title='bbox 2292 3922 2438 3965; x_wconf 90' lang='lat' dir='ltr'><strong>nam</strong></span> <span class='ocrx_word' id='word_1_361' title='bbox 2551 3902 2802 3964; x_wconf 84' lang='lat' dir='ltr'><strong>videtur</strong></span> <span class='ocrx_word' id='word_1_362' title='bbox 2869 3898 3145 3962; x_wconf 85' lang='lat' dir='ltr'><strong>verbalis</strong></span> <span class='ocrx_word' id='word_1_363' title='bbox 3206 3919 3394 3982; x_wconf 90' lang='lat' dir='ltr'><strong>quam</strong></span> <span class='ocrx_word' id='word_1_364' title='bbox 3469 3901 3735 3963; x_wconf 88' lang='lat' dir='ltr'><strong>multum</strong></span> <span class='ocrx_word' id='word_1_365' title='bbox 3793 3897 3976 3961; x_wconf 80' lang='lat' dir='ltr'><strong>discre-</strong></span> 
     </span>
     <span class='ocr_line' id='line_1_36' title="bbox 937 3997 3979 4082; baseline -0.004 -18"><span class='ocrx_word' id='word_1_366' title='bbox 937 4001 1355 4082; x_wconf 88' lang='lat' dir='ltr'><strong>archangelus</strong></span> <span class='ocrx_word' id='word_1_367' title='bbox 1396 4000 1605 4081; x_wconf 88' lang='lat' dir='ltr'><strong>angeli</strong></span> <span class='ocrx_word' id='word_1_368' title='bbox 1638 4000 1937 4082; x_wconf 90' lang='lat' dir='ltr'><strong>princeps</strong></span> <span class='ocrx_word' id='word_1_369' title='bbox 1969 3999 2438 4082; x_wconf 88' lang='lat' dir='ltr'><strong>interpretatur.</strong></span> <span class='ocrx_word' id='word_1_370' title='bbox 2554 4019 2710 4081; x_wconf 90' lang='lat' dir='ltr'><strong>pans</strong></span> <span class='ocrx_word' id='word_1_371' title='bbox 2772 4017 2786 4061; x_wconf 70' lang='grc' dir='ltr'>ε</span> <span class='ocrx_word' id='word_1_372' title='bbox 2847 3998 3032 4061; x_wconf 88' lang='lat' dir='ltr'><strong>aliter</strong></span> <span class='ocrx_word' id='word_1_373' title='bbox 3100 4019 3378 4081; x_wconf 88' lang='lat' dir='ltr'><strong>namque</strong></span> <span class='ocrx_word' id='word_1_374' title='bbox 3445 4000 3767 4082; x_wconf 84' lang='lat' dir='ltr'><strong>Gregorius</strong></span> <span class='ocrx_word' id='word_1_375' title='bbox 3824 3997 3979 4058; x_wconf 86' lang='lat' dir='ltr'><strong>utitur</strong></span> 
     </span>
     <span class='ocr_line' id='line_1_37' title="bbox 936 4091 3979 4181; baseline -0.002 -20"><span class='ocrx_word' id='word_1_376' title='bbox 936 4101 1187 4162; x_wconf 87' lang='lat' dir='ltr'><strong>Etenim</strong></span> <span class='ocrx_word' id='word_1_377' title='bbox 1220 4117 1363 4160; x_wconf 91' lang='lat' dir='ltr'><strong>cum</strong></span> <span class='ocrx_word' id='word_1_378' title='bbox 1385 4097 1849 4180; x_wconf 88' lang='lat' dir='ltr'><strong>Principatibus</strong></span> <span class='ocrx_word' id='word_1_379' title='bbox 1870 4098 2247 4179; x_wconf 88' lang='lat' dir='ltr'><strong>Archangeli</strong></span> <span class='ocrx_word' id='word_1_380' title='bbox 2278 4117 2444 4161; x_wconf 91' lang='lat' dir='ltr'><strong>com·</strong></span> <span class='ocrx_word' id='word_1_381' title='bbox 2551 4098 2812 4160; x_wconf 90' lang='lat' dir='ltr'><strong>nomine</strong></span> <span class='ocrx_word' id='word_1_382' title='bbox 2861 4096 3260 4179; x_wconf 90' lang='lat' dir='ltr'><strong>principatus</strong></span> <span class='ocrx_word' id='word_1_383' title='bbox 3307 4117 3502 4179; x_wconf 89' lang='lat' dir='ltr'><strong>quam</strong></span> <span class='ocrx_word' id='word_1_384' title='bbox 3543 4097 3864 4181; x_wconf 80' lang='lat' dir='ltr'><strong>Dionysius.</strong></span> <span class='ocrx_word' id='word_1_385' title='bbox 3901 4091 3979 4154; x_wconf 78' lang='lat' dir='ltr'><strong>Ait</strong></span> 
     </span>
     <span class='ocr_line' id='line_1_38' title="bbox 940 4193 3980 4280; baseline -0.004 -19"><span class='ocrx_word' id='word_1_386' title='bbox 940 4198 1291 4270; x_wconf 88' lang='lat' dir='ltr'><strong>municant,</strong></span> <span class='ocrx_word' id='word_1_387' title='bbox 1352 4197 1652 4279; x_wconf 89' lang='lat' dir='ltr'><strong>quoniam</strong></span> <span class='ocrx_word' id='word_1_388' title='bbox 1701 4215 1848 4258; x_wconf 91' lang='lat' dir='ltr'><strong>cum</strong></span> <span class='ocrx_word' id='word_1_389' title='bbox 1898 4196 2026 4258; x_wconf 90' lang='lat' dir='ltr'><strong>illis</strong></span> <span class='ocrx_word' id='word_1_390' title='bbox 2084 4198 2161 4258; x_wconf 88' lang='lat' dir='ltr'><strong>ad</strong></span> <span class='ocrx_word' id='word_1_391' title='bbox 2220 4217 2440 4280; x_wconf 89' lang='lat' dir='ltr'><strong>super·</strong></span> <span class='ocrx_word' id='word_1_392' title='bbox 2473 4197 2523 4258; x_wconf 90' lang='lat' dir='ltr'>D</span> <span class='ocrx_word' id='word_1_393' title='bbox 2552 4197 2726 4260; x_wconf 90' lang='lat' dir='ltr'><strong>enim</strong></span> <span class='ocrx_word' id='word_1_394' title='bbox 2758 4195 3118 4276; x_wconf 86' lang='lat' dir='ltr'><strong>Gregorius,</strong></span> <span class='ocrx_word' id='word_1_395' title='bbox 3152 4196 3322 4277; x_wconf 87' lang='lat' dir='ltr'><strong>quod</strong></span> <span class='ocrx_word' id='word_1_396' title='bbox 3354 4197 3720 4280; x_wconf 84' lang='lat' dir='ltr'><strong>principari,</strong></span> <span class='ocrx_word' id='word_1_397' title='bbox 3749 4195 3819 4257; x_wconf 85' lang='lat' dir='ltr'><strong>sit</strong></span> <span class='ocrx_word' id='word_1_398' title='bbox 3851 4193 3980 4254; x_wconf 87' lang='lat' dir='ltr'><strong>inter</strong></span> 
     </span>
     <span class='ocr_line' id='line_1_39' title="bbox 938 4295 3982 4377; baseline -0.004 -18"><span class='ocrx_word' id='word_1_399' title='bbox 938 4296 1279 4360; x_wconf 85' lang='lat' dir='ltr'><strong>exaltatum</strong></span> <span class='ocrx_word' id='word_1_400' title='bbox 1332 4295 1780 4357; x_wconf 87' lang='lat' dir='ltr'><strong>universorum</strong></span> <span class='ocrx_word' id='word_1_401' title='bbox 1834 4295 2192 4377; x_wconf 89' lang='lat' dir='ltr'><strong>principem</strong></span> <span class='ocrx_word' id='word_1_402' title='bbox 2240 4296 2440 4358; x_wconf 91' lang='lat' dir='ltr'><strong>Deum</strong></span> <span class='ocrx_word' id='word_1_403' title='bbox 2551 4295 2830 4376; x_wconf 87' lang='lat' dir='ltr'><strong>reliquos</strong></span> <span class='ocrx_word' id='word_1_404' title='bbox 2879 4295 3166 4376; x_wconf 89' lang='lat' dir='ltr'><strong>-priorem</strong></span> <span class='ocrx_word' id='word_1_405' title='bbox 3227 4295 3555 4358; x_wconf 86' lang='lat' dir='ltr'><strong>exsistere.</strong></span> <span class='ocrx_word' id='word_1_406' title='bbox 3609 4295 3768 4359; x_wconf 90' lang='lat' dir='ltr'><strong>Unde</strong></span> <span class='ocrx_word' id='word_1_407' title='bbox 3809 4305 3982 4354; x_wconf 86' lang='lat' dir='ltr'><strong>secun·</strong></span> 
     </span>
     <span class='ocr_line' id='line_1_40' title="bbox 938 4385 3980 4475; baseline -0.003 -18"><span class='ocrx_word' id='word_1_408' title='bbox 938 4400 1420 4468; x_wconf 88' lang='lat' dir='ltr'><strong>convertuntur,</strong></span> <span class='ocrx_word' id='word_1_409' title='bbox 1475 4393 1597 4474; x_wconf 89' lang='lat' dir='ltr'><strong>ipsi</strong></span> <span class='ocrx_word' id='word_1_410' title='bbox 1646 4401 1716 4454; x_wconf 88' lang='lat' dir='ltr'><strong>ut</strong></span> <span class='ocrx_word' id='word_1_411' title='bbox 1762 4401 2006 4475; x_wconf 89' lang='lat' dir='ltr'><strong>queunt</strong></span> <span class='ocrx_word' id='word_1_412' title='bbox 2054 4392 2440 4456; x_wconf 82' lang='lat' dir='ltr'><strong>conformari</strong></span> <span class='ocrx_word' id='word_1_413' title='bbox 2551 4394 2704 4455; x_wconf 93' lang='lat' dir='ltr'><strong>dum</strong></span> <span class='ocrx_word' id='word_1_414' title='bbox 2735 4411 2909 4465; x_wconf 90' lang='lat' dir='ltr'><strong>eum,</strong></span> <span class='ocrx_word' id='word_1_415' title='bbox 2943 4391 3342 4475; x_wconf 91' lang='lat' dir='ltr'><strong>Principatus</strong></span> <span class='ocrx_word' id='word_1_416' title='bbox 3382 4393 3698 4468; x_wconf 84' lang='lat' dir='ltr'><strong>dicuntur,</strong></span> <span class='ocrx_word' id='word_1_417' title='bbox 3729 4390 3824 4474; x_wconf 92' lang='lat' dir='ltr'><strong>qui</strong></span> <span class='ocrx_word' id='word_1_418' title='bbox 3859 4385 3980 4469; x_wconf 87' lang='lat' dir='ltr'><strong>ipsis</strong></span> 
     </span>
     <span class='ocr_line' id='line_1_41' title="bbox 938 4489 3980 4574; baseline -0.003 -18"><span class='ocrx_word' id='word_1_419' title='bbox 938 4494 1337 4564; x_wconf 83' lang='lat' dir='ltr'><strong>festinantes,</strong></span> <span class='ocrx_word' id='word_1_420' title='bbox 1390 4490 1848 4573; x_wconf 88' lang='lat' dir='ltr'><strong>studentesque</strong></span> <span class='ocrx_word' id='word_1_421' title='bbox 1900 4491 1963 4552; x_wconf 90' lang='lat' dir='ltr'><strong>in</strong></span> <span class='ocrx_word' id='word_1_422' title='bbox 2017 4492 2156 4574; x_wconf 93' lang='lat' dir='ltr'><strong>ipso</strong></span> <span class='ocrx_word' id='word_1_423' title='bbox 2213 4491 2328 4573; x_wconf 84' lang='lat' dir='ltr'><strong>figi</strong></span> <span class='ocrx_word' id='word_1_424' title='bbox 2377 4499 2440 4554; x_wconf 90' lang='lat' dir='ltr'><strong>et</strong></span> <span class='ocrx_word' id='word_1_425' title='bbox 2550 4509 2804 4573; x_wconf 86' lang='lat' dir='ltr'><strong>quoque</strong></span> <span class='ocrx_word' id='word_1_426' title='bbox 2855 4489 3040 4552; x_wconf 91' lang='lat' dir='ltr'><strong>bonis</strong></span> <span class='ocrx_word' id='word_1_427' title='bbox 3089 4491 3462 4571; x_wconf 90' lang='lat' dir='ltr'><strong>angelorum</strong></span> <span class='ocrx_word' id='word_1_428' title='bbox 3513 4490 3822 4574; x_wconf 82' lang='lat' dir='ltr'><strong>spiritib&#39;us</strong></span> <span class='ocrx_word' id='word_1_429' title='bbox 3861 4502 3980 4568; x_wconf 81' lang='lat' dir='ltr'><strong>prae-</strong></span> 
     </span>
     <span class='ocr_line' id='line_1_42' title="bbox 935 4587 3980 4674; baseline -0.004 -19"><span class='ocrx_word' id='word_1_430' title='bbox 935 4593 1053 4655; x_wconf 85' lang='lat' dir='ltr'><strong>fixi</strong></span> <span class='ocrx_word' id='word_1_431' title='bbox 1084 4609 1477 4674; x_wconf 88' lang='lat' dir='ltr'><strong>permanere.</strong></span> <span class='ocrx_word' id='word_1_432' title='bbox 1511 4590 1773 4664; x_wconf 76' lang='lat' dir='ltr'><strong>Rursu3‚</strong></span> <span class='ocrx_word' id='word_1_433' title='bbox 1808 4607 1921 4671; x_wconf 90' lang='lat' dir='ltr'><strong>per</strong></span> <span class='ocrx_word' id='word_1_434' title='bbox 1960 4590 2079 4652; x_wconf 92' lang='lat' dir='ltr'><strong>hoc</strong></span> <span class='ocrx_word' id='word_1_435' title='bbox 2119 4592 2290 4673; x_wconf 89' lang='lat' dir='ltr'><strong>quod</strong></span> <span class='ocrx_word' id='word_1_436' title='bbox 2334 4611 2442 4654; x_wconf 87' lang='lat' dir='ltr'><strong>an·</strong></span> <span class='ocrx_word' id='word_1_437' title='bbox 2550 4597 2698 4650; x_wconf 92' lang='lat' dir='ltr'><strong>sunt</strong></span> <span class='ocrx_word' id='word_1_438' title='bbox 2751 4606 2764 4650; x_wconf 77' lang='grc' dir='ltr'>ε</span> <span class='ocrx_word' id='word_1_439' title='bbox 2816 4596 2880 4650; x_wconf 88' lang='lat' dir='ltr'><strong>et</strong></span> <span class='ocrx_word' id='word_1_440' title='bbox 2929 4588 3043 4662; x_wconf 91' lang='lat' dir='ltr'><strong>sic,</strong></span> <span class='ocrx_word' id='word_1_441' title='bbox 3096 4589 3265 4670; x_wconf 90' lang='lat' dir='ltr'><strong>quod</strong></span> <span class='ocrx_word' id='word_1_442' title='bbox 3313 4589 3496 4669; x_wconf 87' lang='lat' dir='ltr'><strong>juxta</strong></span> <span class='ocrx_word' id='word_1_443' title='bbox 3545 4587 3896 4671; x_wconf 81' lang='lat' dir='ltr'><strong>praeinducta</strong></span> <span class='ocrx_word' id='word_1_444' title='bbox 3933 4587 3980 4642; x_wconf 86' lang='lat' dir='ltr'><strong>et</strong></span> 
     </span>
     <span class='ocr_line' id='line_1_43' title="bbox 933 4683 3980 4772; baseline -0.005 -19"><span class='ocrx_word' id='word_1_445' title='bbox 933 4690 1211 4772; x_wconf 91' lang='lat' dir='ltr'><strong>gelicum</strong></span> <span class='ocrx_word' id='word_1_446' title='bbox 1280 4689 1572 4752; x_wconf 90' lang='lat' dir='ltr'><strong>ordinem</strong></span> <span class='ocrx_word' id='word_1_447' title='bbox 1652 4687 2021 4750; x_wconf 85' lang='lat' dir='ltr'><strong>immediate</strong></span> <span class='ocrx_word' id='word_1_448' title='bbox 2092 4688 2435 4764; x_wconf 87' lang='lat' dir='ltr'><strong>illustrant,</strong></span> <span class='ocrx_word' id='word_1_449' title='bbox 2550 4688 2894 4749; x_wconf 89' lang='lat' dir='ltr'><strong>sententias</strong></span> <span class='ocrx_word' id='word_1_450' title='bbox 2945 4686 3156 4768; x_wconf 90' lang='lat' dir='ltr'><strong>magni</strong></span> <span class='ocrx_word' id='word_1_451' title='bbox 3205 4687 3510 4769; x_wconf 79' lang='lat' dir='ltr'><strong>Dionysii,</strong></span> <span class='ocrx_word' id='word_1_452' title='bbox 3559 4683 3874 4750; x_wconf 78' lang='lat' dir='ltr'><strong>Virtutibus</strong></span> <span class='ocrx_word' id='word_1_453' title='bbox 3911 4685 3980 4741; x_wconf 88' lang='lat' dir='ltr'><strong>at·</strong></span> 
     </span>
     <span class='ocr_line' id='line_1_44' title="bbox 934 4777 3980 4871; baseline -0.005 -19"><span class='ocrx_word' id='word_1_454' title='bbox 934 4788 1357 4871; x_wconf 85' lang='lat' dir='ltr'><strong>simplificant</strong></span> <span class='ocrx_word' id='word_1_455' title='bbox 1386 4795 1450 4848; x_wconf 91' lang='lat' dir='ltr'><strong>et</strong></span> <span class='ocrx_word' id='word_1_456' title='bbox 1481 4786 1813 4859; x_wconf 90' lang='lat' dir='ltr'><strong>reducunt,</strong></span> <span class='ocrx_word' id='word_1_457' title='bbox 1848 4786 2039 4848; x_wconf 87' lang='lat' dir='ltr'><strong>etiam</strong></span> <span class='ocrx_word' id='word_1_458' title='bbox 2082 4807 2230 4849; x_wconf 92' lang='lat' dir='ltr'><strong>cum</strong></span> <span class='ocrx_word' id='word_1_459' title='bbox 2267 4789 2438 4852; x_wconf 88' lang='lat' dir='ltr'><strong>Prin·</strong></span> <span class='ocrx_word' id='word_1_460' title='bbox 2550 4786 2862 4847; x_wconf 92' lang='lat' dir='ltr'><strong>tributum</strong></span> <span class='ocrx_word' id='word_1_461' title='bbox 2911 4793 3028 4859; x_wconf 87' lang='lat' dir='ltr'><strong>est,</strong></span> <span class='ocrx_word' id='word_1_462' title='bbox 3079 4784 3360 4866; x_wconf 86' lang='lat' dir='ltr'><strong>assignat</strong></span> <span class='ocrx_word' id='word_1_463' title='bbox 3417 4786 3742 4868; x_wconf 87' lang='lat' dir='ltr'><strong>Gregorius</strong></span> <span class='ocrx_word' id='word_1_464' title='bbox 3791 4777 3980 4844; x_wconf 87' lang='lat' dir='ltr'><strong>Princi-</strong></span> 
     </span>
     <span class='ocr_line' id='line_1_45' title="bbox 934 4883 3982 4971; baseline -0.003 -20"><span class='ocrx_word' id='word_1_465' title='bbox 934 4887 1255 4971; x_wconf 87' lang='lat' dir='ltr'><strong>cipatibus</strong></span> <span class='ocrx_word' id='word_1_466' title='bbox 1323 4884 1837 4949; x_wconf 89' lang='lat' dir='ltr'><strong>convenientiam</strong></span> <span class='ocrx_word' id='word_1_467' title='bbox 1906 4883 2215 4948; x_wconf 87' lang='lat' dir='ltr'><strong>obtinent.</strong></span> <span class='ocrx_word' id='word_1_468' title='bbox 2279 4887 2436 4950; x_wconf 89' lang='lat' dir='ltr'><strong>Cum</strong></span> <span class='ocrx_word' id='word_1_469' title='bbox 2549 4883 2824 4966; x_wconf 90' lang='lat' dir='ltr'><strong>patihus.</strong></span> <span class='ocrx_word' id='word_1_470' title='bbox 2859 4883 3260 4964; x_wconf 87' lang='lat' dir='ltr'><strong>Principatus</strong></span> <span class='ocrx_word' id='word_1_471' title='bbox 3289 4903 3465 4958; x_wconf 84' lang='lat' dir='ltr'><strong>vero,</strong></span> <span class='ocrx_word' id='word_1_472' title='bbox 3497 4884 3826 4948; x_wconf 89' lang='lat' dir='ltr'><strong>secundum</strong></span> <span class='ocrx_word' id='word_1_473' title='bbox 3863 4895 3982 4960; x_wconf 81' lang='lat' dir='ltr'><strong>prae-</strong></span> 
     </span>
     <span class='ocr_line' id='line_1_46' title="bbox 931 4981 3980 5067; baseline -0.005 -18"><span class='ocrx_word' id='word_1_474' title='bbox 931 4986 1191 5067; x_wconf 86' lang='lat' dir='ltr'><strong>Angelis</strong></span> <span class='ocrx_word' id='word_1_475' title='bbox 1229 4992 1445 5047; x_wconf 91' lang='lat' dir='ltr'><strong>autem</strong></span> <span class='ocrx_word' id='word_1_476' title='bbox 1485 4983 1983 5057; x_wconf 90' lang='lat' dir='ltr'><strong>communicant,</strong></span> <span class='ocrx_word' id='word_1_477' title='bbox 2020 4984 2084 5046; x_wconf 91' lang='lat' dir='ltr'><strong>in</strong></span> <span class='ocrx_word' id='word_1_478' title='bbox 2125 4993 2436 5066; x_wconf 86' lang='lat' dir='ltr'><strong>quantum</strong></span> <span class='ocrx_word' id='word_1_479' title='bbox 2547 4982 2785 5056; x_wconf 89' lang='lat' dir='ltr'><strong>habita,</strong></span> <span class='ocrx_word' id='word_1_480' title='bbox 2820 4989 2970 5044; x_wconf 91' lang='lat' dir='ltr'><strong>sunt</strong></span> <span class='ocrx_word' id='word_1_481' title='bbox 2998 4982 3108 5063; x_wconf 92' lang='lat' dir='ltr'><strong>qui</strong></span> <span class='ocrx_word' id='word_1_482' title='bbox 3141 4982 3441 5062; x_wconf 88' lang='lat' dir='ltr'><strong>gentibus</strong></span> <span class='ocrx_word' id='word_1_483' title='bbox 3474 4988 3909 5066; x_wconf 68' lang='lat' dir='ltr'><strong>praeponuntur,</strong></span> <span class='ocrx_word' id='word_1_484' title='bbox 3933 4981 3980 5035; x_wconf 85' lang='lat' dir='ltr'><strong>et</strong></span> 
     </span>
     <span class='ocr_line' id='line_1_47' title="bbox 936 5075 3981 5164; baseline -0.005 -16"><span class='ocrx_word' id='word_1_485' title='bbox 936 5084 1294 5149; x_wconf 86' lang='lat' dir='ltr'><strong>coelestium</strong></span> <span class='ocrx_word' id='word_1_486' title='bbox 1363 5081 1694 5144; x_wconf 84' lang='lat' dir='ltr'><strong>revelativi</strong></span> <span class='ocrx_word' id='word_1_487' title='bbox 1768 5090 1936 5155; x_wconf 91' lang='lat' dir='ltr'><strong>sunt,</strong></span> <span class='ocrx_word' id='word_1_488' title='bbox 1996 5101 2032 5144; x_wconf 92' lang='lat' dir='ltr'><strong>a</strong></span> <span class='ocrx_word' id='word_1_489' title='bbox 2090 5084 2437 5164; x_wconf 89' lang='lat' dir='ltr'><strong>superiori·</strong></span> <span class='ocrx_word' id='word_1_490' title='bbox 2549 5081 2878 5144; x_wconf 90' lang='lat' dir='ltr'><strong>communi</strong></span> <span class='ocrx_word' id='word_1_491' title='bbox 2908 5080 3079 5143; x_wconf 91' lang='lat' dir='ltr'><strong>bono</strong></span> <span class='ocrx_word' id='word_1_492' title='bbox 3107 5080 3466 5155; x_wconf 89' lang='lat' dir='ltr'><strong>hominum,</strong></span> <span class='ocrx_word' id='word_1_493' title='bbox 3491 5082 3838 5161; x_wconf 88' lang='lat' dir='ltr'><strong>ultimisque</strong></span> <span class='ocrx_word' id='word_1_494' title='bbox 3861 5075 3981 5137; x_wconf 88' lang='lat' dir='ltr'><strong>duo-</strong></span> 
     </span>
     <span class='ocr_line' id='line_1_48' title="bbox 936 5173 3979 5262; baseline -0.005 -17"><span class='ocrx_word' id='word_1_495' title='bbox 936 5183 1050 5245; x_wconf 94' lang='lat' dir='ltr'><strong>bus</strong></span> <span class='ocrx_word' id='word_1_496' title='bbox 1083 5181 1337 5262; x_wconf 90' lang='lat' dir='ltr'><strong>sibique</strong></span> <span class='ocrx_word' id='word_1_497' title='bbox 1367 5179 1784 5261; x_wconf 81' lang='lat' dir='ltr'><strong>superpositis</strong></span> <span class='ocrx_word' id='word_1_498' title='bbox 1805 5178 2154 5244; x_wconf 83' lang='lat' dir='ltr'><strong>Virtutibus</strong></span> <span class='ocrx_word' id='word_1_499' title='bbox 2185 5182 2436 5246; x_wconf 89' lang='lat' dir='ltr'><strong>divinas</strong></span> <span class='ocrx_word' id='word_1_500' title='bbox 2547 5181 2667 5243; x_wconf 91' lang='lat' dir='ltr'><strong>bus</strong></span> <span class='ocrx_word' id='word_1_501' title='bbox 2710 5178 2952 5242; x_wconf 82' lang='lat' dir='ltr'><strong>infimae</strong></span> <span class='ocrx_word' id='word_1_502' title='bbox 2991 5179 3366 5243; x_wconf 87' lang='lat' dir='ltr'><strong>hierarchiae</strong></span> <span class='ocrx_word' id='word_1_503' title='bbox 3405 5179 3746 5243; x_wconf 87' lang='lat' dir='ltr'><strong>ordinibus.</strong></span> <span class='ocrx_word' id='word_1_504' title='bbox 3777 5175 3879 5238; x_wconf 86' lang='lat' dir='ltr'><strong>Sed</strong></span> <span class='ocrx_word' id='word_1_505' title='bbox 3908 5173 3979 5234; x_wconf 85' lang='lat' dir='ltr'><strong>sic</strong></span> 
     </span>
     <span class='ocr_line' id='line_1_49' title="bbox 937 5277 3978 5363; baseline -0.003 -22"><span class='ocrx_word' id='word_1_506' title='bbox 937 5279 1441 5345; x_wconf 86' lang='lat' dir='ltr'><strong>illuminationes</strong></span> <span class='ocrx_word' id='word_1_507' title='bbox 1512 5277 1907 5342; x_wconf 88' lang='lat' dir='ltr'><strong>hierarchice</strong></span> <span class='ocrx_word' id='word_1_508' title='bbox 1985 5279 2430 5363; x_wconf 88' lang='lat' dir='ltr'><strong>suscipientes,</strong></span> <span class='ocrx_word' id='word_1_509' title='bbox 2545 5279 2807 5343; x_wconf 90' lang='lat' dir='ltr'><strong>nomine</strong></span> <span class='ocrx_word' id='word_1_510' title='bbox 2864 5278 3263 5361; x_wconf 89' lang='lat' dir='ltr'><strong>principatus</strong></span> <span class='ocrx_word' id='word_1_511' title='bbox 3322 5278 3656 5360; x_wconf 87' lang='lat' dir='ltr'><strong>Gregorius</strong></span> <span class='ocrx_word' id='word_1_512' title='bbox 3708 5295 3842 5339; x_wconf 90' lang='lat' dir='ltr'><strong>usus</strong></span> <span class='ocrx_word' id='word_1_513' title='bbox 3881 5288 3978 5335; x_wconf 88' lang='lat' dir='ltr'><strong>non</strong></span> 
     </span>
    </p>
   </div>
  </div>
 </body>
</html>
