4300 6259
1463 529 1752 581 arisi-ou
1801 530 2271 581 nuncumroau
3349 515 3427 580 19

324 698 606 783 legendi,
661 700 1012 783 scribendi,
1077 704 1332 785 orandi,
1395 704 1780 785 meditandi,
1843 707 2335 789 contemplandi
2390 728 2405 771 :
2468 710 2533 773 et
2589 708 2673 771 ad
2736 708 2806 771 id
2860 718 3073 788 usque
3128 706 3431 771 sanitatis

323 808 638 889 excrevit,
691 810 768 873 ut
820 827 970 891 quae
1025 810 1106 875 de
1158 810 1306 892 ipso
1358 812 1704 876 verissime
1757 813 2159 894 scribuntur,
2218 832 2383 896 pene
2442 815 2637 879 fldem
2696 814 3010 879 excedere
3060 813 3426 877 videantur.

324 913 454 977 Sed
507 916 684 996 apud
733 934 957 981 rerum
999 918 1450 999 spiritualium
1495 918 1745 1000 peritos
1791 920 2099 984 videntur
2137 922 2264 985 ista
2294 922 2680 985 admiranda
2720 921 3013 1003 quidem,
3057 920 3173 983 sed
3210 921 3432 983 tamen

324 1021 692 1101 possibilia,
751 1025 908 1105 quia
954 1024 1180 1088 omnia
1224 1043 1584 1107 possumus
1639 1027 1708 1089 in
1765 1044 1842 1091 eo
1897 1028 2012 1109 qui
2067 1046 2193 1092 nos
2246 1028 2596 1107 confortat,
2646 1030 2781 1093 imo
2836 1030 2903 1093 et
2958 1028 3099 1110 ipse
3146 1027 3435 1108 Spiritus

323 1126 598 1209 adjuvat
642 1131 1092 1195 infirmitatem
1143 1135 1464 1197 nostram.
1520 1133 1804 1215 Scripsit
1861 1151 2014 1217 ergo
2059 1136 2425 1217 Dionysius
2480 1138 2727 1215 noster,
2782 1136 2887 1199 vir
2938 1136 3121 1199 extra
3169 1149 3435 1197 omnem

326 1236 840 1301 controversiam
884 1238 1160 1301 scientia
1209 1239 1275 1301 et
1327 1238 1570 1321 pietate
1623 1240 2056 1321 admirabilis,
2107 1241 2190 1304 de
2240 1242 2543 1307 omnium
2594 1243 3022 1324 castigatione
3080 1240 3429 1319 ordinum,

327 1342 402 1404 ut
459 1342 639 1423 quod
693 1345 1142 1409 concionando
1203 1362 1336 1409 non
1393 1348 1674 1429 poterat,
1738 1347 1990 1411 calamo
2043 1346 2349 1413 efficeret.
2420 1350 2507 1414 Et
2570 1368 2653 1414 ne
2720 1350 2914 1413 Pater
2977 1346 3438 1413 sanctissimus

325 1448 598 1514 desidiae
661 1452 728 1515 et
785 1452 1040 1517 inertiae
1097 1454 1504 1536 argueretur,
1566 1455 1758 1535 quus
1813 1454 2028 1519 solent
2098 1454 2493 1539 plerumque
2556 1474 2829 1538 arguere
2885 1454 3095 1519 nostri
3150 1452 3439 1517 instituti

327 1556 758 1639 professores,
780 1559 878 1623 illi
916 1560 1032 1641 qui
1071 1561 1224 1625 vitae
1262 1564 1505 1626 nostrae
1535 1563 1728 1645 plane
1765 1563 2217 1647 imprudentes
2254 1566 2413 1628 sunt
2448 1567 2513 1629 et
2548 1565 2783 1647 ignari,
2818 1564 3199 1627 innumeras
3235 1561 3441 1625 edidit

329 1682 592 1729 summo
636 1666 859 1731 labore
895 1667 1408 1747 lucubrationeS,
1449 1670 1647 1751 atque
1690 1671 1862 1735 inter
1896 1688 2008 1735 eas
2045 1672 2247 1735 etiam
2278 1672 2419 1737 haec
2450 1672 2789 1755 opuscula,
2824 1670 3067 1753 quibus
3104 1668 3286 1733 verbi
3316 1669 3440 1732 Dei

328 1773 744 1856 praeconihus
788 1775 1268 1857 amplissimam
1317 1776 1567 1859 praebet
1615 1778 2048 1842 concionandi
2099 1780 2469 1861 materiam,
2536 1781 2610 1845 ut
2664 1779 2772 1843 hic
2832 1779 3069 1843 unicus
3125 1776 3291 1841 liber
3353 1776 3443 1839 sit

329 1881 520 1962 quasi
567 1881 714 1945 loco
773 1882 1161 1961 multorum,
1226 1900 1360 1947 non
1409 1883 1544 1947 illis
1603 1884 1974 1965 dumtaxat,
2025 1886 2143 1949 sed
2190 1888 2257 1949 et
2295 1887 2605 1951 omnibus
2658 1885 2903 1967 quibus
2952 1902 3035 1949 ex
3086 1882 3297 1948 officio
3336 1884 3440 1945 in-

329 1988 583 2052 cumbit
637 1989 918 2054 aliorum
971 2007 1195 2071 gerere
1238 2008 1462 2056 curam
1505 2010 1520 2053 ε
1564 2009 1714 2073 quae
1760 1994 1934 2057 certe
1983 1992 2376 2057 celsitudini
2414 1994 2573 2059 Tuae
2615 2012 2747 2058 non
2791 1993 3083 2074 vulgaris
3128 1990 3441 2073 imposita

331 2098 454 2177 est,
488 2114 866 2179 quanquam
913 2098 1164 2163 invitus
1211 2100 1377 2163 tanti
1423 2100 1694 2163 honoris
1739 2100 2000 2182 pondus
2041 2101 2112 2164 in
2154 2103 2221 2164 te
2263 2102 2607 2183 receperiS,
2648 2102 2725 2165 ut
2762 2102 3087 2165 testantur
3132 2099 3236 2161 vel
3280 2099 3439 2163 solae

330 2204 464 2269 illae
504 2204 792 2269 lacrimae
831 2222 996 2287 quas
1038 2207 1176 2270 tam
1218 2206 1486 2289 largiter
1527 2206 1820 2271 effudisti
1857 2225 2066 2289 quum
2107 2208 2175 2271 in
2214 2209 2580 2273 antistitem
2630 2209 2878 2273 electus
2928 2224 3129 2271 esseS.
3176 2205 3443 2271 Sciebas

331 2312 608 2377 enimin
647 2313 772 2376 hoc
807 2314 984 2377 statu
1021 2330 1154 2377 non
1193 2314 1416 2379 minus
1461 2331 1605 2379 esse
1647 2314 1868 2379 oneris
1902 2332 2102 2397 quam
2125 2315 2437 2379 honoris.
2472 2316 2645 2380 Hinc
2678 2316 2829 2396 jnre
2870 2314 3037 2379 mihi
3078 2313 3441 2397 persuadeo

329 2418 542 2484 Tuam
597 2418 1072 2484 Celsitudinem
1127 2420 1324 2485 talem
1377 2438 1449 2485 se
1507 2421 1978 2503 exhibituram,
2023 2424 2099 2486 ut
2143 2424 2283 2487 vita
2336 2440 2459 2488 sua
2512 2421 2823 2487 omnibus
2878 2421 2960 2484 ad
3018 2421 3443 2485 christianam

330 2526 642 2608 pietatem
703 2528 1130 2592 incitamento
1188 2529 1298 2592 sit.
1353 2528 1536 2594 Solet
1593 2530 1772 2593 enim
1829 2530 2223 2612 plerumque
2280 2531 2814 2613 sapientissimus
2864 2530 3045 2593 Deus
3102 2546 3216 2593 eos
3276 2545 3445 2609 quos

331 2633 414 2697 ad
451 2633 772 2699 sublimes
807 2636 1002 2698 vocat
1039 2634 1292 2717 titulos,
1325 2637 1524 2701 etiam
1563 2636 1730 2700 raris
1763 2634 2018 2701 afficere
2053 2655 2193 2701 suae
2239 2638 2466 2719 gratiae
2498 2635 2904 2714 muneribuS,
2938 2636 3135 2717 atque
3172 2636 3241 2699 in
3278 2635 3445 2697 alios

331 2758 604 2823 prorsus
654 2742 834 2805 viros
885 2742 1261 2807 immutare.
1317 2742 1523 2825 Atqui
1569 2742 1713 2807 Tua
1760 2742 2097 2808 Celsitudo
2155 2744 2449 2808 maxima
2490 2744 2629 2825 jam
2678 2743 2975 2825 percepit
3022 2743 3145 2807 Dei
3205 2742 3378 2805 dona
3424 2760 3440 2802 z

331 2867 480 2931 quae
509 2848 566 2913 si
595 2850 666 2913 in
693 2849 834 2913 dies
861 2850 1250 2932 augeantur,
1273 2850 1462 2915 crede
1492 2850 1682 2931 mihi,
1711 2850 2183 2932 sempiternam
2212 2852 2310 2915 tui
2348 2851 2430 2915 ad
2459 2852 2758 2933 posteros
2796 2866 3027 2913 omnes
3053 2848 3444 2913 memoriam

333 2958 762 3021 transmittes„

459 3064 706 3129 Verum
743 3082 826 3129 ne
864 3064 1202 3131 Celsitudo
1237 3064 1380 3130 Tua
1414 3066 1642 3131 divina
1687 3084 1758 3131 se
1799 3068 1987 3148 putet
2023 3084 2148 3149 ope
2199 3067 2607 3147 destitutam,
2648 3082 2795 3131 ecce
2834 3064 3256 3129 commodum
3284 3062 3443 3131 Tuae

334 3171 726 3239 celsitudini
778 3174 1004 3255 copias
1052 3173 1408 3239 auxiliares
1457 3174 1643 3237 misit
1687 3174 1892 3253 DeuS,
1934 3176 2281 3239 hominum
2328 3176 2501 3239 certe
2550 3174 2793 3257 pietate
2836 3172 3032 3255 atque
3076 3172 3443 3237 eruditione

333 3280 816 3363 praestantium,
873 3279 990 3363 qui
1034 3282 1356 3345 vocantur
1409 3280 1492 3345 de
1547 3280 1874 3346 Societate
1926 3282 2221 3345 nominis
2272 3282 2455 3346 Jesu.
2508 3280 2714 3345 Novit
2752 3298 2865 3345 eos
2901 3280 3043 3344 Tua
3080 3278 3439 3357 celsitudo,

335 3386 668 3468 siquidem
707 3386 962 3451 fructus
1004 3404 1176 3469 quos
1215 3387 1264 3451 ii
1308 3386 1626 3467 Coloniae,
1665 3388 1962 3470 sociique
1991 3405 2223 3453 eorum
2266 3390 2337 3451 in
2376 3388 2715 3453 Indiarum
2752 3389 2945 3453 terris
2981 3386 3447 3451 remotissimis

335 3494 404 3555 et
455 3494 676 3575 regnis
729 3493 1190 3575 amplissimis,
1239 3494 1558 3559 hactenus
1610 3496 1838 3559 nostro
1903 3494 2046 3559 orbi
2101 3495 2481 3577 incognitis,
2541 3495 2771 3560 multis
2834 3511 3099 3577 quoque
3162 3494 3447 3575 Europae

335 3600 526 3679 locis,
569 3600 992 3665 incredibiles
1033 3600 1308 3681 faciunt,
1348 3600 1512 3665 adeo
1562 3603 1722 3666 sunt
1768 3603 1992 3667 testati
2043 3604 2112 3667 et
2149 3602 2465 3681 illustres,
2507 3603 2585 3666 ut
2619 3602 2737 3683 qui
2780 3602 2879 3666 eis
2919 3600 3269 3681 caliginem
3324 3617 3445 3665 suo

335 3706 678 3771 mendacio
736 3707 1074 3772 offundere
1129 3706 1314 3787 velit,
1357 3708 1580 3789 ipsum
1637 3726 1710 3773 se
1761 3710 1988 3791 potius
2031 3709 2441 3773 dehonestet.
2490 3709 2737 3773 Parum
2784 3726 2825 3773 a
2880 3707 3153 3773 Clericis
3218 3707 3445 3772 habitu

335 3814 730 3895 discrepant,
781 3814 898 3877 sed
952 3815 1240 3878 multum
1301 3814 1676 3897 discrepant
1730 3816 2165 3897 professione.
2220 3816 2609 3879 Institutum
2672 3832 2903 3881 eorum
2968 3814 3101 3880 huc
3154 3816 3449 3879 maxime

335 3922 608 4003 spectat,
653 3922 728 3983 ut
769 3920 1188 4003 juventutem
1245 3921 1314 3985 in
1367 3922 1638 4003 scholiS‚
1679 3924 1745 3987 et
1781 3923 2106 4005 populum
2149 3923 2221 3985 in
2258 3922 2687 3987 concionibus
2732 3923 3019 4005 publicis
3063 3923 3130 3986 et
3168 3922 3445 4004 privatis

335 4026 891 4108 confaesionihuS,
941 4045 1302 4110 omnesque
1347 4028 1502 4093 illos
1549 4029 1665 4111 qui
1705 4048 1778 4095 se
1823 4046 2055 4095 eorum
2101 4029 2471 4112 disciplinae
2526 4030 2814 4112 tradunt,
2858 4031 2927 4093 in
2968 4030 3149 4094 omni
3200 4030 3443 4111 pietate

337 4152 538 4219 quam
587 4136 836 4218 optime
877 4136 1248 4199 instituant.
1291 4136 1442 4219 Ipse
1489 4137 1857 4219 Imperator
1899 4138 2124 4202 noster
2174 4137 2731 4203 clementissimus
2777 4138 2845 4202 in
2894 4139 3035 4203 suis
3080 4136 3444 4201 ditionibus

339 4244 588 4307 multos
623 4243 790 4307 tales
825 4243 966 4323 alit,
997 4244 1064 4307 et
1091 4260 1213 4308 sua
1249 4244 1594 4327 majestate
1621 4244 1840 4326 dignis
1879 4245 2060 4310 fovet
2085 4241 2423 4310 beneficiis
2454 4265 2470 4308 :
2504 4246 2683 4327 quod
2712 4246 2909 4311 etiam
2938 4244 3081 4310 Tua
3108 4244 3443 4310 Celsitudo

339 4352 540 4433 coepit
567 4349 924 4416 liberaliter
951 4352 1224 4433 imitari,
1268 4354 1344 4417 ut
1377 4354 1580 4417 tantis
1617 4353 1954 4418 laboribus
1989 4371 2181 4436 pares
2212 4371 2355 4418 esse
2384 4356 2629 4435 queant
2658 4353 2913 4419 viribus
2949 4354 3262 4435 corporis.
3295 4352 3445 4419 Non

337 4460 580 4524 desunt
614 4459 730 4540 qui
768 4458 866 4523 eis
899 4458 1268 4541 detrahant,
1300 4460 1415 4526 sed
1454 4478 1531 4525 eo
1560 4462 1828 4525 nomine
1856 4460 2252 4525 Christianis
2289 4460 2601 4526 omnibus
2642 4460 2881 4525 debent
2918 4478 3062 4526 esse
3098 4462 3438 4542 gratiores.

339 4568 490 4633 Non
528 4566 767 4630 docent
801 4568 878 4629 ut
925 4568 1136 4631 nostri
1177 4568 1562 4650 evangelici,
1595 4570 1889 4633 ventrem
1934 4586 2054 4652 pro
2105 4568 2230 4633 deo
2279 4569 2515 4649 colere,
2566 4570 2779 4633 otium
2830 4570 3089 4649 sectari,
3123 4568 3447 4652 voluptati

340 4693 416 4741 ac
462 4676 737 4739 vanitati
789 4676 990 4757 huius
1043 4676 1302 4741 miserae
1354 4677 1508 4741 vitae
1564 4694 1708 4741 esse
1756 4676 2038 4757 dedit08,
2095 4676 2213 4741 sed
2268 4694 2528 4741 carnem
2584 4694 2738 4742 cum
2792 4678 2975 4741 vitiis
3021 4680 3087 4742 et
3135 4678 3447 4760 concupi-

339 4784 610 4849 scentiis
652 4784 1051 4865 crucifigere.
1094 4783 1394 4858 Quorum
1441 4784 1572 4867 piis
1609 4786 1676 4849 et
1731 4784 2030 4849 honestis
2075 4784 2317 4848 studiis
2356 4802 2697 4867 nunquam
2746 4784 3129 4851 dubitamus
3165 4787 3445 4851 Celsitu·

337 4892 564 4956 dinem
581 4891 790 4957 Tuam
821 4892 1222 4957 defuturam.
1245 4892 1438 4967 Quod
1463 4894 1538 4957 ut
1569 4892 1762 4957 nobis
1789 4893 2034 4957 certius
2061 4894 2597 4975 pemuadaemuS,
2623 4892 2781 4956 facit
2807 4893 3018 4975 pietas
3042 4892 3447 4957 inviolabilis

339 5002 670 5085 majorum
723 5003 1016 5083 tuorum,
1069 5000 1406 5067 Comitum
1459 5020 1498 5065 a
1547 5000 1894 5082 Mansfeld,
1949 5001 2195 5083 quibus
2252 5001 2587 5083 praecipua
2646 5018 2799 5065 cura
2864 5001 2992 5065 fuit
3057 5001 3443 5081 religionem

341 5111 409 5177 et
435 5128 584 5191 quae
623 5111 708 5174 ad
733 5110 858 5173 Dei
896 5110 1150 5173 cultum
1187 5110 1540 5191 pertinent,
1577 5126 1816 5191 augere
1845 5126 2149 5192 semper:
2188 5125 2472 5191 quorum
2513 5109 2811 5191 vestigiis
2842 5110 2907 5173 et
2938 5107 3081 5173 Tua
3106 5107 3443 5174 Celsitudo

341 5236 582 5301 magna
635 5218 842 5281 animi
897 5217 1314 5283 contentione
1379 5219 1695 5301 perpetuo
1759 5218 1836 5282 ut
1881 5217 2171 5298 insistat,
2226 5218 2403 5282 votis
2456 5216 2837 5281 ardentibus
2892 5220 3221 5300 optamus.
3273 5218 3439 5301 Age,

341 5327 658 5410 Princeps
685 5326 1072 5407 clarissime,
1096 5324 1390 5389 Antistes
1411 5325 2010 5405 Reverendissime‚
2046 5324 2372 5407 quidquid
2410 5324 2613 5388 habes
2650 5326 2895 5391 virium
2923 5326 2992 5389 in
3023 5326 3265 5391 Christi
3298 5328 3442 5409 glo·
