4300 6259
838 471 918 536 96
1454 489 1877 536 amiternum
1918 487 2378 536 ruinosorch.
2425 505 2505 516 —
2547 489 2626 533 nn
2669 489 2811 546 υΝο,
2859 490 3015 536 vano
3057 491 3132 536 m·
3171 490 3330 537 nono

841 677 1067 732 unum,
1101 665 1253 740 puta
1285 675 1411 721 non
1443 675 1602 740 pure
1632 664 1696 720 et
1732 655 2069 721 omnifarie
2110 674 2335 730 unum,
2366 655 2417 718 A
2452 657 2724 720 versatio
2782 657 3031 740 legibus
3088 666 3278 740 atque
3327 659 3662 742 praeceptis
3709 658 3964 721 divinis

843 756 955 818 sed
995 775 1196 819 unum
1236 763 1300 818 et
1339 756 1492 819 item
1534 756 1810 830 unitum,
1846 755 1909 817 id
1947 761 2044 818 est
2080 773 2158 817 ex
2201 754 2339 836 plu-

844 853 1022 916 ribus
1080 863 1397 926 constanS,
1447 861 1557 916 aut
1614 855 1798 936 plura
1854 853 1919 916 in
1979 871 2046 915 se
2096 851 2338 914 habens

842 959 906 1013 et
942 950 1293 1014 continenS.
1330 951 1487 1014 Hinc
1519 951 1773 1014 Proclus
1812 951 2115 1013 disseruit
2146 967 2160 1011 ε
2197 948 2341 1013 Om-

842 1069 921 1112 ne
967 1050 1219 1112 unitum
1263 1050 1535 1112 alterum
1580 1057 1676 1111 est
1715 1069 1752 1110 a
1796 1068 1909 1131 per
1954 1067 2020 1110 se
2066 1066 2214 1111 uno.
2262 1047 2340 1108 Et

842 1166 1061 1210 rursus
1104 1165 1119 1208 :
1161 1146 1359 1211 Omne
1395 1147 1566 1228 quod
1606 1147 1684 1209 fit
1726 1166 1950 1220 unum,
2000 1146 2335 1229 participa-

840 1245 1011 1308 tione
1061 1246 1252 1309 unius
1300 1245 1379 1307 fit
1424 1263 1668 1324 unum3
1718 1246 2073 1308 secundum
2122 1250 2335 1306 autem

837 1344 1006 1425 quod
1037 1345 1310 1406 sustinet
1338 1342 1881 1425 participationem
1912 1343 2340 1416 uniuS,unum

838 1441 1508 1524 est.ltemque:0mne
1537 1442 1706 1523 quod
1740 1441 2079 1523 participat
2108 1458 2333 1514 unum,

841 1547 906 1603 et
948 1560 1148 1603 unum
1194 1547 1291 1602 est
1333 1547 1398 1603 et
1438 1557 1565 1602 non
1609 1557 1829 1602 unum.

1218 1811 1738 1877 PROPOSITIO
1784 1810 1961 1874 XCI.

726 2097 733 2102 .
916 2035 1217 2100 Verum
1272 2033 1356 2099 et
1403 1996 1718 2098 veritas·
1766 2031 2023 2096 variis
2078 2029 2338 2095 modis

840 2125 1241 2212 dicuntur,
1300 2144 1391 2196 ao
1462 2128 2031 2210 mu1t1p1101ter
2097 2127 2338 2194 rebus

839 2230 1345 2296 conveniunt.

920 2326 1096 2400 Quod
1136 2332 1254 2401 est,
1295 2325 1599 2408 quoniam
1641 2324 1931 2407 quaedam
1971 2331 2067 2386 est
2106 2323 2338 2385 veritas

843 2426 959 2499 rei,
1004 2443 1145 2506 quae
1183 2431 1280 2486 est
1320 2423 1459 2504 ipsa
1498 2429 1721 2484 natura
1752 2441 1863 2484 seu
1894 2423 2123 2484 entitas
2154 2421 2336 2502 ejus3

842 2524 1133 2606 quaedam
1164 2529 1260 2584 est
1289 2522 1523 2584 veritas
1555 2521 2031 2604 propositioniS,
2065 2539 2207 2602 quae
2243 2527 2341 2582 est

840 2622 907 2684 in
954 2621 1387 2704 propositione
1429 2627 1731 2700 tanquam
1777 2620 1840 2680 in
1887 2619 2089 2700 signo,
2138 2618 2202 2679 in
2250 2617 2340 2680 in-

838 2721 1097 2784 tellectu
1142 2726 1354 2781 autem
1402 2726 1473 2780 ut
1516 2719 1580 2780 in
1622 2717 1930 2798 subjecto.
1965 2717 2140 2781 Unde
2181 2717 2342 2779 dixit

836 2816 1259 2899 Philosophus
1311 2834 1325 2878 t
1378 2816 1624 2878 Bonum
1674 2823 1738 2878 et
1784 2815 2025 2877 malum
2073 2823 2224 2878 sunt
2273 2814 2338 2877 in

840 2915 1073 2994 rebus;
1132 2933 1357 2977 verum
1417 2920 1481 2976 et
1537 2913 1793 2987 falsum,
1854 2913 1919 2974 in
1980 2912 2331 2975 intellectu.

2449 755 2730 835 regulata
2771 774 2844 818 ac
2892 756 3308 831 conformata,
3355 765 3671 840 rectaeque
3718 754 3964 820 rationi

2446 869 2520 912 ac
2576 852 2922 915 virtutibus
2980 871 3275 917 consona.
3331 855 3575 917 Veritas
3633 871 3784 918 vero
3840 853 3965 916 do-

2447 949 2666 1013 ctrinae
2696 958 2792 1012 est
2822 951 2960 1033 ipsa
2989 951 3323 1014 instructio
3352 951 3732 1015 falsitatibus
3759 959 3961 1034 atque

2448 1047 2772 1109 erroribus
2835 1066 3077 1112 carens,
3131 1049 3376 1112 Veritas
3441 1050 3702 1112 demum
3759 1049 3961 1130 justi-

2446 1145 2550 1208 tiae
2581 1153 2678 1207 est
2705 1146 2968 1227 aequitas
3013 1147 3152 1229 ipsa
3180 1166 3217 1209 a
3247 1147 3510 1210 fictione
3550 1147 3963 1229 duplicitate-

2448 1262 2572 1325 que
2628 1243 2858 1318 aliena,
2905 1263 3016 1307 seu
3065 1263 3216 1307 vera
3259 1245 3530 1326 justitia,
3587 1264 3704 1308 nec
3760 1245 3963 1308 nimi-

2448 1361 2557 1403 um
2603 1342 2906 1422 rigorosa,
2958 1361 3075 1405 nec
3125 1343 3319 1406 nimis
3373 1344 3530 1406 laxa.
3584 1345 3672 1406 De
3721 1343 3819 1406 his
3881 1344 3960 1406 in

2449 1440 2954 1503 Elementatione
2998 1441 3354 1523 theologica
3397 1461 3509 1505 seu
3555 1437 3960 1524 Compendio‘

2446 1538 2779 1619 theologiae
2820 1540 3028 1622 aptior
3073 1539 3247 1602 locus
3291 1548 3388 1603 est
3427 1540 3802 1603 disserendi.
3837 1541 3964 1604 Est

2446 1637 2636 1699 etiam
2683 1638 2916 1700 veritas
2958 1656 3101 1720 quae
3145 1638 3380 1701 dicitur
3421 1639 3626 1701 virtus
3663 1639 3956 1713 moraliS,

2447 1752 2562 1815 per
2593 1753 2784 1815 quam
2817 1735 2962 1817 quis
2997 1734 3059 1796 in
3093 1735 3308 1798 verbis
3338 1743 3400 1797 et
3431 1735 3618 1798 factis
3650 1755 3717 1799 se
3755 1735 3962 1798 habet

2364 1836 2411 1899 B
2447 1831 2800 1905 sinceriter,
2837 1839 3026 1914 prout
3069 1832 3243 1894 intus
3287 1833 3579 1895 intendit.

2526 1932 2606 1993 At
2660 1947 2811 1992 vero
2865 1930 3114 1992 veritati
3169 1930 3282 2004 rei,
3335 1950 3477 2013 quae
3524 1932 3963 1995 essentialiter

2447 2028 2679 2090 veritas
2727 2035 2844 2101 est,
2889 2036 3042 2110 puta
3087 2029 3337 2091 veritati
3382 2029 3699 2104 increatae‚
3750 2048 3960 2112 oppo-

2447 2126 2622 2188 nitur
2679 2126 2923 2189 vanitas
2981 2127 3293 2207 quaedam‚
3345 2127 3522 2190 omni
3573 2127 3664 2190 rei
3723 2135 3962 2191 creatae

2448 2225 2830 2298 communiS,
2874 2244 3015 2306 quae
3055 2233 3152 2287 est
3194 2225 3647 2288 defectibilitas
3690 2245 3728 2288 a
3770 2244 3954 2299 vero,

2448 2323 2639 2405 pleno
2685 2329 2750 2384 et
2797 2322 3308 2386 incommutabili
3350 2342 3509 2386 esse.
3557 2325 3733 2387 Unde
3777 2324 3960 2387 Salo-

2451 2440 2597 2485 mon
2645 2421 2928 2503 loquitur
2963 2440 2976 2483 :
3009 2422 3266 2484 Vanitas
3305 2422 3679 2496 vanitatum,
3711 2430 3774 2485 et
3811 2441 3956 2486 om·
3987 2443 4152 2488 Eoeie.
4175 2445 4250 2492 ια.

2450 2521 2555 2582 nia
2597 2520 2862 2582 vanitas.
2900 2520 3041 2583 Haec
3080 2520 3326 2583 vanitas
3367 2521 3728 2603 appellatur
3757 2522 3957 2584 inter-

2449 2619 2602 2680 dum
2637 2618 2911 2681 labilitas
2959 2626 3284 2692 creaturae,
3321 2620 3471 2702 quia
3509 2619 3588 2682 de
3627 2639 3695 2683 se
3733 2619 3957 2683 labilis

2449 2717 2894 2798 vertibilisque
2954 2717 3247 2780 consistit
3297 2717 3362 2779 in
3415 2717 3601 2792 nihil,
3655 2717 3820 2780 sicut
3865 2737 3956 2780 ex

2452 2815 2655 2878 nihilo
2705 2822 2802 2877 est
2845 2823 3074 2889 creata,
3126 2815 3251 2878 nisi
3304 2816 3580 2898 desuper
3621 2833 3962 2880 conserva·

2453 2921 2646 2977 retur.

840 3015 1000 3077 Hinc
1042 3013 1274 3075 veritas
1321 3012 1439 3074 ista
1475 3010 1881 3086 describitur,
1917 3011 2085 3092 quod
2124 3011 2208 3072 sit
2235 3011 2338 3072 ad·
2367 3008 2410 3072 C
2536 3013 2878 3085 PostremO,
2931 3011 3164 3074 veritas
3210 3011 3420 3074 adhuc
3468 3011 3812 3095 dupliciter
3847 3033 3959 3076 su-

840 3112 1114 3194 aequatio
1171 3129 1283 3172 seu
1352 3110 1771 3172 conformatio
1830 3109 2193 3172 intellectus
2260 3108 2337 3169 ad

842 3229 977 3273 rem
1023 3209 1432 3272 intellectam.

920 3309 1207 3390 Denique
1235 3314 1333 3370 est
1368 3306 1602 3370 veritas
1633 3313 1861 3380 creata,
1894 3313 1959 3368 et
1986 3305 2218 3368 veritas
2251 3304 2342 3366 iu-

842 3413 1068 3469 creata.
1104 3406 1181 3467 Et
1224 3405 1392 3467 sicut
1435 3405 1515 3467 ab
1561 3422 1687 3467 uno
1731 3405 1912 3467 vultu
1960 3404 2026 3464 in
2069 3402 2340 3465 diversis

841 3504 1119 3588 speculis
1153 3504 1369 3586 plures
1410 3503 1749 3584 refulgent,
1784 3502 2095 3564 resultant
2133 3518 2207 3562 ac
2248 3519 2340 3562 re-

842 3609 1305 3686 praesentantur
1364 3600 1876 3678 similitudines3
1927 3600 2013 3661 ita
2079 3598 2159 3660 ab
2219 3617 2342 3659 una

840 3708 1076 3765 aeterna
1106 3700 1509 3780 increataque
1530 3699 1794 3761 veritate
1824 3697 2210 3771 derivantur,
2226 3697 2341 3759 im·

841 3799 1209 3882 primuntur
1256 3817 1329 3860 ac
1382 3797 1633 3878 fulgent
1683 3797 1872 3859 variae
1919 3795 2218 3858 veritates
2275 3796 2340 3857 in

842 3895 1151 3960 creaturis
1170 3914 1243 3958 ac
1267 3915 1479 3959 rerum
1504 3895 1767 3957 naturis
1794 3893 2341 3968 Quemadmodum

842 3997 1035 4059 etiam
1081 3995 1147 4058 in
1191 3995 1413 4057 eodem
1462 3993 1724 4076 speculo
1769 3993 1986 4055 multae
2034 4000 2346 4075 apparent

842 4094 1297 4158 similitudines
1346 4092 1743 4154 diversarum
1789 4091 2097 4153 facierum
2146 4090 2343 4172 inspi-

2455 3110 2669 3172 mitur.
2731 3109 2960 3184 Prim0‚
3021 3117 3211 3191 prout
3268 3109 3528 3172 falsitati
3584 3112 3956 3193 opponitur.

2451 3208 2765 3282 Secundo,
2824 3214 3013 3290 prout
3068 3207 3412 3289 opponitur
3468 3209 3878 3288 permixtioni
3937 3227 3955 3271 ε

2448 3306 2628 3386 juxta
2675 3323 2865 3387 quem
2920 3305 3179 3368 modum
3230 3305 3504 3367 dicimus
3562 3325 3785 3368 verum
3845 3326 3962 3369 au-

2452 3423 2619 3478 rum,
2654 3404 2755 3465 cui
2789 3403 2949 3465 nihil
2995 3403 3234 3466 metalli
3275 3403 3538 3467 alterius
3569 3412 3670 3468 est
3707 3405 3960 3467 admix-

2452 3509 2609 3563 tum.
2659 3501 2890 3583 Sicque
2935 3501 3053 3564 soli
3100 3502 3399 3563 convenit
3441 3503 3591 3576 Deo,
3637 3503 3743 3565 cui
3788 3502 3958 3564 nihil

2452 3602 2529 3663 de
2574 3617 2700 3662 non
2747 3617 2907 3673 esse,
2949 3599 3110 3661 nihil
3157 3599 3557 3682 privationiS,
3596 3601 3688 3664 nil
3731 3607 3957 3683 poten-

2452 3695 2760 3770 tialitatis,
2797 3697 2887 3758 nil
2932 3697 3318 3759 diversitatis
3362 3705 3474 3759 aut
3514 3698 3957 3762 extraneitatis

2452 3797 2807 3858 admixtum
2857 3802 2970 3857 est.
3024 3795 3328 3858 Essentiae
3377 3813 3634 3877 quoque
3681 3815 3791 3862 seu
3841 3815 3958 3858 na-

2451 3904 2610 3958 turae
2654 3895 2768 3969 rei,
2801 3893 3034 3956 veritas
3078 3892 3318 3976 duplici
3371 3894 3612 3956 ratione
3651 3894 3960 3958 adscribi·

2453 4002 2574 4055 tur.
2608 3993 2841 4066 Prim0‚
2875 3992 3026 4073 quia
3058 4011 3171 4074 per
3200 4011 3338 4055 eam
3373 4011 3472 4054 res
3510 3993 3648 4074 ipsa
3675 3993 3962 4056 ostendit

2455 4111 2522 4154 se
2569 4091 2736 4154 sicut
2767 4098 2885 4164 est,
2919 4098 3231 4171 quantum
3266 4097 3363 4153 est
3405 4091 3484 4153 de
3528 4109 3614 4165 se,
3655 4091 3956 4172 quamvis

842 4193 1151 4256 cientium
1200 4190 1403 4268 illud3
1437 4190 1530 4251 sic
1571 4190 1859 4252 omnium
1907 4197 2342 4251 creaturarum
2375 4187 2424 4248 D
2455 4191 2576 4252 hoc
2618 4187 2834 4251 nullus
2880 4188 3256 4251 consideret.
3305 4188 3536 4271 Sicque
3580 4189 3811 4252 veritas
3854 4197 3960 4252 est

843 4291 1142 4355 veritates
1182 4289 1248 4349 in
1287 4288 1506 4349 divina
1545 4286 1863 4367 refulgent
1897 4287 2174 4348 essentia
2211 4294 2345 4348 tan-

844 4407 1036 4471 quam
1084 4387 1149 4448 in
1194 4385 1789 4467 superlucidissimo
1834 4383 2097 4466 speculo
2142 4401 2157 4445 τ
2204 4404 2346 4467 quae

845 4486 1142 4549 veritates
1174 4484 1239 4546 in
1272 4490 1485 4545 mente
1516 4482 1733 4544 divina
1764 4489 1914 4544 sunt
1953 4482 2109 4544 ideae
2148 4489 2213 4544 et
2241 4500 2345 4544 ex-

846 4585 1164 4668 emplares
1197 4583 1471 4646 rationes
1502 4589 1955 4644 creaturarum.
1994 4583 2080 4644 De
2109 4580 2346 4665 quibus

847 4687 913 4749 in
963 4683 1244 4747 secundo
1291 4680 1509 4744 'rimaei
1558 4680 1859 4742 disseruit
1900 4679 2070 4742 Plato
2118 4696 2147 4742 ε.
2179 4681 2346 4742 Deus

848 4792 920 4846 ut
960 4801 1140 4845 mens
1179 4781 1365 4862 cujus
1408 4779 1583 4843 visus
1628 4777 2211 4860 contemplatioque
2256 4778 2346 4839 in-

848 4882 1161 4954 tellectuS,
1197 4880 1482 4942 idearum
1513 4896 1747 4958 genera
1777 4876 2247 4958 contemplatur
2279 4875 2343 4938 in

847 4979 1235 5061 intelligibili
1282 4978 1539 5041 mundo,

927 5079 1242 5162 AmpliuS,
1276 5077 1507 5140 veritas
1540 5075 1738 5138 dividi
1780 5073 2113 5137 consuevit
2144 5072 2208 5135 in
2240 5091 2343 5135 ve·

848 5183 1100 5245 ritatem
1150 5178 1317 5250 vitae,
1370 5175 1703 5239 veritatem
1752 5173 2077 5244 doctrinae,
2128 5180 2193 5234 et
2242 5190 2346 5235 ve-

848 5281 1098 5346 ritatem
1158 5275 1442 5358 justitiae.
1513 5273 1757 5336 Veritas
1816 5271 1963 5335 vitae
2030 5278 2128 5333 est
2195 5287 2342 5332 con-

2454 4287 2614 4349 ratio
2659 4304 2773 4368 per
2816 4304 3006 4367 quam
3051 4304 3164 4348 ens
3204 4293 3302 4347 est
3340 4285 3545 4367 ipsius
3588 4285 3956 4350 intellectus

2454 4385 2781 4466 objectum
2836 4401 2848 4446 :
2902 4383 3205 4465 quoniam
3255 4383 3379 4446 nisi
3429 4401 3531 4446 res
3590 4391 3736 4447 nata
3783 4393 3958 4448 esset

2453 4483 2786 4547 ostendere
2836 4481 3005 4563 quod
3052 4489 3170 4554 est,
3218 4498 3340 4544 non
3393 4489 3610 4564 posset
3655 4482 3950 4565 intelligi.

2453 4584 2904 4645 Verumtamen
2951 4580 3112 4643 ratio
3155 4580 3264 4642 illa
3307 4598 3434 4642 non
3473 4588 3570 4642 est
3610 4581 3816 4663 primo
3856 4581 3958 4645 in-

2455 4681 2727 4752 tellecta,
2789 4679 2897 4741 sed
2967 4697 3068 4741 res
3133 4677 3442 4741 absolute.
3504 4678 3817 4752 Secundo,
3881 4679 3953 4743 in

2453 4785 2762 4862 quantum
2820 4795 2921 4838 res
2981 4793 3095 4858 per
3151 4795 3330 4838 suam
3401 4763 3740 4838 essentiam
3800 4795 3954 4840 con·

2453 4877 2767 4940 formatur
2797 4874 3200 4956 conceptioni
3234 4873 3597 4937 intellectus
3627 4875 3850 4949 divini,
3886 4884 3955 4940 et

2455 4975 2684 5038 rationi
2733 4992 2863 5036 suae
2913 4971 3262 5055 exemplari
3311 4979 3502 5054 atque
3551 4973 3707 5036 ideae
3753 4993 3952 5055 quam

2453 5073 2645 5136 habet
2685 5073 2749 5133 in
2791 5090 2882 5133 ea.
2919 5072 3078 5133 Hinc
3123 5071 3404 5151 loquitur
3432 5071 3756 5134 Avicenna
3790 5089 3803 5134 :
3835 5072 3956 5136 Ve-

2451 5173 2602 5235 ritas
2635 5171 2725 5233 rei
2764 5177 2860 5232 est
2898 5169 3251 5251 proprietas
3289 5168 3387 5231 sui
3428 5186 3590 5244 esse,
3624 5170 3792 5252 quod
3829 5178 3956 5234 sta-

2452 5271 2708 5334 bilitum
2752 5275 2848 5332 est
2889 5269 2967 5331 ei.
