4300 6259
842 453 963 518 480

1398 473 1477 519 DE
1518 472 1743 520 mmm:
1785 471 2166 519 CHRISTIANAE
2208 470 2507 528 mnoRIAE,
2553 471 2726 519 mmm
2769 474 2830 520 11.
2876 492 2956 503 -
2996 474 3136 520 AM.
3181 473 3412 521 Lxxvm

842 639 918 702 fit
976 649 1123 704 actu
1182 641 1324 706 tale.
1386 642 1523 706 Non
1582 661 1731 725 ergo
1789 648 1996 725 potest
2054 641 2342 704 naturale
2377 642 2428 704 A
2455 650 2904 725 terrumpatur.
2965 643 3110 707 Ideo
3175 643 3262 707 ait
3326 643 3716 717 Aristoteles,
3767 645 3930 726 quod

838 757 1032 820 agens
1064 749 1433 804 convertere
1466 741 1828 823 subjectum
1851 741 1915 802 in
1950 739 2335 821 subjectum.

838 837 930 900 Ex
979 839 1276 921 opposito
1326 839 1539 921 igitur,
1596 859 1795 922 quum
1854 839 2087 902 divinae
2142 839 2338 900 virtu-

837 935 919 998 tis
963 937 1299 1000 causalitas
1344 939 1481 1001 sine
1529 947 1701 1001 motu
1748 946 2067 1021 operetur,
2103 937 2338 1019 ipsam-

837 1053 962 1116 que
1004 1035 1334 1098 materiam
1376 1054 1502 1099 non
1544 1044 1793 1099 tantum
1836 1043 1903 1098 ut
1940 1042 2034 1098 est
2075 1043 2332 1116 quanta,

836 1133 945 1194 sed
977 1133 1171 1195 etiam
1205 1143 1275 1196 ut
1304 1141 1399 1196 est
1430 1135 1607 1216 quid,
1640 1135 1927 1215 attingat,
1962 1140 2334 1195 convertere

837 1231 1058 1314 utique
1117 1239 1325 1314 potest
1383 1232 1749 1313 subjectum
1810 1232 1873 1293 in
1940 1231 2330 1313 subjectum,

835 1337 898 1392 et
942 1329 1361 1392 substantiam
1402 1331 1567 1393 hanc
1610 1331 1672 1393 in
1716 1329 1888 1392 illam
1926 1347 1939 1390 ε
1976 1329 2113 1412 ipsa
2157 1329 2330 1391 enim

838 1429 1101 1492 materia
1131 1429 1633 1492 substantialiter
1662 1429 1895 1492 divinae
1936 1427 2154 1490 virtuti
2187 1428 2333 1490 sub-

830 1527 998 1609 jecta
1042 1535 1158 1602 est,
1216 1548 1415 1611 quum
1471 1547 1584 1610 per
1635 1546 1776 1590 eam
1823 1528 2212 1609 producatur
2265 1527 2330 1588 in

834 1646 993 1691 esse.

914 1725 1489 1807 Contemplandum
1550 1725 1763 1805 igitur,
1815 1725 1983 1806 quod
2038 1724 2174 1786 11ωο
2223 1742 2328 1805 pa—

2454 741 2527 802 ad
2603 742 2908 804 unitatem
2980 751 3192 804 motus
3260 743 3668 825 requirantur
3731 743 3932 804 unitas

2455 839 2732 912 mobiliS,
2779 841 2989 902 unitas
3029 840 3338 922 temporis
3377 849 3441 902 et
3484 841 3693 902 unitas
3727 840 3932 902 termi-

2452 937 2514 998 ni
2564 941 2653 998 ad
2703 958 2910 1017 quem.
2963 937 3368 1020 Impossibile
3419 945 3518 1000 est
3571 938 3762 1018 igitur
3813 957 3934 1000 mo-

2449 1043 2586 1097 tum
2627 1036 3080 1118 interruptum,
3114 1054 3386 1099 numero
3433 1036 3730 1098 eumdem
3778 1035 3936 1098 redi-

2447 1152 2536 1196 re.
2581 1133 2701 1197 Sed
2744 1135 2823 1196 de
2863 1135 3106 1196 ratione
3151 1133 3502 1198 numeralis
3547 1135 3806 1196 unitatis
3847 1135 3933 1196 rei

2449 1233 2903 1312 permanentiS,
2938 1251 3063 1295 non
3104 1241 3200 1294 est
3240 1233 3450 1294 unitas
3489 1231 3797 1313 temporis
3825 1249 3934 1293 seu

2447 1331 2852 1394 continuitas.
2913 1331 3048 1394 Non
3110 1348 3261 1412 ergo
3327 1339 3642 1413 repugnat
3703 1339 3934 1394 naturae

2445 1448 2658 1491 rerum
2708 1431 3224 1511 permanentium
3269 1436 3339 1491 ut
3381 1430 3622 1494 eaedem
3674 1446 3935 1492 numero

2445 1529 2724 1604 redeant,
2780 1547 2856 1590 ex
2907 1537 3086 1611 parte
3134 1529 3446 1612 producti.
3487 1528 3608 1592 Sed
3648 1547 3725 1590 ex
3763 1537 3934 1610 parte

2445 1625 2616 1688 modi
2675 1627 3092 1708 producendi,
3145 1627 3208 1689 id
3271 1627 3486 1710 ipsum
3546 1627 3641 1689 rei
3697 1644 3936 1708 perma—

2440 1724 2652 1786 nentis
2699 1732 2938 1788 naturae
2987 1742 3342 1806 repugnare
3401 1725 3732 1806 contingit.
3781 1725 3934 1787 Nam

834 1827 933 1890 nis
963 1845 1036 1889 ac
1068 1826 1202 1889 vini
1237 1827 1301 1888 in
1334 1843 1591 1890 carnem
1631 1843 1705 1886 ac
1746 1823 2122 1904 sanguinein
2158 1823 2329 1886 Chri·
2367 1822 2415 1886 B
2444 1842 2666 1905 quum,
2702 1829 2770 1884 ut
2795 1823 2928 1903 jam
2960 1823 3252 1886 habitum
3281 1831 3399 1896 est,
3432 1823 3720 1885 naturale
3748 1841 3936 1904 agens

832 1926 911 1988 sti
965 1924 1317 1997 eonversi⁰‚
1371 1923 1632 1986 alterius
1677 1929 1773 1984 est
1818 1921 2145 1994 maneriei,
2200 1922 2332 1984 imo

838 2042 1001 2107 pene
1050 2023 1327 2106 oppositi
1380 2021 1549 2086 modi
1597 2041 1633 2083 a
1691 2021 2106 2084 conversione
2157 2028 2334 2082 natu-

835 2123 971 2187 rali.
1018 2123 1084 2184 111
1132 2123 1309 2185 omni
1353 2122 1524 2183 enim
1573 2119 1990 2182 conversione
2034 2118 2330 2194 naturali,

836 2221 971 2286 sive
1019 2220 1127 2282 illa
1170 2220 1552 2282 terminetur
1590 2219 1666 2281 ad
1706 2237 1845 2280 esse
1888 2217 2328 2291 substantiale,

836 2320 1002 2382 sicut
1044 2320 1197 2382 dum
1237 2339 1314 2382 ex
1358 2337 1502 2381 aere
1543 2317 1619 2380 fit
1662 2317 1849 2398 ignis,
1890 2317 2025 2379 sive
2069 2316 2146 2377 ad
2192 2334 2331 2377 0550

835 2418 1245 2492 accidentale,
1280 2425 1351 2481 ut
1388 2437 1587 2500 quum
1630 2435 1707 2478 ex
1746 2415 1891 2478 albo
1928 2415 2007 2477 sit
2050 2415 2328 2496 nigrum,

836 2527 1167 2602 permanet
1210 2518 1378 2580 idem
1420 2516 1807 2597 subjectum,
1841 2515 2196 2578 accidentia
2227 2532 2332 2576 ve-

833 2636 905 2681 ro
936 2624 1281 2680 transeunt.
1316 2618 1385 2678 ln
1426 2616 1544 2678 hac
1582 2633 1733 2678 vero
1772 2614 2107 2676 benedicta
2136 2621 2333 2675 trans-

830 2715 1382 2788 substantiatione,
1416 2713 1780 2795 subjectum
1814 2712 2061 2785 transit,
2082 2718 2145 2774 et
2173 2712 2334 2774 acci-

830 2815 1047 2877 dentia
1092 2821 1499 2896 perseverant
1534 2830 1548 2874 :
1586 2812 1855 2892 ideoque
1896 2810 2333 2873 substantialis

831 2913 1085 2975 dicitur.
1126 2911 1455 2975 Naturales
1494 2929 1645 2973 vero
1687 2909 2160 2983 conversioneS,
2211 2909 2330 2972 for-

2442 1939 2556 2002 per
2617 1929 2860 1984 motum
2921 1930 3159 1996 causet,
3222 1921 3365 1984 ideo
3425 1922 3488 1983 id
3547 1922 3736 2002 cujus
3791 1921 3936 1983 sub-

2441 2020 2671 2082 stantia
2721 2021 2935 2102 periit,
2991 2021 3160 2083 idem
3211 2038 3480 2083 numero
3531 2021 3597 2082 in
3647 2039 3788 2083 esse
3845 2039 3935 2082 re-

2441 2119 2674 2182 ducere
2707 2120 2946 2200 nequit.
2982 2120 3111 2182 Hoc
3142 2139 3420 2202 namque
3453 2119 3643 2182 fieret
3670 2119 3936 2182 diversis

2443 2219 2742 2282 motibus.
2777 2219 2897 2283 Sed
2937 2220 3173 2282 diversi
3221 2228 3428 2282 motus
3465 2220 3544 2282 ad
3592 2219 3936 2281 terminum

2441 2335 2710 2380 numero
2751 2319 3052 2380 eumdem
3095 2319 3428 2381 terminari
3471 2335 3601 2381 non
3651 2325 3931 2400 possunt.

2441 2415 2718 2478 Diversis
2769 2435 2919 2497 ergo
2964 2417 3242 2479 motibus
3281 2417 3503 2479 eadem
3547 2417 3758 2479 forma
3801 2434 3936 2499 pro-

2440 2514 2742 2577 ducibilis
2787 2533 2914 2577 non
2958 2522 3070 2577 est.
3120 2516 3286 2578 Deus
3329 2532 3502 2588 vero,
3549 2534 3756 2596 quum
3803 2516 3936 2578 sine

2442 2621 2618 2676 motu
2649 2621 2812 2694 agat,
2847 2613 3016 2675 idem
3047 2631 3316 2676 numero
3353 2614 3524 2696 quod
3565 2623 3936 2697 corruptum

2441 2720 2538 2775 est
2585 2720 2941 2775 restaurare
2991 2711 3159 2774 valet
3212 2730 3226 2773 :
3281 2720 3349 2774 111
3397 2711 3448 2774 51
3501 2731 3579 2774 ex
3631 2713 3781 2794 igne
3828 2712 3937 2774 l’iat

2440 2831 2624 2893 aqua,
2658 2818 2865 2892 potest
2895 2811 3060 2874 Deus
3104 2829 3180 2873 ex
3225 2831 3390 2893 aqua
3433 2812 3498 2873 in
3540 2831 3739 2893 quam
3779 2811 3936 2892 ignis

2441 2917 2722 2972 mutatus
2802 2917 2918 2983 est,
2995 2909 3209 2991 ipsum
3288 2927 3558 2973 numero
3635 2911 3936 2974 eumdem

834 3012 1031 3074 males
1075 3011 1509 3084 nominantur,
1556 3008 1856 3091 quoniam
1909 3009 2333 3070 terminantur
2361 3011 2406 3076 C
2444 3008 2654 3089 ignem
2687 3027 2904 3070 rursus
2947 3008 3317 3089 producere.
3355 3008 3530 3070 Unde
3569 3009 3744 3091 quod
3775 3009 3938 3072 circa

833 3112 909 3174 ad
941 3109 1238 3182 formam,
1272 3108 1563 3190 subjecto
1592 3114 1887 3169 manente
1918 3107 2162 3169 eodem.

916 3210 1005 3272 Ex
1054 3209 1154 3271 his
1212 3207 1355 3270 elici
1406 3213 1633 3288 potest,
1687 3203 1908 3267 salsam
1969 3223 2109 3266 esse
2169 3204 2333 3286 posi—

834 3309 1073 3371 tionem
1134 3307 1477 3380 dicentem,
1542 3305 1723 3386 panis
1782 3303 2204 3366 substantiam
2265 3302 2329 3364 in

834 3407 951 3468 hac
1022 3404 1439 3468 conversione
1508 3400 1850 3464 annihilari
1915 3420 1928 3462 ε
1998 3400 2330 3464 conversio

832 3505 1006 3566 enim
1056 3503 1317 3565 sortitur
1375 3519 1629 3573 nomen,
1682 3500 1963 3581 speciem
2022 3517 2095 3560 ac
2142 3498 2329 3560 ratio-

831 3621 1003 3675 nem,
1035 3621 1072 3664 a
1110 3601 1386 3663 termino
1424 3602 1513 3659 ad
1551 3619 1762 3678 quem.
1795 3598 2128 3679 Quumque
2174 3616 2331 3678 prae-

830 3700 1173 3763 nominatae
1218 3697 1655 3761 conversionis
1701 3696 2036 3768 terminus,
2071 3696 2154 3758 sit
2195 3713 2328 3757 cor-

829 3818 950 3881 pus
982 3797 1237 3870 Christi,
1271 3796 1439 3878 quod
1471 3803 1567 3857 est
1605 3813 1755 3856 vera
1792 3794 2167 3868 substantia,
2202 3793 2328 3855 dici

830 3915 958 3961 non
1010 3895 1306 3977 congruit
1362 3895 1545 3976 panis
1605 3892 2025 3955 substantiam
2078 3893 2330 3954 annihi-

831 3996 969 4059 lari.
1024 3995 1143 4057 Sed
1202 4011 1412 4074 neque
1472 3991 1813 4054 resolvitur
1870 3991 1934 4052 in
1998 3991 2329 4053 materiam

831 4094 1108 4176 primam
1142 4110 1155 4154 :
1190 4091 1341 4172 quia
1382 4090 1434 4151 si
1477 4089 1596 4150 hoc
1636 4089 1904 4162 dicatur,
1937 4089 2167 4150 salvari
2199 4105 2328 4151 non

2441 3106 2642 3169 finem
2692 3106 2956 3169 secundi
3006 3107 3084 3169 de
3133 3105 3552 3170 Generatione
3599 3108 3691 3170 ait
3738 3107 3937 3171 Philo-

2441 3206 2702 3287 sophuS,
2752 3205 2904 3266 dum
2966 3205 3196 3287 inquit,
3246 3205 3528 3278 Quorum
3585 3207 3939 3270 substantia

2441 3303 2652 3385 periit,
2705 3321 2829 3365 11011
2881 3303 3151 3365 redeunt
3201 3320 3215 3364 :
3268 3304 3346 3366 110
3393 3304 3668 3366 naturali
3719 3312 3936 3386 agente

2438 3402 2883 3484 accipiendum
2953 3409 3067 3463 est.
3127 3401 3285 3463 Nam
3353 3409 3418 3464 et
3473 3404 3938 3466 transsubstan-

2440 3501 2619 3564 tiatio
2667 3501 2785 3562 ista
2841 3508 3052 3562 motus
3110 3499 3236 3562 dici
3295 3518 3426 3562 non
3483 3500 3700 3575 debet,
3755 3509 3938 3584 prout

2441 3599 2744 3682 physicus
2791 3599 2870 3661 dc
2917 3607 3092 3660 motu
3137 3598 3438 3681 loquitur.

2520 3698 2635 3759 Per
2682 3697 2816 3760 11ωο
2873 3697 3176 3778 denique,
3229 3696 3390 3759 ratio
3439 3717 3581 3779 quae
3629 3717 3709 3760 ex
3761 3708 3932 3782 parte

2441 3795 2874 3859 conversionis
2917 3804 3135 3858 contra
3166 3793 3192 3856 s
3197 3795 3365 3858 idem
3395 3795 3816 3861 Eucharistiae
3845 3799 3932 3861 in·
3953 3807 4163 3866 pannas.

2438 3893 2811 3968 ducebatur,
2869 3893 3075 3955 soluta
3132 3901 3244 3955 051.
3295 3894 3528 3956 Verum
3577 3895 3760 3959 enim
3821 3904 3932 3970 est,

2440 3993 2609 4075 quod
2652 4011 2862 4074 neque
2901 4011 3016 4074 per
3061 3991 3324 4054 localem
3370 3993 3781 4069 descensum,
3831 4015 3932 4058 ne·

2440 4109 2564 4172 que
2618 4109 2732 4172 per
2788 4089 3144 4152 naturalem
3195 4091 3821 4166 transmutationem,
3871 4094 3934 4156 in

829 4197 1059 4275 potest,
1092 4189 1263 4272 quod
1304 4204 1535 4270 corpus
1567 4185 1799 4249 Christi
1836 4186 2021 4248 aliter
2056 4186 2177 4248 sub
2209 4186 2330 4248 for·
2360 4191 2411 4253 D
2442 4208 2568 4271 qua
2597 4207 2832 4251 novum
2865 4206 3002 4251 esse
3031 4187 3404 4270 acquiritur,
3436 4207 3674 4274 corpus
3705 4192 3934 4256 Christi

832 4289 956 4352 mis
985 4287 1207 4350 hostiae
1246 4304 1385 4348 esse
1423 4284 1711 4366 incipiat,
1745 4284 1866 4346 nisi
1911 4303 2022 4366 per
2059 4284 2326 4348 localem

832 4395 1079 4450 motum
1135 4403 1149 4448 :
1202 4384 1371 4468 quod
1421 4384 1829 4465 praeinductae
1877 4383 2150 4446 rationes
2200 4384 2328 4447 suf-

829 4486 1125 4549 ficienter
1166 4485 1521 4547 destruunt.

908 4587 1176 4668 Insuper
1220 4602 1297 4646 ex
1345 4583 1477 4663 jam
1525 4581 1798 4644 ostensis
1844 4589 2108 4656 constat,
2155 4585 2324 4664 quod

825 4684 1098 4747 formam
1142 4700 1285 4765 quae
1328 4681 1392 4742 in
1428 4679 1775 4762 potentiam
1818 4680 2098 4744 materiae
2136 4681 2326 4743 cessit

826 4791 891 4846 et
920 4801 1059 4845 esse
1099 4780 1311 4854 desiit,
1345 4779 1634 4842 eamdem
1678 4797 1944 4842 numero
1985 4779 2149 4842 Deus
2184 4797 2324 4861 pro-

826 4881 1060 4942 ducere
1119 4884 1326 4960 queat.
1379 4877 1509 4939 Hoc
1566 4876 1741 4937 enim
1800 4876 1964 4939 inter
2022 4894 2158 4938 rem
2218 4897 2324 4939 na-

825 4988 985 5041 turae
1035 4975 1469 5060 permanentis
1513 4982 1576 5036 et
1618 4975 1994 5037 successivae
2038 4976 2322 5052 interest,

826 5079 977 5161 quia
1034 5077 1111 5139 ad
1171 5074 1564 5138 numeralem
1630 5072 2025 5135 identitatem
2074 5094 2324 5138 succes-

828 5178 1112 5240 sivorum
1159 5173 1435 5255 exigitur
1473 5172 1881 5245 continuitas,
1916 5179 1987 5232 ut
2026 5173 2327 5238 videlicet

828 5293 969 5344 esse
1014 5275 1301 5358 ipsorum
1345 5290 1474 5334 non
1516 5269 2027 5333 discontinuetur
2069 5289 2188 5334 nec
2231 5271 2325 5334 in-

2441 4287 2561 4351 sub
2603 4288 3008 4350 Sacramento
3051 4305 3190 4350 esse
3232 4288 3516 4371 incipiat.

2729 4551 3218 4617 ARTICULUS
3263 4551 3637 4616 LXXVIII.

2439 4697 2533 4756 De
2580 4696 2765 4753 modo
2807 4695 3145 4753 locationis
3188 4695 3481 4769 corporis
3522 4695 3780 4756 Christi
3823 4695 3936 4756 sub

2876 4785 3201 4858 speciebus
3241 4785 3486 4844 hostia».

2570 4978 2621 5040 X
2667 4977 3070 5060 praeostensis
3119 4977 3314 5060 igitur
3362 4978 3570 5060 palam
3619 4987 3743 5054 est,
3795 4978 3938 5044 sub-

2597 5077 2896 5138 stantiam
2955 5077 3140 5158 panis
3198 5077 3264 5138 in
3321 5076 3750 5140 substantiam
3808 5097 3937 5142 cor-

2437 5175 2608 5257 poris
2649 5175 2904 5250 Christi‚
2932 5182 2995 5236 01
3033 5175 3098 5236 111
3139 5175 3514 5257 sanguinem
3557 5176 3766 5258 ipsius
3805 5177 3934 5240 vini

2435 5273 2855 5336 substantiam
2888 5273 3126 5336 directe
3157 5273 3458 5336 converti.
3491 5274 3756 5360 Corpori
3789 5291 3935 5339 vero
