4300 6259
981 476 1404 525 cinnamum
1443 474 1904 523 ruinosormca.
1949 491 2030 503 —
2072 474 2150 523 nn
2190 474 2559 523 coaroanws
2602 475 2988 523 coemsrisns
3458 454 3537 517 73

429 643 652 726 picum
702 646 1068 713 hiemalem.
1111 648 1316 711 Motus
1363 665 1516 711 vero
1567 647 1788 730 planes
1835 644 2014 709 estA
2045 646 2292 728 sphaera
2348 646 2585 721 MartiS,
2640 655 2899 730 propter
2956 646 3235 709 calidum
3296 654 3361 709 et
3416 646 3536 710 sic-

427 763 626 827 super
656 747 839 828 polos
869 747 1096 811 circuli
1127 746 1614 829 aequinoctialis,
1647 754 1712 809 et
1739 764 1934 829 super

429 842 710 907 circulos
765 846 846 909 ab
903 846 1333 929 aequinoctiali
1388 864 1570 927 aeque
1626 844 1932 907 distantes

429 942 512 1004 ad
577 951 825 1025 partem
893 952 1250 1027 utramque.
1313 945 1567 1018 Quarto,
1629 942 1931 1027 quoniam

431 1059 636 1122 quum
681 1043 749 1105 in
795 1042 1208 1107 inferioribus
1251 1042 1334 1105 sit
1374 1042 1709 1105 diversitas
1752 1042 1816 1104 in
1859 1040 1931 1103 fi-

431 1157 616 1219 gura,
678 1140 1014 1204 diversitas
1071 1160 1328 1223 quoque
1385 1140 1812 1222 generationis
1869 1148 1931 1203 et

429 1237 850 1313 alterationis,
887 1259 962 1301 ac
993 1233 1298 1303 'motuum
1340 1239 1635 1311 aliorum,
1677 1238 1756 1300 ad
1799 1238 1932 1301 haec

431 1338 778 1412 causanda,
812 1347 962 1401 sunt
989 1338 1178 1401 orbes
1215 1356 1290 1401 ac
1320 1336 1466 1401 coeli
1497 1336 1832 1401 difformes
1863 1336 1930 1399 in

431 1436 726 1519 partibus
770 1444 836 1500 et
879 1438 944 1501 in
991 1444 1186 1501 motu.
1221 1438 1484 1512 Rursus,
1519 1437 1584 1498 in
1619 1434 1932 1499 inferiori-

431 1534 560 1596 bus
603 1542 701 1597 est
747 1536 1152 1599 uniformitas
1197 1536 1488 1618 quaedam
1539 1553 1652 1597 seu
1705 1551 1932 1597 conve-

431 1633 682 1696 nientia
723 1634 788 1696 in
833 1654 974 1697 esse
1013 1632 1344 1717 specifico,
1387 1641 1452 1696 et
1491 1634 1644 1695 item
1689 1631 1754 1694 in
1795 1650 1934 1694 esse

429 1732 755 1813 generico.
807 1730 1066 1814 Oportet
1125 1750 1278 1813 ergo
1331 1731 1501 1814 quod
1559 1732 1642 1793 sit
1697 1730 1932 1793 coelum

2046 763 2195 808 cum
2252 745 2650 809 dominantia
2709 746 2775 809 in
2832 763 2930 820 60,
2992 752 3205 808 movet
3262 744 3538 808 calidum

2043 844 2350 918 ustivum,
2383 844 2551 926 quod
2592 844 3067 927 superfluorum
3110 851 3207 907 est
3246 860 3539 907 consum-

2046 942 2298 1025 ptivum
2358 943 2849 1025 impedientium
2908 942 3401 1024 generationem.
3464 944 3542 1005 At

2045 1059 2199 1105 vero
2248 1042 2495 1123 sphaera
2543 1042 2717 1115 soliS,
2770 1050 3031 1125 propter
3081 1042 3298 1104 lumen
3352 1042 3417 1103 in
3466 1060 3542 1104 eo

2044 1140 2534 1223 praedominanS‚
2566 1141 2928 1204 accedendo
2976 1148 3190 1203 movet
3232 1140 3311 1202 ad
3354 1159 3541 1221 gene-

2044 1238 2379 1312 rationem,
2412 1246 2474 1300 et
2517 1238 2893 1313 recedendo,
2930 1240 3006 1301 ad
3040 1239 3537 1319 corruptionem.

2045 1336 2303 1419 Sphaera
2348 1344 2563 1399 autem
2606 1336 2892 1411 VeneriS,
2935 1345 3195 1420 propter
3233 1335 3537 1418 frigidum

2043 1441 2108 1497 et
2154 1434 2493 1497 humidum
2544 1454 2685 1516 quae
2734 1442 2886 1497 sunt
2933 1435 2999 1497 in
3048 1454 3121 1497 ea
3163 1440 3537 1515 temperate,

2045 1538 2259 1594 movet
2301 1531 2639 1593 humidum
2685 1531 3212 1614 complexionale,
3244 1530 3415 1612 quod
3445 1536 3541 1591 est

2045 1630 2227 1712 quasi
2292 1630 2553 1691 materia
2610 1630 3039 1711 generationis
3097 1636 3161 1693 et
3215 1627 3539 1709 augmenti

2045 1728 2112 1789 in
2146 1726 2576 1791 inferioribus.
2613 1728 2803 1792 Porro
2842 1727 3014 1791 orbis
3054 1728 3369 1801 Mercurii,
3402 1744 3543 1811 pro-

433 1830 696 1911 aliquod
755 1830 1076 1894 uniforme
1137 1830 1420 1895 influens
1487 1830 1787 1893 virtutem
1855 1828 1933 1890 ad
1972 1829 2018 1892 B
2049 1833 2191 1908 pter
2236 1826 2625 1909 multiplices
2670 1845 2819 1889 suos
2860 1834 3069 1890 motus
3112 1826 3385 1889 multum
3425 1825 3545 1888 dif-

433 1930 986 1993 conservationem
1031 1929 1269 2013 speciei
1315 1948 1388 1992 ac
1431 1928 1682 2009 generis
1717 1946 1730 1991 :
1765 1926 1934 2009 quod

434 2034 692 2108 oportet
748 2026 1070 2090 uniforme
1127 2046 1268 2091 esse
1328 2028 1392 2090 in
1455 2026 1744 2111 partibus
1801 2025 1937 2088 suis

433 2143 512 2187 ac
563 2126 630 2187 in
681 2134 880 2188 motu.
934 2125 1110 2199 Quod
1169 2126 1406 2189 coelum
1466 2124 1744 2187 dicimus
1801 2142 1937 2207 cry·

436 2223 792 2286 stallinum.

520 2321 812 2404 Denique
873 2321 1088 2385 multae
1147 2328 1298 2385 sunt
1352 2319 1804 2385 difformitates
1871 2321 1938 2383 in

439 2418 625 2491 coelO,
659 2418 962 2483 videlicet
990 2419 1283 2483 dextrum
1315 2428 1378 2481 et
1407 2419 1761 2491 sinistrum,
1794 2427 1938 2481 ante

437 2522 504 2581 et
533 2524 724 2591 retro,
757 2536 1013 2580 sursum
1053 2526 1116 2581 et
1153 2518 1474 2581 deorsum.
1519 2517 1611 2579 Ad
1651 2524 1938 2579 austrum

437 2635 721 2698 namque
751 2623 850 2679 est
887 2622 1054 2690 ante,
1085 2624 1150 2679 et
1193 2624 1362 2679 retro
1403 2616 1482 2677 ad
1527 2615 1936 2697 aquilonem3

435 2734 694 2777 sursum
729 2734 882 2778 vero
921 2722 984 2777 et
1021 2717 1320 2779 deorsum
1365 2715 1431 2776 in
1474 2713 1828 2777 elevatione
1866 2731 1940 2775 ac

435 2814 852 2895 depressione
893 2813 1192 2895 praefatiS,
1227 2832 1339 2876 seu
1380 2820 1570 2895 prout
1607 2830 1772 2873 unus
1815 2812 1941 2893 pla-

433 2919 584 2974 neta
643 2912 946 2994 praevalet
1005 2912 1225 2974 virtuti
1283 2911 1570 2983 alteriuS,
1629 2917 1695 2973 et
1754 2918 1941 2991 prout

2049 1924 2308 1997 formeS,
2344 1943 2599 1989 movere
2629 1925 2819 1988 habet
2850 1925 3189 1988 humidum
3226 1924 3543 1997 fluxibile,

2049 2023 2399 2107 praesertim
2444 2024 2713 2095 aerium,
2748 2025 2825 2087 ad
2872 2025 3155 2087 diversas
3200 2024 3439 2104 figuras
3484 2032 3542 2085 et

2047 2121 2577 2204 formaS.Sphaera
2606 2122 2869 2185 demum
2902 2123 3087 2195 lunae,
3110 2140 3311 2205 quum
3344 2121 3427 2183 sit
3454 2122 3548 2183 in-

2048 2220 2225 2293 fima,
2242 2228 2453 2284 movet
2484 2221 2820 2284 humidum
2844 2222 3230 2285 elementare
3250 2238 3543 2302 aqueum,

2045 2318 2124 2382 ad
2167 2319 2287 2383 hoc
2326 2318 2495 2401 quod
2542 2328 2869 2382 moveatur
2898 2320 2977 2382 ad
3024 2318 3397 2381 mixtionem
3442 2336 3545 2398 ge-

2049 2415 2429 2480 nerabilium
2462 2424 2527 2479 et
2563 2416 3079 2500 corruptibilium
3120 2425 3538 2479 terrenorum.

2048 2514 2265 2597 Itaque
2332 2516 2775 2598 unusquisque
2842 2514 3095 2577 orbium
3168 2513 3543 2577 inferiorum

2047 2632 2195 2675 cum
2238 2631 2356 2676 suo
2394 2614 2647 2696 planeta
2687 2620 2901 2677 movet
2938 2614 3017 2676 ad
3058 2632 3257 2675 unum
3300 2613 3365 2675 in
3406 2632 3545 2695 spe-

2048 2710 2427 2793 ciali,atque
2456 2712 2533 2773 ad
2568 2710 2725 2773 illud
2756 2711 3209 2793 complendum
3242 2710 3547 2791 adjuvant

2049 2810 2339 2871 omnium
2372 2810 2777 2891 superiorum
2810 2810 3078 2872 virtutes
3108 2809 3503 2891 sphaerarum
3530 2826 3543 2869 :

2049 2908 2351 2989 quoniam
2405 2907 2786 2989 generaliter
2835 2926 3059 2969 verum
3110 2914 3207 2969 est
3258 2906 3321 2968 in
3370 2908 3546 2970 omni

435 3028 606 3073 nnus
635 3009 926 3073 ascendit
957 3010 1020 3072 in
1054 3010 1365 3093 epicyclo‚
1399 3018 1463 3072 et
1492 3010 1652 3071 alter
1681 3009 1940 3071 descen·
1973 3006 2018 3071 C
2051 3012 2297 3077 natura,
2358 3005 2527 3087 quod
2590 3005 2757 3067 sicut
2814 3006 3143 3087 superiora
3201 3004 3549 3067 virtutibus

431 3108 552 3179 dit,
593 3117 658 3171 et
697 3128 865 3170 unus
910 3108 1226 3189 dirigitur,
1269 3108 1430 3171 alter
1473 3126 1624 3170 vero
1669 3115 1792 3169 stat
1831 3115 1941 3169 aut

433 3206 780 3270 retrocedit
842 3224 856 3269 τ
914 3207 1092 3288 juxta
1157 3206 1328 3288 quod
1393 3207 1482 3269 ait
1539 3206 1938 3281 Albumasar,

433 3306 608 3389 quod
651 3306 705 3368 si
747 3304 842 3368 sol
887 3305 1176 3367 ascendit
1214 3323 1408 3388 super
1449 3303 1832 3367 Mercurium
1879 3312 1942 3366 et

435 3404 682 3477 lunam,
723 3411 788 3466 et
829 3403 1170 3485 adjuvatur
1210 3422 1246 3465 a
1288 3404 1503 3477 Marte,
1547 3402 1700 3465 facit
1740 3402 1940 3483 longi-

433 3502 730 3567 tudinem
775 3502 1134 3565 serenita'tis
1177 3508 1242 3563 et
1283 3502 1628 3579 siccitatis;
1660 3501 1714 3563 si
1753 3519 1939 3563 econ-

433 3601 635 3663 trario
679 3600 896 3672 fuerit,
943 3599 1337 3681 significabit
1385 3599 1833 3663 humiditatem
1878 3606 1942 3661 et

436 3697 696 3781 pluvias
741 3698 979 3780 longas.

516 3797 808 3879 Denique
837 3796 1211 3861 Ptolemaeus
1255 3798 1319 3859 in
1351 3797 1842 3880 Quadripartito,
1877 3805 1939 3860 et

431 3895 818 3959 Albumasar
855 3896 920 3957 in
961 3896 1422 3959 introductorio
1461 3896 1708 3976 majori,
1741 3894 1942 3957 faten-

433 4002 546 4055 tur
575 3994 744 4075 quod
776 3992 1052 4055 fixarum
1085 3994 1334 4074 sphaera
1365 3992 1694 4055 stellarum
1727 4001 1941 4055 movet

433 4098 741 4154 contenta
797 4089 863 4151 in
922 4096 1110 4164 terra,
1161 4090 1238 4152 ad
1294 4090 1794 4173 imprimendum
1847 4092 1938 4153 eis

2051 3103 2185 3165 suis
2225 3101 2575 3165 informant
2616 3102 2941 3177 inferiora,
2974 3104 3065 3166 sic
3111 3103 3413 3167 inferiora
3458 3122 3548 3166 re-

2051 3200 2373 3282 stringunt
2401 3208 2593 3283 atque
2635 3202 3063 3265 determinant
3101 3203 3431 3285 superiora
3467 3203 3543 3265 ad

2051 3299 2295 3382 aliquid
2337 3300 2632 3382 speciale.

2400 3510 2924 3577 PROPOSITIO
2972 3474 3215 3575 Lv11‘1.

2141 3694 2256 3760 ‘De
2340 3695 2787 3762 coelestium
2872 3695 3187 3765 orbium
3270 3697 3549 3763 mutua

2051 3795 2676 3875 propinquitate,
2726 3796 3267 3877 spissitudine,
3316 3809 3549 3873 gran-

2052 3893 2329 3972 ditate,
2350 3895 3058 3974 oomproportione,
3090 3896 3353 3961 certas
3383 3908 3549 3959 sen-

2051 3992 2347 4057 tentias
2436 4006 2815 4072 reserare,
2880 3992 3545 4059 imbecillitatem

2049 4090 2543 4156 transcendit
2572 4091 3114 4172 inquisitionis
3152 4091 3542 4159 humanae.

436 4188 920 4253 multitudinem
967 4186 1322 4270 figurarum
1368 4186 1836 4269 generabilium
1877 4196 1939 4251 et
1969 4190 2020 4255 D
2131 4188 2306 4262 Quod
2338 4196 2455 4261 est,
2488 4189 2638 4271 quia
2670 4190 2947 4253 humana
2976 4190 3255 4271 cognitio
3284 4208 3321 4252 a
3350 4192 3547 4253 sensi-

435 4286 960 4369 corruptibilium
993 4305 1228 4348 rerum.
1263 4286 1522 4369 Sphaera
1551 4303 1702 4349 vero
1733 4287 1942 4349 Satur-

435 4388 530 4460 ni,
565 4392 828 4468 propter
855 4384 1102 4447 siccum
1133 4393 1198 4447 ct
1225 4384 1532 4465 frigidum
1567 4403 1709 4466 quae
1739 4383 1939 4447 abun-

433 4486 592 4547 dant
619 4492 686 4547 et
714 4483 1124 4546 dominantur
1153 4483 1218 4546 in
1249 4500 1324 4546 eo
1355 4483 1714 4558 causaliter,
1749 4483 1941 4546 habet

435 4584 503 4645 in
534 4582 713 4645 omni
744 4580 1096 4663 generabili
1128 4588 1193 4643 et
1237 4581 1640 4664 corruptibili
1685 4600 1939 4646 movere

432 4682 512 4745 ad
543 4678 1026 4745 consistentiam
1057 4686 1121 4743 et
1150 4680 1594 4753 retentionem,
1629 4681 1778 4763 quia
1808 4688 1936 4743 tam

431 4782 680 4845 siccum
741 4797 936 4861 quam
995 4777 1300 4861 frigidum
1361 4778 1530 4860 parit
1586 4780 1936 4861 potentiam

433 4879 838 4942 retentivam.
881 4876 1140 4960 Sphaera
1183 4884 1398 4939 autem
1440 4877 1634 4951 JoviS,
1683 4896 1797 4961 per
1839 4896 1936 4940 ca-

431 4978 638 5041 lidum
696 4984 762 5040 et
819 4974 1162 5038 humidum
1221 4994 1364 5058 quae
1411 4975 1822 5039 dominantur
1869 4977 1934 5039 in

427 5094 508 5139 eo
571 5075 741 5139 sicut
809 5075 878 5135 in
943 5072 1146 5154 signo,
1207 5073 1399 5136 habet
1467 5091 1722 5138 movere
1784 5074 1933 5137 cali-

425 5176 582 5238 dum
621 5182 690 5237 et
727 5170 1098 5247 humidum,
1137 5190 1280 5255 quae
1319 5180 1468 5235 sunt
1503 5174 1934 5255 generationis

423 5272 748 5357 principia
805 5272 878 5335 in
933 5270 1110 5335 omni
1161 5270 1690 5355 complexionato.
1741 5272 1932 5337 Porro

2052 4286 2179 4350 tiva
2208 4286 2719 4369 apprehensione
2740 4288 2934 4350 sumit
2954 4290 3281 4352 exordium
3300 4311 3315 4371 3
3331 4310 3547 4373 quum-

2049 4404 2175 4466 que
2223 4386 2301 4448 de
2346 4386 2533 4448 nobis
2579 4386 2735 4468 ipsis
2777 4395 2841 4449 et
2888 4386 3131 4451 infimis
3176 4388 3367 4453 rebus
3415 4398 3542 4452 tam

2051 4484 2365 4546 modicam
2398 4483 2747 4547 habeamus
2778 4504 2992 4549 veram
3030 4506 3105 4549 ac
3146 4496 3381 4551 certam
3426 4490 3545 4551 sci-

2047 4582 2310 4656 entiam,
2363 4591 2607 4645 certum
2670 4592 2767 4646 est
2824 4585 2995 4667 quod
3053 4586 3131 4648 de
3180 4586 3546 4649 coelestibus

2047 4680 2178 4743 illis
2218 4681 2616 4763 corporibus,
2660 4702 2801 4765 quae
2846 4683 2946 4746 vel
2993 4684 3130 4746 solo
3170 4684 3315 4747 visu
3358 4703 3546 4765 agno-

2047 4778 2311 4851 scimus,
2346 4780 2447 4843 vel
2476 4781 2576 4861 (ut
2606 4780 2792 4844 multi
2821 4781 3217 4862 existimant)
3244 4800 3363 4845 nec
3402 4784 3546 4847 visu

2047 4897 2167 4941 nec
2215 4878 2341 4941 alio
2390 4880 2687 4943 exteriori
2737 4880 3279 4963 apprehendimus
3328 4902 3543 4957 sensu,

2049 4976 2487 5060 permodicam
2548 4978 2859 5042 habemus
2920 4985 3158 5042 certam
3226 4981 3539 5045 notitiam.

2045 5076 2175 5139 Hoc
2220 5094 2475 5160 quoque
2522 5077 2863 5140 innotescit
2904 5077 3077 5151 binc,
3112 5080 3281 5161 quod
3327 5080 3392 5143 hi
3434 5082 3543 5163 qui

2047 5174 2112 5236 in
2162 5175 2503 5257 astrologia
2552 5175 2885 5258 peritiores
2935 5175 3135 5240 fuisse
3183 5187 3541 5254 narrantur,

2043 5280 2175 5335 tam
2214 5272 2663 5337 dissentientes
2704 5274 2785 5338 ab
2828 5274 3105 5340 invicem
3146 5277 3539 5341 exstiterunt.
