4300 6259
1093 524 1516 571 Buttmann
1557 523 2016 572 rmtosoPch.
2063 542 2142 553 ·-
2188 525 2265 571 DE
2308 526 2786 573 INTELLIGENTHS
3410 510 3490 575 79

375 693 640 779 cessitas
669 702 770 757 est
799 715 1006 779 neque
1036 696 1474 769 commoditaS,
1503 703 1570 757 ut
1601 694 1880 760 materiae
1911 696 1962 759 A
1991 694 2112 758 bus
2145 695 2212 758 in
2242 696 2361 759 hoc
2404 698 2604 779 magis
2644 696 3172 761 consentiendum
3212 695 3483 759 videtur.

377 792 638 855 uniatur
661 810 676 855 :
703 795 1057 877 praesertim
1089 814 1288 877 quum
1319 796 1602 858 actiones
1634 794 1878 857 intelle·

376 890 616 953 ctuales
650 910 768 973 per
797 892 1266 974 elongationem
1308 912 1344 956 a
1391 893 1654 957 materia
1691 912 1880 975 expe-

375 989 572 1051 ditius
617 1009 692 1051 ae
734 990 1002 1054 liberius
1041 1000 1475 1054 exerceantur.
1511 992 1636 1055 Nec
1667 992 1878 1074 sequi·

377 1094 498 1160 tur,
573 1090 748 1172 quod
819 1090 884 1152 in
953 1090 1394 1172 intelligentiis
1463 1090 1546 1153 sit
1615 1091 1880 1153 materia

377 1188 634 1269 proprie
665 1197 922 1270 sumpta
951 1189 1102 1270 quia
1133 1190 1196 1251 in
1233 1189 1388 1271 ipsis
1419 1196 1568 1251 sunt
1599 1189 1882 1271 proprie-

377 1292 532 1347 tates
563 1287 862 1367 quaedam
905 1287 1206 1361 materiai,
1240 1296 1393 1369 puta
1429 1287 1738 1371 recipere,
1771 1288 1877 1351 de-

379 1385 679 1465 pendere,
713 1386 966 1468 persici,
999 1387 1252 1449 alterari
1297 1404 1310 1447 :
1353 1404 1478 1449 non
1521 1385 1692 1449 enim
1739 1386 1878 1447 uni-

376 1502 528 1547 voce
560 1492 713 1547 sunt
743 1486 810 1547 in
843 1486 970 1547 illis
999 1494 1062 1549 et
1093 1486 1158 1548 in
1195 1485 1632 1549 materialibus
1663 1484 1872 1547 rebus

377 1582 618 1666 Nempe
659 1584 724 1646 in
777 1584 1218 1666 intelligentiis
1265 1593 1416 1648 sunt
1463 1584 1880 1667 spiritualiter

379 1681 608 1755 solum,
651 1690 718 1745 et
754 1691 942 1764 prout
993 1683 1352 1746 necessario
1399 1691 1880 1765 consequuntur

379 1798 636 1843 omnem
667 1782 1020 1855 entitatem,
1055 1782 1185 1844 imo
1213 1790 1278 1845 et
1306 1799 1566 1845 omnem
1596 1781 1878 1844 formali-

1991 794 2197 869 Quum
2258 804 2323 859 et
2380 797 2797 879 Philosophus
2859 796 3044 859 tertio
3102 797 3180 858 de
3237 796 3485 869 Anima,

1991 893 2387 957 intellectum
2424 896 2775 957 humanum
2820 895 3054 957 fatetur
3094 896 3483 969 immixtum,

1993 992 2503 1065 immaterialem,
2548 994 2987 1075 inorganieum
3028 1012 3042 1055 ε
3081 1002 3318 1076 quanto
3363 1013 3489 1055 ma-

1989 1091 2086 1171 gis
2141 1091 2221 1153 de
2274 1092 2602 1155 intellectu
2657 1092 3225 1173 intelligentiarum
3289 1094 3488 1155 sensit

1992 1189 2173 1251 hoc?
2220 1190 2305 1253 De
2366 1190 2467 1253 his
2526 1210 2719 1274 super
2787 1192 3067 1273 primum
3134 1192 3489 1254 Sententia·
3536 1206 3778 1263 cmxix.

1990 1306 2156 1361 rum,
2199 1287 2608 1353 distinctione
2650 1298 2893 1363 octava,
2926 1297 2990 1353 et
3030 1308 3226 1372 super
3266 1308 3487 1353 secun·
3514 1272 3709 1384 ffssffi
3730 1276 3777 1389 ζ*

1989 1386 2166 1457 dum,
2218 1386 2629 1451 distinctione
2688 1388 2893 1462 tertia,
2940 1388 3169 1471 scripsi
3221 1387 3482 1463 diffuse,
3519 1396 3762 1442 ¹8⁵Det0-

1991 1484 2399 1566 praefatorum
2467 1486 2706 1570 scripta
2784 1487 3114 1550 doctorum
3202 1487 3489 1550 introdu-

1989 1584 2211 1647 cendo.

2069 1682 2411 1755 Postremo,
2452 1702 2529 1745 ex
2578 1684 2821 1747 eisdem
2870 1684 3227 1747 ostenditur
3274 1684 3489 1747 anima

1989 1781 2315 1844 rationalis
2359 1802 2498 1845 esse
2544 1782 2982 1845 immaterialis
3023 1790 3087 1845 et
3126 1784 3487 1865 incorpora-

379 1886 572 1941 tatem
628 1898 704 1943 ae
764 1880 1224 1963 perfectionem
1275 1889 1570 1944 creatam.
1627 1880 1876 1943 Etenim
1907 1884 1954 1947 Β
1991 1878 2102 1941 lis:
2129 1880 2299 1961 quod
2332 1888 2393 1943 et
2416 1880 2763 1943 Richardus
2794 1882 2872 1944 de
2896 1882 3225 1944 S.Victore
3256 1881 3490 1944 fatetur

377 1996 568 2042 omne
609 1980 782 2061 quod
827 1987 923 2041 est
967 1979 1125 2043 eitra
1171 1980 1394 2052 Deum,
1443 1988 1508 2043 et
1548 1987 1876 2043 causatum

376 2086 486 2139 aut
513 2086 970 2141 concausatum
1001 2078 1082 2142 ab
1119 2079 1282 2163 ipso,
1301 2096 1378 2141 eo
1403 2078 1540 2160 ipso
1569 2095 1698 2161 quo
1729 2078 1874 2153 tale,

375 2178 740 2239 necessario
805 2185 902 2239 est
969 2178 1362 2259 dependens,
1427 2177 1744 2257 indigenS,
1805 2196 1878 2240 ac

377 2275 694 2358 quidquid
722 2284 818 2338 est
843 2295 916 2339 ac
957 2276 1168 2349 habet,
1203 2296 1238 2338 a
1279 2278 1406 2340 Deo
1446 2276 1764 2358 recipiens
1803 2296 1876 2339 ac

373 2375 696 2437 sortitum.
717 2373 891 2447 Quod
923 2374 976 2436 si
1007 2375 1150 2437 ideo
1183 2376 1246 2437 in
1279 2375 1700 2456 intelligentia
1731 2394 1876 2437 con-

373 2474 546 2535 sistit
575 2474 842 2535 materia
870 2474 1173 2555 quoniam
1207 2474 1597 2537 conveniunt
1635 2473 1692 2537 ei
1739 2491 1876 2555 pro-

377 2571 681 2655 prietates
725 2580 1061 2655 praetactae,
1105 2574 1354 2656 aceipio
1393 2574 1662 2636 formam
1705 2572 1876 2635 illius

379 2671 682 2744 materiae,
719 2679 785 2734 et
825 2690 1062 2753 quaer0,
1093 2692 1172 2734 an
1217 2673 1282 2734 in
1323 2674 1460 2755 ipsa
1503 2690 1756 2754 quoque
1797 2672 1878 2733 sit

375 2770 764 2851 compositio
813 2789 890 2833 ex
939 2770 1143 2833 forma
1191 2778 1254 2833 et
1307 2771 1587 2833 materia.
1645 2772 1708 2833 Si
1759 2771 1874 2844 sic,

371 2885 530 2949 ergo
581 2868 648 2931 in
701 2868 1124 2950 intelligentia
1171 2888 1296 2931 una
1345 2876 1406 2931 et
1455 2870 1676 2932 eadem
1729 2876 1878 2931 sunt

373 2968 597 3049 plures
647 2966 870 3030 formae
922 2975 1112 3050 atque
1161 2967 1462 3041 materiae,
1513 2968 1642 3029 imo
1681 2976 1744 3029 et
1785 2968 1880 3029 in-

1989 1979 2066 2039 de
2099 1977 2255 2061 ipsis
2285 1998 2539 2063 quoque
2579 1980 2998 2043 daemonibus.
3032 1981 3311 2054 Quorum
3354 1998 3487 2043 om·
3558 1987 3573 2007 ⁶

1987 2076 2169 2139 nium
2202 2077 2371 2141 dicta
2403 2079 2783 2142 roborantur
2824 2098 2899 2141 ex
2944 2079 3085 2152 hoe,
3120 2080 3289 2161 quod
3331 2079 3489 2141 divi·

1991 2196 2108 2238 nus
2141 2176 2478 2259 Dionysius
2508 2178 2763 2258 angelos
2798 2176 3163 2259 frequenter
3192 2177 3489 2259 perhibet
3544 2196 3603 2239 ne
3632 2195 3804 2239 emieat.

1989 2274 2419 2357 incorporales
2449 2284 2513 2337 et
2544 2276 3019 2338 immateriales,
3052 2276 3227 2349 Quod
3266 2277 3319 2337 si
3360 2276 3489 2337 ani·
3518 2259 3807 2372 fflffieffivssj

1991 2391 2092 2435 ma
2121 2373 2371 2435 dicatur
2400 2375 2746 2456 composita
2778 2392 2855 2437 ex
2888 2374 3146 2437 materia
3178 2373 3485 2456 spirituali
3516 2398 3633 2429 nom·
3658 2398 3697 2427 e·
3720 2398 3777 2429 ιν.

1987 2490 2060 2533 ac
2092 2470 2319 2542 forma,
2362 2473 2777 2554 quaerendum
2812 2480 2929 2545 est,
2964 2492 3043 2535 an
3076 2472 3291 2535 anima
3320 2473 3489 2535 dicat

1988 2578 2050 2632 et
2090 2570 2173 2633 sit
2200 2571 2355 2653 quid
2388 2572 2815 2653 compositum
2847 2590 2925 2633 ex
2959 2571 3223 2634 materia
3260 2580 3325 2635 et
3364 2572 3489 2635 for-

1991 2688 2112 2731 ma.
2129 2670 2206 2731 Et
2234 2678 2479 2733 constat
2509 2671 2677 2753 quod
2710 2670 2859 2738 imo,
2871 2670 3047 2751 juxta
3078 2670 3257 2733 istam
3285 2671 3489 2753 opini-

1988 2768 2541 2843 onem.Quaeretur
2570 2786 2741 2850 erg0,
2760 2788 2839 2831 an
2865 2769 3067 2832 forma
3098 2769 3293 2850 hujus
3322 2787 3489 2831 com-

1990 2867 2179 2949 positi
2226 2868 2308 2929 sit
2349 2867 2563 2929 anima
2598 2885 2611 2929 :
2654 2875 2719 2930 et
2758 2868 2850 2930 sic
2890 2875 3079 2930 erunt
3122 2868 3186 2930 in
3228 2868 3487 2930 homine

1987 2967 2219 3029 animae
2262 2967 2443 3045 duae3
2489 2974 2551 3029 et
2596 2974 2809 3029 utrum
2862 2966 3067 3029 forma
3116 2986 3228 3029 seu
3276 2966 3490 3028 anima

369 3065 580 3129 finitae
632 3083 647 3127 ε
699 3084 848 3128 nam
909 3065 1108 3128 ibitur
1167 3065 1232 3129 in
1293 3066 1648 3140 infinitum,
1713 3066 1876 3129 acci·
1907 3064 1950 3129 C
1991 3064 2098 3126 illa
2129 3072 2377 3128 constet
2405 3084 2483 3127 ex
2518 3065 2779 3128 materia
2808 3074 2871 3128 et
2902 3066 3107 3128 forma
3142 3073 3244 3127 :et
3271 3083 3491 3146 argue-

368 3164 616 3247 piendo
658 3182 878 3227 rursus
929 3164 1200 3228 formam
1239 3164 1414 3227 illius
1457 3164 1756 3228 materiae.
1811 3164 1876 3227 Si

367 3281 530 3326 vero
567 3263 817 3325 dicatur
853 3264 1024 3347 quod
1063 3282 1214 3339 non,
1249 3264 1452 3347 probo
1493 3264 1664 3346 quod
1695 3264 1826 3327 imo
1861 3280 1874 3325 :

364 3364 532 3447 quia
569 3372 634 3425 et
673 3363 766 3425 illi
811 3363 1030 3427 formae
1071 3380 1148 3426 eo
1189 3363 1330 3445 ipso
1373 3382 1502 3447 quo
1544 3363 1697 3446 quid
1747 3384 1878 3427 cre-

363 3472 554 3525 atum
621 3470 742 3537 est,
803 3462 1023 3525 insunt
1085 3462 1506 3545 proprietates
1575 3464 1876 3537 materiae,

367 3570 535 3644 puta
581 3561 966 3643 dependere,
1018 3561 1327 3642 recipere,
1381 3560 1688 3642 indigere,
1741 3580 1882 3643 per-

365 3660 516 3733 fici,
565 3666 630 3721 et
685 3677 804 3722 suo
859 3660 1044 3721 modo
1094 3660 1336 3722 moveri
1385 3658 1460 3721 ad
1514 3678 1694 3721 suam
1757 3678 1882 3723 ma-

367 3758 630 3831 teriam,
682 3758 762 3820 ad
819 3758 1254 3839 operationem
1319 3764 1383 3819 et
1441 3757 1519 3820 ad
1579 3758 1878 3821 ultimum

367 3858 600 3919 finem.

455 3957 914 4018 Verumtamen
949 3955 1158 4037 magni
1193 3954 1880 4037 philosophi,itemque

369 4054 666 4137 praeelari
697 4053 974 4134 theologi
1007 4061 1072 4115 et
1111 4052 1611 4134 ingeniosissimi
1655 4062 1879 4115 tracta-

367 4163 546 4216 tores
585 4160 926 4215 senserunt
962 4152 1352 4233 oppositum,
1387 4160 1540 4233 puta
1577 4152 1878 4233 Origenes

1991 3172 2094 3225 tur
2137 3172 2205 3226 ut
2250 3183 2461 3246 supra.

2352 3374 2871 3440 PROPOSITIO
2920 3376 3126 3441 LXV.

2069 3559 2625 3639 Intelligentia
2695 3562 2819 3626 est
2896 3576 3039 3628 sua
3120 3562 3491 3643 essentia,

1990 3672 2163 3740 quae
2203 3658 2761 3725 ind1v1duatu1·
2801 3674 2887 3725 se
2931 3659 3129 3741 ipsa.

2069 3756 2247 3831 Quod
2278 3764 2395 3829 est,
2428 3756 2580 3837 quia
2620 3756 3041 3837 intelligentia
3080 3765 3177 3820 est
3216 3757 3489 3840 simplex

1991 3862 2054 3917 et
2086 3874 2199 3936 per
2223 3874 2291 3917 se
2322 3854 2677 3917 subsistens
2712 3854 2935 3929 forma,
2970 3856 3071 3919 cui
3114 3875 3193 3919 ex
3236 3858 3493 3939 propria

1993 3953 2383 4035 perfectione
2434 3962 2497 4015 et
2554 3954 2932 4016 excellentia
2989 3956 3297 4037 competit
3364 3975 3489 4019 non

1991 4052 2192 4134 recipi
2224 4052 2289 4115 in
2320 4052 2447 4115 alio
2478 4060 2542 4113 ut
2578 4050 2847 4114 formam
2890 4052 3343 4117 informantem
3383 4063 3491 4117 aut

1993 4150 3021 4213 inhaerentem.individuationem
3056 4152 3269 4235 itaque
3302 4152 3493 4216 habet

367 4255 440 4315 in
471 4250 878 4324 periarchon,
909 4251 1302 4332 Augustinus
1345 4250 1406 4312 in
1454 4250 1748 4333 pluribus
1795 4252 1878 4314 lo·
1909 4252 1958 4315 D
1989 4270 2024 4312 a
2053 4269 2242 4313 causa
2276 4250 2483 4331 prima
2512 4248 2843 4329 effective3
2872 4270 2949 4313 ex
2982 4271 3047 4315 se
3082 4270 3231 4315 vero
3263 4252 3491 4316 forma-

365 4352 490 4424 cis,
511 4350 683 4413 Plato
713 4350 907 4413 etiam
937 4358 1000 4413 et
1033 4349 1244 4430 magni
1275 4348 1603 4423 Platonici,
1623 4350 1880 4413 Proclus

367 4452 440 4513 in
473 4449 1006 4522 Elementatione,
1037 4447 1394 4511 Avicebron
1432 4448 1494 4509 in
1529 4447 1690 4511 libro
1723 4449 1878 4511 Fon·

367 4550 456 4612 tis
489 4548 656 4619 vitae,
689 4547 972 4610 Plotinus
1003 4554 1068 4609 et
1095 4546 1404 4629 Apuleius
1437 4564 1452 4608 ε
1485 4564 1645 4628 quos
1677 4548 1876 4609 secuti

365 4654 530 4711 sunt
573 4646 760 4709 multi
801 4644 1092 4708 doctores
1132 4645 1492 4708 scholastici
1533 4664 1606 4709 ac
1651 4645 1876 4709 famosi

367 4744 678 4826 theologi.
747 4744 1078 4825 Siquidem
1135 4744 1600 4818 Bonaventura,
1662 4745 1880 4808 Petrus

367 4847 456 4908 de
517 4842 905 4916 Tarantasia,
957 4842 1305 4905 Richardus
1363 4842 1442 4904 de
1499 4843 1876 4915 Mediavilla,

369 4946 604 5007 Scotus
643 4950 708 5005 et
743 4940 856 5003 alii
902 4941 1184 5022 quidam,
1217 4940 1440 5002 dicunt
1481 4940 1878 5023 spiritualem

369 5044 710 5109 materiam
743 5060 886 5105 esse
918 5040 984 5102 in
1021 5040 1264 5121 angelis
1301 5058 1374 5101 ac
1417 5039 1874 5120 intelligentiis.

367 5145 650 5207 Thomas
696 5158 874 5213 vero,
915 5137 1232 5211 Albertus‚
1273 5138 1578 5219 AEgidius,
1621 5137 1880 5201 Guillel·

367 5264 522 5307 mus
567 5238 968 5312 ParisiensiS,
1007 5238 1340 5311 Henricus,
1375 5236 1723 5308 Udalricus‚
1758 5236 1878 5299 Du-

365 5343 634 5419 randuS,
667 5358 824 5405 eum
859 5338 1014 5413 suis,
1049 5344 1266 5400 tenent
1294 5335 1701 5419 oppositum:
1735 5335 1876 5417 qui·

1992 4349 2157 4421 liter,
2190 4356 2261 4409 ut
2300 4354 2396 4409 est
2426 4366 2539 4409 ens
2570 4356 2697 4410 tam
2745 4350 3067 4413 excellens
3110 4352 3281 4433 quod
3323 4370 3491 4415 com-

1990 4449 2151 4531 petit
2180 4447 2239 4509 ei
2274 4446 2337 4509 in
2370 4466 2437 4509 se
2468 4455 2532 4509 et
2561 4467 2638 4510 ex
2669 4467 2737 4509 se
2768 4448 3139 4523 subsistere,
3170 4470 3243 4512 ac
3278 4470 3391 4533 per
3422 4470 3489 4513 se

1991 4554 2156 4609 stare
2187 4546 2325 4607 sine
2358 4545 2734 4608 fulcimento
2764 4566 2837 4607 ac
2880 4548 3299 4629 receptaculo.
3336 4550 3489 4613 Rur-

1991 4664 2122 4717 suS‚
2176 4643 2530 4726 personalis
2580 4644 2879 4707 discretio
2918 4664 3030 4707 seu
3077 4647 3489 4727 suppositalis

1991 4743 2318 4804 distinctio
2366 4742 2666 4804 convenit
2728 4742 3165 4823 intelligentiis
3224 4752 3295 4806 ut
3340 4752 3489 4807 sunt

1993 4840 2250 4903 termini
2297 4840 2483 4902 realis
2528 4840 2987 4921 productioniS,
3038 4842 3281 4905 ratione
3341 4861 3488 4923 quo·

1991 4958 2114 5021 que
2175 4957 2304 5001 suae
2354 4938 2740 5001 exsistentiae
2786 4938 3075 5012 actualis,
3128 4948 3197 5002 ut
3244 4950 3487 5003 constat

1989 5058 2066 5100 ex
2107 5038 2294 5100 dictis
2334 5036 2629 5118 superius
2673 5037 2749 5099 de
2794 5055 2983 5099 causa
3020 5046 3209 5120 atque
3255 5039 3488 5120 princi·
3540 5072 3715 5115 propos.

1991 5138 2098 5219 pio
2129 5136 2671 5198 individuationiS.
2708 5136 2897 5198 Porro
2942 5137 3485 5202 universalitatem
3513 5136 3657 5167 mm·

1991 5236 2055 5299 in
2090 5234 2281 5298 rebus
2313 5253 2437 5297 non
2471 5234 2624 5296 facit
2663 5234 2786 5296 nisi
2826 5233 3201 5299 abstrahens
3240 5236 3485 5301 intelle-

1991 5342 2128 5397 ctus
2156 5351 2173 5413 ;
2205 5332 2708 5414 singularitatem
2742 5350 2893 5397 vero
2922 5334 3087 5417 parit
3118 5353 3307 5397 causa
3343 5334 3486 5401 effi-
