4300 6259
951 499 1374 547 amaturum
1414 497 1874 545 ruinosorch.
1919 516 1999 528 —
2038 498 2118 545 na
2160 498 2588 547 na‘rAPanicA
2629 502 2933 549 cananum
3408 482 3487 546 37

389 664 752 747 subiectum
793 668 1076 733 scientiae
1114 676 1376 731 vocatur
1415 668 1552 750 ejus
1597 667 1884 743 materia,
1915 666 1968 731 A
1998 686 2077 731 ne
2112 669 2589 731 communitatis
2631 669 2697 731 in
2742 670 3161 752 praedicando.
3195 671 3492 744 Quaedam

391 764 656 827 materia
706 766 927 848 utique
977 768 1148 829 circa
1193 785 1408 848 quam.
1462 765 1888 831 conformiter

387 861 712 942 obiectum
773 864 1072 947 potentiae
1127 865 1364 928 dicitur
1409 866 1552 946 ejus
1601 865 1886 939 materia,

388 962 686 1041 quamvis
740 961 1067 1044 objectum
1122 962 1283 1025 illud
1341 964 1423 1025 sit
1480 963 1686 1027 forma
1742 980 1758 1026 t
1821 972 1890 1027 ut

389 1058 582 1131 color,
616 1060 728 1143 qui
757 1069 854 1124 est
881 1060 1206 1143 objectum
1236 1064 1434 1125 visus.
1469 1063 1604 1126 lmo
1631 1063 1891 1145 quibus-

389 1176 668 1240 cumque
725 1159 943 1242 aliquo
991 1160 1178 1223 modo
1229 1160 1619 1224 conveniunt
1667 1161 1893 1243 prasin-

389 1256 596 1321 ductae
627 1259 1046 1340 proprietates
1087 1260 1390 1335 materiae,
1421 1260 1894 1342 quodammodo

388 1354 776 1417 adscribitur
816 1374 1050 1419 nomen
1097 1356 1401 1430 materiae,
1445 1374 1557 1419 seu
1603 1358 1892 1420 materia-

390 1450 536 1513 liter
565 1470 632 1514 se
662 1452 900 1515 habere
931 1471 946 1517 :
983 1454 1070 1517 ita
1104 1455 1274 1537 quod
1319 1454 1740 1535 intelligentia
1777 1473 1893 1537 per

389 1550 930 1632 comparationem
961 1552 1040 1613 ad
1072 1552 1348 1634 primam
1379 1569 1634 1614 causam
1671 1560 1889 1634 poten·

389 1646 626 1709 tialitor
665 1656 730 1711 et
774 1648 1188 1712 materialiter
1227 1648 1420 1712 habet
1461 1668 1550 1721 se,
1585 1650 1648 1711 in
1691 1669 1890 1732 quan-

389 1752 526 1806 tum
557 1744 639 1807 ab
671 1745 780 1807 illa
811 1745 1150 1828 dependet,
1185 1755 1618 1821 conservatur,
1651 1748 1891 1810 illumi-

1996 767 2185 829 etiam
2219 767 2522 829 dicuntur
2563 768 2768 849 prima
2805 770 3159 831 secundum
3191 768 3357 831 viam
3390 787 3495 849 ge-

1997 864 2368 935 nerationis,
2438 885 2579 947 quae
2648 866 2997 948 posteriora
3062 874 3211 928 sunt
3273 866 3497 929 ordine

1997 969 2239 1026 naturae
2296 970 2357 1025 et
2416 963 2846 1045 perfectionis
2911 963 3197 1046 Denique
3258 983 3336 1027 ex
3393 964 3496 1027 his

1998 1059 2187 1123 facile
2231 1068 2327 1123 est
2376 1079 2665 1142 pensare,
2715 1062 2989 1144 qualiter
3044 1061 3289 1143 aliquid
3338 1062 3497 1125 mul-

1999 1158 2309 1241 tipliciter
2351 1159 2717 1221 nominetur
2759 1160 3133 1223 secundum.

2340 1368 2863 1435 PROPOSITIO
2908 1369 3163 1433 XXIII.

2081 1553 2442 1631 Quatuor
2485 1554 2674 1620 sunt
2715 1566 2971 1619 causae
3018 1553 3139 1619 rei
3187 1555 3501 1621 natura-

1999 1650 2127 1732 lia,
2174 1652 2254 1717 et
2300 1652 2462 1718 tria
2509 1650 2907 1733 principia
2951 1652 3017 1733 ej
3028 1667 3123 1718 us
3166 1652 3251 1718 in
3294 1652 3497 1734 fleri,

1999 1763 2091 1815 ao
2141 1750 2298 1816 duo
2344 1750 2432 1815 in
2480 1764 2675 1816 esee.

389 1850 598 1918 natur,
634 1843 988 1926 perficitur.
1035 1845 1112 1907 Et
1154 1846 1410 1927 quando
1448 1845 1525 1907 l'it
1561 1864 1772 1909 sermo
1809 1846 1888 1909 de
1926 1848 1973 1911 B
2081 1846 2257 1920 Quod
2301 1854 2419 1919 est,
2452 1847 2605 1930 quia
2644 1865 2745 1909 res
2786 1846 3104 1911 naturales
3140 1848 3354 1928 (dictae
3391 1867 3500 1911 na-

389 1958 458 2001 re
526 1940 878 2003 secundum
943 1942 1006 2004 id
1065 1941 1236 2025 quod
1302 1950 1419 2015 est,
1483 1960 1610 2005 non
1669 1962 1890 2006 secun-

389 2038 544 2100 dum
594 2038 978 2121 completam
1029 2058 1140 2103 seu
1192 2040 1526 2103 formalem
1577 2042 1888 2105 rationem

391 2134 617 2219 ipsiuS,
662 2137 940 2199 dicimur
988 2136 1160 2220 loqui
1212 2137 1290 2201 de
1335 2157 1410 2201 ea
1455 2139 1883 2202 materialiter.

747 2348 1268 2414 PROPOSITIO
1311 2348 1534 2413 XXII.

469 2532 831 2598 Primum
879 2531 963 2597 et
1001 2532 1436 2598 seeundum
1480 2530 1887 2597 correlati-

388 2644 490 2696 ve
533 2630 934 2695 dicuntur.

471 2727 752 2789 Primum
791 2726 964 2788 enim
1009 2725 1298 2788 ordinem
1341 2734 1406 2788 et
1445 2726 1886 2789 habitudinem

387 2824 644 2886 denotat
681 2822 760 2886 ad
799 2822 1175 2885 secundum.
1213 2824 1664 2887 Verumtamen
1707 2826 1771 2886 in
1811 2842 1888 2887 eo

387 2922 558 3005 quod
616 2921 999 3005 simpliciter
1055 2929 1116 2983 et
1175 2922 1514 2985 omnifarie
1574 2940 1686 2985 seu
1747 2923 1888 2985 uni-

1998 1944 2238 2007 turales
2282 1963 2317 2007 a
2362 1951 2607 2017 natura,
2642 1964 2783 2027 quae
2826 1953 2923 2007 est
2968 1946 3359 2027 principium
3405 1948 3499 2010 in-

1998 2042 2351 2105 trinsecum
2400 2050 2609 2105 motus
2657 2050 2722 2104 et
2770 2042 3034 2125 quietis)
3076 2045 3502 2108 essentialiter

1998 2147 2293 2202 constant
2356 2148 2547 2222 atque
2618 2140 2962 2203 intrinsece
3030 2150 3501 2223 componuntur

1999 2258 2075 2300 ex
2109 2238 2375 2301 materia
2414 2246 2477 2301 et
2505 2236 2733 2311 forma,
2769 2238 2833 2301 in
2872 2257 3031 2320 quas
3070 2247 3135 2302 et
3172 2238 3499 2303 resolvun-

1997 2342 2102 2397 tur
2149 2352 2164 2397 :
2209 2344 2274 2398 et
2328 2335 2454 2399 illae
2512 2344 2663 2400 sunt
2718 2354 2924 2399 causae
2984 2337 3073 2399 rei
3137 2337 3501 2401 intrinsecae

1997 2434 2497 2517 essentialesque
2564 2442 2795 2517 partes.
2858 2436 3075 2500 Causae
3140 2455 3293 2501 vero
3358 2438 3499 2518 ejus

1997 2532 2295 2595 efficiens
2324 2539 2390 2594 et
2418 2532 2655 2607 finalis,
2690 2541 2841 2595 sunt
2868 2552 3073 2598 causae
3102 2534 3493 2598 extrinsecae.

1999 2629 2308 2693 Similiter
2345 2629 2553 2693 forma
2597 2630 3032 2693 substantialis
3072 2639 3263 2713 atque
3304 2640 3496 2695 mate-

1999 2728 2092 2789 ria
2147 2736 2299 2789 sunt
2344 2728 2691 2789 intrinseca
2736 2748 2809 2790 ac
2857 2729 3301 2793 substantialia
3356 2730 3497 2811 ejus

1997 2825 2315 2907 principia
2348 2825 2411 2887 in
2442 2826 2712 2889 essendo
2752 2834 2817 2887 et
2856 2825 3023 2889 facto
3059 2846 3217 2891 esse.
3238 2828 3499 2890 Verum-

1995 2930 2233 2996 tamen,
2275 2943 2475 3005 quum
2516 2924 2609 2986 nil
2658 2932 2997 3005 generetur
3044 2926 3169 2987 nisi
3220 2925 3500 2989 subster-

385 3020 719 3083 versaliter
768 3020 1049 3101 primum
1097 3027 1216 3093 est,
1269 3019 1444 3082 nulla
1501 3027 1598 3083 est
1654 3020 1732 3082 ad
1792 3021 1885 3083 in·
1923 3026 2185 3089 Gnatur
2253 3030 2316 3083 et
2374 3021 2581 3084 subsit
2637 3021 3001 3102 subjectum
3060 3041 3174 3086 seu
3236 3024 3499 3087 materia

386 3118 620 3180 seriora
647 3126 838 3200 atque
868 3118 1143 3179 secunda
1173 3136 1284 3179 seu
1319 3118 1666 3199 posteriora
1698 3118 1886 3181 realis

385 3216 632 3289 relatio,
656 3216 763 3279 sed
795 3216 1171 3278 econtrario.
1192 3215 1382 3279 Porro
1413 3216 1692 3297 primum
1728 3216 1888 3278 mul·

385 3314 693 3396 tipliciter
735 3314 990 3386 dicitur,
1035 3312 1336 3375 videlicet
1381 3331 1394 3375 :
1441 3314 1888 3377 universaliter

387 3432 500 3476 seu
532 3411 950 3495 simpliciter3
982 3418 1046 3475 et
1085 3411 1172 3473 ita
1214 3429 1340 3473 non
1381 3420 1478 3475 est
1517 3413 1640 3475 nisi
1683 3433 1885 3476 unum

389 3512 696 3596 primum,
760 3512 932 3594 quod
1008 3518 1106 3573 est
1173 3511 1339 3573 Deus
1406 3519 1704 3584 aeternus,
1773 3512 1885 3593 qui

389 3610 690 3673 universa
747 3608 1048 3691 praecedit
1103 3608 1432 3689 dignitate,
1493 3610 1882 3683 causalitate,

387 3714 623 3771 aeterna
668 3706 1020 3778 duratione,
1069 3706 1380 3770 altissima
1427 3707 1882 3779 dominatione,

387 3814 454 3869 et
490 3806 770 3868 breviter
809 3805 1270 3877 concludendo,
1303 3805 1680 3869 excellentia
1707 3805 1886 3868 abso-

389 3906 520 3968 lute
569 3912 632 3967 et
683 3902 940 3986 penitus
997 3903 1272 3965 infinita.
1327 3904 1573 3966 Dicitur
1629 3921 1884 3985 quoque

389 4003 668 4086 primum
703 4000 1170 4083 particulariter
1199 4009 1262 4064 et
1291 4002 1732 4075 determinate,
1765 4002 1886 4064 sic-

340 4162 349 4179 ·
389 4108 460 4162 ut
491 4100 554 4162 in
585 4100 760 4163 omni
790 4118 1022 4181 genere
1052 4117 1124 4161 ac
1154 4099 1378 4163 ordine
1407 4117 1620 4162 rerum
1652 4099 1887 4162 dicitur

1996 3138 2219 3181 carens
2278 3120 2502 3193 forma,
2554 3120 2629 3183 ad
2680 3139 2871 3201 quam
2922 3122 3247 3202 generatio
3294 3123 3500 3185 tendit

1994 3236 2068 3279 ac
2127 3217 2545 3295 terminatur3
2598 3216 2836 3281 idcirco
2895 3219 3169 3301 privatio
3217 3236 3495 3303 quoque,

1997 3315 2060 3377 id
2123 3322 2221 3377 est
2277 3316 2557 3377 carentia
2614 3314 2835 3379 formae
2894 3317 3318 3399 producendae
3384 3336 3496 3381 seu

1995 3413 2363 3486 educendae,
2397 3431 2543 3475 cum
2577 3414 2936 3495 aptitudine
2967 3416 3340 3489 exsistendi,
3374 3415 3495 3479 fer-

1993 3510 2539 3593 tur,principium
2591 3512 2681 3573 rei
2734 3512 3041 3575 naturalis
3089 3514 3152 3575 in
3213 3513 3382 3587 sieri,
3434 3522 3499 3576 et

1996 3628 2189 3672 causa
2246 3610 2385 3672 sine
2443 3628 2569 3691 qua
2615 3628 2765 3684 non,
2818 3618 2883 3674 et
2938 3612 3121 3693 quasi
3171 3630 3286 3695 per
3330 3612 3493 3675 acci-

1995 3708 2153 3770 dens
2206 3724 2219 3769 :
2274 3708 2425 3790 quia
2484 3708 2763 3772 materiae
2809 3710 3043 3772 accidit
3092 3729 3234 3773 esse
3291 3710 3495 3773 forma

1996 3807 2328 3889 privativa.
2380 3807 2705 3871 Postremo
2751 3806 2905 3871 finis
2959 3809 3318 3891 appellatur
3366 3827 3493 3871 ma-

1995 3904 2168 3966 xima
2198 3922 2409 3978 causa,
2442 3912 2507 3966 et
2544 3922 2735 3966 causa
2774 3924 3131 3979 causarum,
3168 3906 3495 3987 magisque

1995 4001 2215 4064 influit
2248 4020 2262 4063 :
2295 4002 2598 4084 quoniam
2638 4002 2791 4065 finis
2832 4010 3045 4065 movet
3073 4003 3492 4078 efficientem,

1994 4099 2291 4163 efficiens
2350 4101 2705 4173 materiam,
2756 4119 2883 4182 qua
2942 4106 3111 4162 mota
3168 4100 3495 4163 inducitur

387 4217 529 4261 esse
587 4216 787 4259 unum
849 4196 1130 4279 primum
1185 4214 1199 4259 :
1251 4196 1472 4278 sicque
1530 4205 1628 4261 est
1683 4216 1883 4260 unum
1915 4206 1964 4268 D
1996 4199 2245 4277 sorma3
2292 4206 2356 4261 et
2400 4217 2475 4261 ea
2516 4198 2744 4281 adepta
2786 4206 2991 4261 cessat
3038 4204 3246 4261 motus
3293 4217 3491 4280 quan-

391 4297 674 4379 primum
747 4294 912 4357 inter
981 4302 1207 4357 creata.
1283 4294 1520 4358 Iterum
1603 4296 1883 4378 primum

389 4394 632 4476 aliquid
699 4392 1060 4475 appellatur
1125 4394 1368 4456 ratione
1439 4394 1887 4458 ecclesiasticae

391 4492 740 4573 dignitatiS,
799 4510 913 4554 seu
973 4492 1326 4573 praelaturae
1391 4501 1499 4555 aut
1569 4492 1887 4575 principa·

394 4599 517 4653 tus.
552 4592 794 4655 Rursus
831 4589 1066 4652 dicitur
1092 4589 1336 4671 aliquid
1382 4591 1660 4673 primum
1702 4590 1887 4653 ratio-

1995 4304 2132 4359 tum
2180 4297 2259 4359 ad
2297 4296 2389 4359 rei
2433 4296 2939 4378 productionem,
2981 4296 3351 4377 proceditur
3395 4303 3490 4359 ta-

1997 4413 2144 4457 men
2216 4414 2331 4477 per
2398 4402 2639 4457 motum
2702 4401 2766 4456 et
2821 4394 3136 4457 actionem
3192 4394 3271 4457 ad
3337 4394 3491 4457 finis

1995 4492 2405 4574 adeptionem
2442 4510 2456 4554 :
2490 4492 2600 4574 qui
2632 4509 2966 4574 processus
2995 4498 3094 4554 est
3120 4491 3199 4555 ad
3228 4492 3320 4556 rei
3352 4511 3491 4575 per-

1998 4590 2367 4653 sectionem.
