4300 6259
505 2565 680 2610 propos.
693 2567 746 2598 ci.

770 485 889 552 196

1376 504 1801 551 ELRMENTATIO
1839 501 2235 551 TnEoLOGICA.
2280 521 2361 532 —
2405 502 2483 548 DE
2526 501 2982 550 INCARNATIONE
3024 500 3262 548 cnms‘rl

1505 927 1649 1012 DE
1719 927 1839 1014 IN
1855 925 2593 1013 CARNATIONE
2670 923 3143 1010 CHRISTI

1162 1267 1680 1333 PROPOSITIO
1729 1267 1840 1331 CX
1855 1315 1868 1330 .

865 1461 994 1528 Ad
1062 1461 1613 1528 redimendum
1671 1475 1926 1539 genus
1992 1459 2272 1525 huma-

770 1574 988 1641 num,
1025 1561 1526 1625 incarnatum
1565 1559 1692 1625 est
1729 1558 2078 1625 Verbum
2124 1557 2271 1622 Del

769 1659 1181 1724 aeternum.

854 1754 1031 1829 Quod
1070 1762 1188 1829 est,
1222 1755 1374 1836 quia
1411 1755 1511 1834 (ut
1550 1761 1791 1816 tactum
1835 1753 1959 1834 est)
2001 1771 2114 1835 per
2143 1751 2271 1834 pri-

773 1870 943 1915 mam
993 1860 1057 1914 et
1093 1851 1470 1933 originalem
1515 1851 1710 1934 primi
1750 1852 2030 1934 parentis
2074 1859 2274 1912 trans-

770 1949 1190 2031 gressionem,
1235 1949 1301 2011 in
1344 1949 1484 2030 ipso
1530 1949 1791 2012 homine
1832 1948 2041 2031 primo
2080 1946 2274 2030 periit

771 2047 914 2127 ejus
954 2047 1290 2128 posteritas
1325 2064 1338 2108 :
1374 2046 1461 2108 ita
1491 2047 1660 2128 quod
1691 2045 1988 2127 originali
2023 2045 2275 2126 justitia

769 2144 944 2226 justo
988 2144 1095 2207 Dei
1139 2143 1384 2225 judicio
1425 2151 1524 2206 est
1565 2143 1832 2226 privata,
1879 2142 2271 2206 damnationi

773 2240 1053 2305 obnoxia
1089 2241 1279 2316 facta,
1312 2259 1439 2305 non
1481 2243 1688 2305 solum
1735 2241 2050 2304 terrestris
2094 2261 2274 2324 para-

773 2339 896 2402 disi
928 2338 1322 2402 habitatione
1355 2338 1616 2421 indigna
1644 2338 1896 2414 effecta,
1931 2340 2039 2402 sed
2081 2340 2272 2403 coele-

2297 1260 2350 1324 A
2379 1259 2731 1323 berrimum
2776 1260 3041 1334 bonum,
3076 1259 3163 1322 ita
3200 1260 3373 1342 quod
3410 1259 3629 1323 nullus
3674 1267 3897 1342 poste-

2379 1377 2596 1422 rorum
2642 1358 2844 1440 ipsius
2888 1359 3181 1440 perisset.

2458 1457 2783 1528 Praeterea,
2816 1473 3047 1535 genere
3077 1455 3359 1518 humano
3396 1455 3487 1518 sic
3528 1457 3783 1538 perdito
3820 1463 3895 1518 et

2380 1554 2697 1628 damnato,
2739 1560 3152 1635 supersancta
3192 1561 3256 1616 et
3295 1553 3892 1636 irreprehensibilis

2379 1650 2491 1713 Dei
2518 1650 2768 1731 justitia
2809 1650 3091 1723 dictavit,
3126 1651 3256 1713 imo
3296 1650 3379 1714 ab
3422 1659 3661 1714 aeterno
3704 1651 3895 1713 insti-

2380 1748 2503 1810 tuit
2531 1767 2603 1810 ac
2625 1747 2928 1820 decrevit,
2962 1765 3090 1810 non
3122 1749 3436 1812 redimere
3480 1767 3599 1812 nec
3637 1747 3891 1829 justifi-

2382 1865 2525 1908 care
2573 1864 2646 1908 ae
2696 1846 2939 1908 salvare
2986 1863 3187 1927 genus
3244 1846 3623 1920 humanum,
3670 1865 3893 1929 neque

2382 1945 2675 2025 originali
2736 1944 2830 2006 illi
2893 1953 3154 2027 peccato
3213 1945 3541 2026 ignoscere
3599 1965 3671 2008 ac
3736 1946 3893 2027 ejus

2381 2041 2633 2104 auferre
2665 2048 2933 2116 reatum,
2967 2041 3091 2105 nisi
3124 2061 3238 2124 per
3266 2042 3755 2119 satisfactorem,
3790 2062 3897 2106 re-

2384 2140 2861 2203 conciliatorem
2928 2148 2991 2204 et
3058 2141 3531 2224 redemptorem
3590 2150 3721 2206 tam
3785 2141 3895 2204 di-

2381 2256 2603 2319 gnum,
2635 2237 2971 2302 efficacem
3000 2247 3063 2302 et
3096 2239 3529 2314 innocentem,
3552 2240 3723 2323 quod
3754 2258 3897 2303 me-

2383 2336 2577 2398 ritum
2609 2337 2773 2416 ejuS,
2807 2337 3035 2399 caritas
3066 2342 3130 2399 et
3157 2337 3410 2418 justitia
3451 2338 3895 2401 redundarent

775 2437 890 2501 stis
921 2455 1178 2521 quoque
1207 2437 1486 2520 paradisi
1526 2437 1727 2500 salute
1758 2445 1822 2500 et
1850 2437 2050 2518 gloria
2091 2438 2275 2500 desti·
2305 2436 2352 2497 B
2382 2442 2446 2496 et
2494 2435 2880 2517 pertransire
2924 2444 3187 2518 possent
3235 2435 3302 2497 in
3345 2437 3721 2499 universum
3766 2436 3895 2498 hu-

774 2543 932 2610 tuta,
983 2543 1056 2597 ut
1104 2554 1298 2618 supra
1348 2536 1541 2598 etiam
1593 2555 1708 2617 per
1755 2535 2124 2618 exemplum
2177 2544 2274 2598 est

773 2635 1187 2698 declaratum.
1222 2635 1414 2697 Porro
1445 2634 1692 2716 primus
1724 2634 2018 2698 humanae
2050 2653 2273 2717 propa-

769 2733 939 2814 ginis
991 2751 1240 2816 parenS,
1292 2731 1586 2813 originali
1651 2741 1910 2814 peccato
1955 2733 2155 2814 (quod
2204 2733 2270 2795 in

773 2833 914 2914 ipso
945 2831 1138 2895 etiam
1169 2830 1419 2893 actuale
1449 2831 1693 2893 exstitit
1735 2850 1809 2893 ac
1855 2830 2150 2910 mortale)
2182 2831 2273 2893 in-

765 2929 997 3004 fectus,
1030 2929 1314 3003 vitiatus,
1349 2936 1710 3012 corruptuS,
1743 2929 1864 2992 hoc
1906 2937 2022 3003 est,
2059 2928 2125 2992 in
2165 2949 2271 2992 na-

767 3028 1086 3091 turalibus
1116 3028 1326 3103 laesus,
1360 3036 1550 3111 atque
1590 3029 1886 3110 gratuitis
1926 3029 2271 3092 destitutus

767 3145 840 3189 ac
879 3126 1212 3208 spoliatuS,
1247 3144 1374 3189 non
1419 3126 1511 3189 sic
1556 3127 1766 3209 potuit
1801 3146 1917 3190 sua
1959 3127 2272 3209 poeniten-

769 3224 908 3287 tiali
945 3224 1350 3298 contritione,
1392 3223 1829 3287 satisfactione
1879 3243 1952 3287 ac
2000 3225 2269 3299 meritiS,

767 3322 1097 3404 originalis
1126 3323 1393 3404 justitiae
1423 3322 2275 3398 conformitatem,innocen-

773 3423 879 3486 tiae
936 3423 1202 3496 donum,
1263 3421 1532 3502 gratiam
1590 3429 1844 3502 gratum
1903 3421 2270 3495 facientem,

771 3521 1099 3584 caritatem
1148 3538 1221 3583 ac
1261 3527 1506 3583 ceteros
1545 3519 1802 3582 habitus
1848 3519 2157 3581 virtutum
2211 3525 2275 3582 et

2384 2554 2643 2597 manum
2682 2552 2907 2616 genuS,
2948 2535 3035 2598 ita
3082 2536 3253 2617 quod
3302 2542 3431 2598 tam
3470 2542 3731 2618 accepta
3778 2537 3891 2599 vel

2380 2632 2593 2716 potius
2622 2633 2979 2715 acceptiora
3011 2632 3341 2716 magisque
3368 2641 3545 2716 grata
3580 2643 3645 2696 et
3683 2634 3891 2716 placi-

2380 2740 2443 2795 ta
2469 2741 2681 2794 essent
2718 2733 2845 2795 Deo
2886 2733 3171 2806 creatori,
3202 2751 3395 2814 quam
3435 2732 3715 2796 hominis
3754 2733 3893 2815 pri-

2382 2831 2469 2892 mi
2500 2831 2906 2905 demeritum,
2949 2830 3403 2905 inobedientia,
3435 2831 3886 2912 transgressio,

2380 2929 2850 3011 displicuerunt
2878 2928 3107 2991 eidem.
3127 2929 3317 2992 Porro
3344 2929 3491 2992 talis
3520 2928 3890 2993 satisfactor-

2382 3027 2447 3089 in
2495 3045 2727 3107 genere
2786 3027 3088 3101 humano,
3138 3027 3269 3090 imo
3317 3028 3383 3090 in
3430 3035 3563 3091 toto
3610 3028 3883 3100 munde,

2381 3124 2658 3188 inveniri
2690 3125 2980 3208 nequivit
3008 3125 3123 3200 sic,
3165 3126 3337 3208 quod
3379 3144 3537 3209 pura
3575 3125 3887 3189 consiste-

2381 3230 2478 3286 ret
2508 3231 2817 3297 creatura,
2849 3231 2921 3285 ut
2952 3241 3099 3286 mox
3127 3224 3515 3286 ostendetur.
3540 3225 3887 3306 Propterea

2382 3323 2548 3384 Deus
2576 3321 2833 3404 pietatis
2863 3329 2927 3384 et
2958 3321 3412 3385 misericordiae
3440 3323 3695 3404 penitus
3726 3321 3883 3386 infi-

2381 3421 2553 3494 nitae,
2586 3420 2809 3482 nolens
2837 3439 3039 3501 genus
3068 3420 3425 3483 humanum
3466 3420 3532 3483 in
3572 3428 3701 3484 toto
3739 3441 3887 3504 per·

2383 3518 2497 3592 ire,
2559 3535 2677 3580 nec
2735 3517 2995 3580 aliunde
3044 3517 3345 3600 deceptos
3390 3517 3751 3600 corporales
3798 3537 3877 3582 ae

773 3619 1085 3682 donorum
1135 3617 1380 3680 caritati
1429 3635 1711 3680 annexos
1763 3623 1828 3680 et
1883 3617 2273 3681 necessarios
2303 3620 2346 3685 C
2381 3616 2639 3698 fragiles
2696 3617 3075 3699 permittens
3132 3617 3309 3680 omni
3373 3617 3615 3681 auxilio
3680 3625 3875 3700 atque

775 3718 854 3779 ad
885 3716 1179 3791 salutem,
1214 3714 1337 3777 sibi
1371 3715 1494 3796 ipsi
1525 3733 1598 3776 ac
1631 3733 1762 3777 suae
1792 3715 2146 3796 posteritati
2180 3732 2273 3777 re-

773 3831 1081 3897 cuperare
1106 3832 1180 3876 ac
1211 3813 1584 3895 promereri,
1618 3812 1785 3875 sicut
1814 3813 1948 3876 haec
1980 3812 2118 3894 ipsa
2147 3812 2276 3893 spi-

772 3912 1028 3976 ritualia
1074 3911 1377 3994 praeclara
1425 3910 1805 3974 charismata
1863 3911 2071 3993 potuit
2126 3918 2273 3973 ante

772 4030 953 4076 suam
993 4009 1340 4084 laesionem,
1375 4008 1852 4090 corruptionem
1892 4017 1955 4071 et
1994 4008 2269 4090 lapsum,

771 4110 896 4173 sibi
939 4127 1013 4171 ac
1057 4092 1190 4170 suis
1231 4107 1502 4189 posteris
1548 4107 1794 4181 tollere,
1847 4107 2160 4170 demereri
2198 4126 2273 4171 ac

771 4207 1058 4289 perdere.
1085 4204 1328 4286 Nempe
1359 4211 1504 4266 ante
1533 4222 1715 4266 suam
1747 4204 2022 4279 ruinam,
2048 4212 2274 4267 natura

769 4311 901 4367 tota
929 4304 1210 4366 humana
1238 4301 1362 4363 fuit
1404 4301 1652 4382 inipso
1695 4301 1963 4383 pulchra
2004 4309 2067 4364 et
2112 4303 2273 4365 inte-

769 4419 904 4482 gra,
937 4407 1242 4482 tanquam
1274 4399 1340 4460 in
1372 4398 1693 4481 principio
1731 4417 1804 4461 ac
1843 4399 2074 4462 radice.
2109 4401 2271 4464 Hinc

771 4499 881 4562 illa
913 4515 1184 4582 persona
1224 4505 1296 4558 ut
1336 4496 1482 4559 talis
1527 4505 1590 4559 et
1632 4504 1826 4570 tanta,
1859 4497 2197 4580 taliterque
2234 4519 2272 4562 a

769 4615 886 4662 suo
916 4597 1210 4660 Creatore
1247 4594 1672 4658 honorificata
1711 4603 1774 4658 et
1813 4595 2124 4671 instituta,
2161 4615 2268 4680 po-

765 4697 891 4760 tuit
937 4694 1189 4758 -habere
1253 4702 1317 4758 et
1379 4693 1605 4760 habuit
1667 4694 1986 4758 actionem
2061 4695 2126 4757 in
2200 4714 2267 4758 se

2382 3716 2665 3779 remedio
2710 3716 3067 3790 destitutOS,
3118 3715 3501 3797 excogitavit
3544 3723 3611 3778 et
3654 3717 3881 3779 statuit

2381 3813 2447 3876 in
2515 3813 2772 3876 infinita
2838 3813 3169 3897 sapientiae
3223 3832 3355 3878 suae
3415 3812 3871 3897 profunditate,

2380 3912 3877 3993 congruentissimum,superrationabilissimum

2379 4030 2452 4073 ac
2481 4010 3169 4093 supersubtilissimum
3203 4009 3462 4074 modum
3500 4030 3877 4075 succurren-

2380 4109 2467 4185 di,
2528 4109 2825 4172 medendi
2883 4128 2956 4171 ac
3015 4109 3437 4172 saluberrime
3496 4111 3874 4193 providendi

2378 4208 2659 4272 humano
2690 4207 3040 4270 miserabili
3070 4208 3311 4288 generi,
3345 4215 3501 4290 puta
3529 4227 3643 4291 per
3674 4210 3879 4272 incar-

2379 4305 2705 4369 nationem
2761 4303 2953 4367 Verbi
3002 4305 3246 4379 aeterni,
3298 4305 3470 4387 quod
3521 4306 3588 4369 in
3634 4308 3879 4372 unitate

2379 4420 2665 4486 personae
2706 4409 2873 4464 esset
2922 4403 3087 4464 Deus
3136 4409 3200 4464 et
3246 4401 3439 4466 homo
3481 4420 3496 4465 :
3539 4403 3759 4488 sicque
3797 4423 3879 4468 ex

2376 4508 2703 4582 assumpta
2745 4499 3141 4562 humanitate
3188 4499 3453 4563 haberet
3500 4503 3875 4584 promereri,

2376 4599 2763 4673 satisfacere,
2816 4599 2969 4680 pati,
3020 4599 3361 4662 condolere
3417 4619 3491 4663 ac
3540 4602 3743 4680 mori;
3793 4621 3875 4666 ex

2375 4698 2770 4781 hypostatica
2834 4714 2985 4759 vero
3054 4696 3510 4777 conjunctione
3576 4718 3723 4762 cum
3780 4701 3873 4763 in-

764 4795 996 4878 ipsam,
1029 4800 1094 4856 et
1125 4793 1190 4856 in
1221 4811 1403 4856 suam
1437 4792 1873 4874 posteritatem
1908 4793 2264 4856 redundan-
2294 4797 2343 4858 D
2374 4801 2581 4856 creata
2610 4794 2830 4858 divina
2860 4813 3151 4876 persona,
3188 4803 3343 4877 puta
3372 4795 3580 4859 Verbo
3607 4805 3865 4872 aetern0,

761 4901 894 4957 tem
923 4912 998 4956 ac
1023 4900 1458 4955 transeuntem
1495 4908 1509 4952 :
1548 4891 1697 4965 imo,
1731 4891 1896 4953 sicut
1927 4910 2040 4973 per
2069 4892 2261 4955 actio-

763 5010 912 5055 nem
956 4989 1532 5074 praevaricatoriam
1577 4997 1640 5052 et
1691 4988 1980 5071 iniquam
2031 4990 2261 5052 redun-

761 5091 936 5154 davit
992 5090 1056 5151 in
1113 5087 1564 5169 gravissimum
1623 5094 2106 5163 nocumentum,
2166 5087 2259 5150 sic

762 5207 878 5273 per
917 5188 1231 5251 actionem
1275 5185 1730 5269 triumphalem
1769 5193 1833 5249 et
1870 5187 2259 5250 obedientia-

763 5288 891 5353 lem
941 5285 1355 5350 redundasset
1400 5285 1467 5347 in
1517 5283 1926 5366 potissimum
1974 5304 2046 5348 ac
2095 5285 2259 5348 salu-

2371 4893 2726 4974 praesertim
2770 4911 2848 4955 ex
2898 4893 3034 4974 ipsa
3070 4891 3259 4963 Verbi
3310 4893 3566 4969 deitate,
3606 4894 3870 4960 haberet

2369 5009 2627 5058 omnem
2675 4990 3511 5073 superabundantissimam,
3563 4993 3867 5058 inexhau-

2368 5088 2623 5151 ribilem
2662 5097 2725 5152 et
2773 5089 2955 5171 quasi
3001 5089 3381 5152 immensam
3429 5091 3867 5169 idoneitatem,

2368 5184 2751 5262 efficaciam,
2793 5187 3168 5269 dignitatem
3214 5191 3643 5270 promerendi,
3684 5193 3872 5256 satis-

2366 5283 2665 5362 faciendi,
2736 5285 3157 5350 subveniendi
3224 5287 3557 5371 deperdito
3620 5290 3866 5372 generi,
