4300 6259
638 491 1060 539 anunm-Auo
1099 489 1556 537 rniwsormca.
1601 506 1682 519 ——
1725 488 1804 534 nn
1846 488 2281 535 suasi-aurum
2320 488 2640 538 conponunt
2680 490 3117 539 courosiriom:
3348 474 3429 537 45

663 665 1181 733 PROPOSITIO
1225 663 1478 729 XXIX.
1848 657 1901 721 Α
2011 659 2098 721 De
2166 658 2267 722 his
2332 658 2746 742 opinionibus
2810 680 3005 744 super
3072 660 3425 723 secundum

1929 755 2427 831 Sententiarum,
2473 758 2881 822 distinctione
2928 758 3423 842 quintadecima,
3484 775 3745 830 cs.t.xxu‚

1928 853 2233 917 diffusius
2263 862 2357 917 est
2387 862 2739 918 tractatum.
2757 856 3010 919 Materia
3040 857 3277 939 quippe
3307 855 3426 919 ista
3454 839 3745 895 ¹³·¹¹⁷⁰'⁶‘⁸·

1931 971 2153 1015 revera
2184 953 2498 1029 difficilis,
2522 963 2583 1016 et
2613 955 3177 1037 disputationibuS‚
3204 956 3333 1019 imo
3364 963 3425 1018 et

390 858 815 925 Elementa
841 857 930 924 in
957 860 1237 925 mixtis
1281 858 1622 939 quodam
1659 870 1821 923 mo-

303 956 412 1021 do
463 960 812 1039 manent,
862 958 945 1023 et
990 956 1261 1037 aliquo
1308 956 1541 1023 modo
1589 969 1766 1021 non.

389 1055 576 1127 Quod
606 1063 723 1129 est,
738 1056 890 1138 quia
907 1058 1008 1137 (ut
1024 1055 1112 1117 ait
1132 1054 1582 1136 Philosophus)
1599 1053 1821 1116 mixtio

301 1152 754 1226 alteratorum,
807 1171 932 1217 non
981 1160 1452 1235 corruptorum,
1499 1159 1598 1215 est-
1645 1151 1814 1215 unio.

305 1251 771 1315 Verumtamen
814 1252 936 1314 hoc
975 1250 1244 1315 verbum
1297 1250 1552 1313 videtur
1595 1249 1820 1312 obscu-

305 1368 486 1411 rum.
523 1350 698 1413 Unde
739 1349 1066 1413 nonnullis
1095 1357 1192 1411 est
1223 1350 1456 1421 visum,
1489 1348 1658 1431 quod
1699 1347 1820 1410 ele-

313 1455 541 1510 menta
605 1448 670 1510 in
739 1448 938 1511 mixto
995 1446 1501 1509 substantialiter
1563 1452 1822 1509 manent

309 1546 591 1607 remissa
648 1553 961 1628 quantum
1009 1545 1088 1608 ad
1137 1563 1284 1608 suas
1345 1542 1706 1625 qualitateS‚
1757 1550 1822 1605 et

307 1643 533 1723 quoad
561 1661 668 1705 eas
708 1643 787 1705 ad
827 1641 1437 1726 contemperantiam
1477 1641 1818 1723 quamdam

308 1740 596 1813 redacta,
629 1758 756 1803 non
799 1749 1012 1803 autem
1052 1748 1365 1822 quantum
1407 1740 1486 1804 ad
1529 1740 1820 1803 substan-

305 1840 438 1901 tias
471 1858 620 1901 suas
661 1838 928 1901 remissa
961 1857 976 1901 ε
1008 1848 1286 1902 attamen
1333 1838 1450 1911 sic,
1484 1838 1654 1921 quod
1700 1837 1821 1902 sor·
1857 1838 1904 1902 B

307 1957 438 2002 mae
470 1956 696 2001 eorum
727 1938 1174 2001 substantiales
1207 1938 1268 1999 in
1305 1937 1504 2000 mixto
1541 1954 1668 1999 non
1712 1935 1818 1999 ha-

309 2036 476 2099 bent
494 2056 634 2100 esse
656 2036 928 2100 liberum
941 2084 956 2111 ,
970 2037 1080 2099 sed
1103 2036 1391 2119 ligatum,
1407 2054 1526 2099 nec
1555 2035 1818 2099 evidens

307 2142 374 2197 et
413 2144 739 2209 ornatum,
773 2134 882 2198 sed
915 2135 1116 2197 latens
1143 2142 1210 2197 et
1237 2134 1418 2216 quasi
1449 2133 1812 2197 confusum.

309 2234 494 2296 Hanc
524 2234 893 2316 opinionem
925 2241 1180 2295 secutus
1210 2240 1308 2295 est
1334 2232 1678 2295 Avicenna.
1715 2231 1818 2294 Se-

312 2332 532 2394 cunda
579 2332 800 2414 opinio
837 2340 956 2405 est,
996 2350 1188 2413 quam
1228 2331 1436 2394 tenuit
1481 2330 1816 2393 Commen-

313 2440 506 2505 tator,
569 2430 740 2512 quod
798 2430 1113 2493 elementa
1173 2438 1434 2493 manent
1492 2430 1558 2491 in
1621 2430 1818 2492 mixto

313 2530 592 2593 remissa
647 2530 1000 2593 secundum
1045 2548 1192 2591 suas
1241 2528 1650 2602 substantias,
1701 2546 1816 2591 seu

313 2629 534 2711 quoad
579 2628 814 2691 formas
857 2648 1004 2690 suas
1047 2625 1518 2700 substantialeS,
1559 2635 1624 2689 et
1663 2626 1815 2689 item

313 2735 636 2810 quantum
695 2728 775 2790 ad
824 2727 1061 2790 formas
1118 2745 1265 2788 suas
1311 2726 1736 2789 accidentales
1798 2741 1813 2788 :

310 2827 544 2909 sicque
604 2826 920 2888 concessit
975 2825 1306 2897 AverroeS,
1366 2824 1536 2907 quod
1594 2823 1817 2888 formai

309 2925 782 2988 elementorum
833 2922 1282 2987 substantiales
1329 2924 1434 3003 (eo
1483 2924 1651 3005 quod
1701 2922 1820 2985 im-

1930 1051 2447 1115 contentionibus
2497 1060 2721 1135 patens
2770 1061 2886 1126 est,
2930 1053 3098 1116 sicut
3143 1062 3207 1116 et
3254 1061 3427 1117 tanta

1930 1156 2251 1212 tantorum
2297 1149 2577 1213 declarat
2611 1151 2946 1214 dissensio.
2982 1151 3212 1225 Quarta
3250 1170 3424 1227 vero,

1931 1248 1999 1309 in
2045 1264 2122 1311 eo
2170 1248 2339 1329 quod
2386 1249 2476 1311 ait
2518 1249 2834 1312 elementa
2882 1249 2949 1312 in
3002 1249 3183 1311 mixti
3240 1268 3429 1331 gene-

1932 1345 2175 1409 ratione
2226 1346 2479 1409 realiter
2526 1364 2651 1410 non
2702 1365 3103 1421 concurrere,
3150 1356 3247 1410 est
3295 1350 3432 1413 Ari-

1931 1444 2140 1507 stoteli
2200 1462 2273 1506 ac
2333 1444 2659 1508 communi
2729 1446 3033 1510 doctrinae
3100 1447 3429 1511 evidenter

1932 1542 2271 1606 contraria.

2288 1751 2806 1819 PROPOSITIO
2852 1753 3072 1819 XXX.

2011 1938 2107 2003 In
2178 1938 2452 2005 eodem
2529 1940 2973 2019 composito
3041 1953 3199 2005 non
3268 1941 3427 2006 nisi

1929 2050 2172 2103 unam
2210 2038 2641 2103 consistere
2694 2036 3030 2105 formam
3070 2038 3424 2105 substan-

1929 2133 2238 2215 tialem,
2268 2134 2705 2215 probabilis
2747 2137 2868 2202 est
2905 2136 3175 2217 opinio
3202 2158 3221 2217 ;
3250 2151 3425 2218 quae

1931 2235 2197 2300 tamen
2244 2232 2527 2299 multis
2573 2234 3019 2302 rat10n1bus
3062 2236 3147 2301 et
3197 2251 3422 2317 expe·

1929 2333 2299 2398 rimentts
2345 2333 2673 2398 videtur
2715 2334 3139 2401 contraria.

2009 2429 2183 2504 Quod
2228 2437 2344 2503 est,
2387 2432 2690 2512 quoniam
2740 2430 2947 2495 forma
2992 2431 3427 2494 substantialis

1930 2529 2036 2591 dat
2063 2546 2203 2591 esse
2234 2528 2617 2610 simpliciter
2649 2530 2843 2613 :ideo
2886 2529 3053 2592 sicut
3092 2530 3159 2593 in
3196 2532 3421 2594 eodem

1931 2644 2058 2691 non
2087 2634 2187 2691 est
2215 2628 2337 2689 nisi
2372 2646 2571 2691 unum
2604 2646 2743 2691 esse
2778 2635 2841 2691 et
2880 2647 3006 2691 una
3034 2637 3259 2692 natura
3289 2648 3429 2711 spe-

1931 2726 2142 2799 cifica,
2195 2726 2282 2788 ita
2329 2726 2664 2808 probabile
2711 2734 2829 2801 est,
2882 2745 3009 2790 non
3060 2728 3181 2790 nisi
3228 2747 3419 2791 unam

1931 2824 2201 2888 formam
2248 2843 2389 2887 esse
2426 2824 2911 2888 substantialem
2962 2826 3027 2889 in
3077 2843 3205 2889 uno
3253 2844 3423 2889 com-

1927 2924 2155 3005 posito.
2198 2923 2374 2997 Quod
2424 2930 2487 2986 et
2535 2924 2613 2986 de
2664 2932 2875 2987 mente
2926 2924 3177 2987 videtur
3223 2924 3424 2988 fuisse

313 3022 622 3105 perfectae
653 3022 808 3103 sint)
837 3021 1192 3103 suscipiant
1233 3022 1433 3103 magis
1471 3028 1536 3084 et
1575 3022 1812 3083 minus.
1847 3020 1892 3086 C
1924 3022 2281 3085 Aristotelis
2308 3022 2855 3104 asserenti8,quod
2887 3021 3107 3086 formae
3136 3022 3425 3085 substan-

311 3122 530 3185 'l'ertia
576 3120 798 3202 opinio
835 3128 952 3193 est,
994 3120 1162 3201 quod
1207 3118 1424 3183 formae
1472 3119 1818 3183 elemento-

307 3238 462 3281 rum
509 3218 574 3280 in
625 3219 842 3281 mixtis
891 3236 1017 3281 non
1071 3225 1328 3280 manent
1385 3217 1661 3293 realiter,
1703 3218 1814 3280 sed

307 3317 676 3381 virtualiter
735 3324 1006 3389 tantum,
1055 3333 1132 3379 eo
1181 3317 1372 3379 modo
1419 3334 1546 3399 quo
1595 3316 1814 3379 formai

307 3414 768 3477 substantiales
819 3413 1232 3496 perfectiores
1281 3414 1584 3477 dicuntur
1632 3414 1698 3477 in
1747 3432 1815 3477 se

309 3512 677 3575 virtualiter
717 3513 1044 3575 continere
1093 3511 1329 3575 formas
1367 3512 1816 3576 substantiales

313 3611 656 3675 inferiores
690 3628 704 3671 :
739 3618 810 3673 ut
841 3610 1163 3691 trigonum
1193 3610 1258 3673 in
1301 3618 1628 3692 tetragono
1667 3628 1815 3674 con·

313 3712 582 3783 tinetur,
614 3717 677 3773 et
705 3708 1134 3791 vegetativum
1176 3710 1242 3771 in
1284 3708 1608 3773 sensitivo.
1644 3709 1815 3772 Hanc

311 3810 688 3893 opinionem
719 3808 990 3871 Thomas
1019 3817 1208 3890 atque
1229 3808 1513 3889 AEgidius
1543 3816 1694 3871 sunt
1722 3828 1818 3873 se·-

314 3910 446 3971 euti
479 3926 702 3991 :quam
723 3908 970 3971 aestimo
989 3908 1326 3970 veriorem.
1347 3907 1577 3980 Quarta
1596 3907 1818 3990 opinio

313 4015 430 4081 est,
487 4007 656 4089 quod
704 4004 926 4069 formae
982 4004 1446 4069 elementorum
1503 4013 1814 4088 quantum

313 4106 389 4167 ad
449 4124 596 4167 suas
653 4104 960 4167 essentias
1016 4104 1083 4165 in
1138 4104 1340 4166 mixto
1387 4121 1515 4166 non
1572 4122 1814 4185 perma-

1925 3120 2106 3183 tiales
2146 3119 2483 3185 inferiores
2521 3129 2585 3185 et
2628 3120 3019 3202 imperfectae
3056 3140 3129 3183 ac
3172 3122 3421 3203 praeviae

1927 3227 2185 3282 manent
2240 3220 2599 3282 virtualiter
2650 3220 2713 3281 in
2764 3220 2969 3283 forma
3015 3219 3419 3284 substantiali

1926 3316 2290 3399 perfectiori
2340 3325 2647 3399 sequente
2700 3336 2714 3380 :
2766 3319 3306 3400 quemadmodum
3352 3319 3419 3381 in

1923 3415 2175 3496 figuriS,
2226 3415 2293 3477 in
2336 3422 2668 3497 tetragono
2709 3416 3055 3497 trigonum,
3105 3424 3296 3499 atque
3354 3416 3419 3479 in

1925 3514 2236 3587 numeriS‚
2288 3513 2499 3577 minor
2556 3532 2863 3577 numerus
2922 3514 2987 3577 in
3050 3515 3297 3595 majori.
3351 3516 3421 3578 Id

1925 3629 2182 3694 quoque
2231 3612 2401 3695 quod
2450 3611 2709 3676 advenit
2755 3612 2887 3674 enti
2940 3612 2999 3674 in
3046 3621 3215 3687 actu,
3258 3613 3422 3676 acci-

1925 3710 2082 3773 dens
2131 3709 2525 3792 perhibetur.
2570 3711 2647 3772 Et
2698 3729 2940 3785 rursuS,
2982 3712 3307 3793 generatio
3342 3713 3421 3777 ab

1923 3808 2297 3872 alteratione
2364 3808 2801 3890 distinguitur,
2870 3810 3039 3891 quod
3098 3812 3425 3891 generatio

1923 3915 2020 3970 est
2059 3909 2139 3970 de
2183 3924 2309 3971 non
2354 3926 2493 3971 esse
2532 3906 2934 3989 simpliciter,
2966 3908 3043 3970 ad
3084 3926 3227 3971 esse
3271 3910 3421 3973 sim-

1925 4006 2219 4089 plicitet-3
2264 4006 2553 4070 alteratio
2598 4013 2812 4069 autem
2864 4006 2941 4069 de
2982 4024 3109 4069 non
3148 4026 3289 4071 esse
3328 4028 3423 4071 se-

1923 4105 2207 4168 cundum
2265 4105 2442 4187 quid,
2492 4106 2571 4167 ad
2628 4123 2768 4168 esse
2826 4106 3176 4168 secundum
3238 4107 3415 4189 quid.

313 4212 492 4277 nent,
551 4204 664 4266 sed
724 4202 1084 4265 virtualiter
1149 4222 1524 4286 permanere
1598 4202 1812 4267 ferun·
1843 4206 1892 4268 D
1925 4202 2046 4265 Sed
2095 4210 2161 4265 et
2207 4202 2585 4283 compositio
2636 4202 2935 4275 secunda,
2988 4221 3131 4284 quae
3178 4212 3276 4267 est
3318 4224 3419 4268 ac-

315 4310 440 4376 tur,
497 4308 755 4383 propter
799 4301 1314 4365 convenientiam
1365 4302 1586 4366 formae
1627 4302 1811 4365 mixti

317 4418 464 4461 cum
499 4398 720 4462 formis
749 4398 1216 4462 elementorum
1238 4400 1810 4482 :quemadmodum

317 4498 652 4580 qualitates
709 4504 1010 4561 extrcmae
1069 4497 1371 4559 dicuntur
1429 4516 1686 4561 manere
1745 4499 1810 4561 in

315 4594 732 4678 qualitatibus
775 4594 1028 4667 mediiS,
1071 4602 1142 4656 ut
1181 4595 1410 4659 albedo
1447 4603 1512 4658 et
1549 4597 1813 4677 nigredo

316 4696 380 4756 in
419 4694 734 4757 rubedine
769 4712 881 4756 seu
923 4693 1157 4757 rubore
1190 4712 1204 4756 :
1239 4712 1364 4757 non
1407 4696 1574 4777 quod
1617 4695 1812 4758 rubor

315 4814 390 4857 ex
433 4793 732 4857 albedine
764 4801 828 4857 et
867 4793 1200 4875 nigredine
1243 4794 1498 4857 realiter
1541 4803 1807 4870 constet,

315 4912 512 4974 quum
555 4892 636 4954 sit
675 4891 884 4954 forma
930 4892 1226 4974 simplex,
1271 4892 1378 4955 sed
1430 4894 1809 4956 convenien-

316 4991 466 5053 tiam
499 4989 692 5053 habet
721 5008 870 5052 cum
903 4989 1052 5052 illis.
1086 4990 1228 5053 Haec
1268 4998 1367 5053 est
1408 4990 1628 5073 opinio
1665 4991 1809 5054 Sco-

316 5088 361 5150 ti
421 5106 436 5151 :
489 5088 599 5170 qui
659 5088 852 5151 etiam
914 5096 1086 5152 tenet
1140 5089 1217 5150 ad
1278 5090 1808 5171 compositionem

319 5188 496 5250 mixti
527 5205 658 5251 non
686 5195 978 5270 oportere
1016 5188 1332 5251 elementa
1369 5187 1627 5251 realiter
1663 5206 1810 5252 con-

319 5289 534 5353 venire
573 5296 766 5371 atque
809 5286 1084 5350 misceri.

1923 4301 2193 4363 cidentis
2250 4319 2397 4363 cum
2458 4300 2835 4373 substantia,
2888 4302 3419 4383 compositionem

1923 4400 2221 4481 primam,
2286 4418 2427 4480 quae
2497 4406 2595 4461 est
2667 4398 2947 4462 materiae
3006 4418 3153 4462 cum
3213 4400 3419 4465 forma

1921 4496 2349 4570 substantiali,
2413 4515 2909 4580 praesupponere
2968 4496 3189 4561 fertur.
3238 4500 3421 4563 Nem-

1923 4614 2002 4679 pe
2049 4596 2333 4669 materia,
2375 4614 2575 4677 quum
2617 4596 2699 4658 sit
2740 4614 2901 4677 pura
2946 4598 3251 4678 potentia,
3301 4618 3421 4662 nec

1921 4695 2120 4775 origo,
2165 4713 2284 4757 nec
2332 4712 2543 4765 causa,
2594 4712 2803 4776 neque
2852 4693 3217 4776 subjectum
3283 4705 3419 4779 pot-

1920 4802 2018 4856 est
2055 4811 2193 4855 esse
2231 4792 2658 4857 accidentium
2688 4792 3261 4859 accidentaliumve
3291 4795 3415 4859 for-

1921 4909 2194 4963 marum,
2218 4890 2340 4952 nisi
2372 4889 2643 4953 formata
2670 4896 2735 4951 et
2762 4897 3011 4951 actuata
3042 4890 3247 4955 forma
3267 4893 3415 4958 sub-

1919 4988 2221 5060 stantiali,
2272 5007 2309 5049 a
2364 5006 2489 5069 qua
2542 4986 2813 5069 suscipit
2868 5006 3029 5062 esse,
3090 4990 3229 5053 sine
3288 5012 3415 5076 quo

1919 5106 2038 5151 nec
2103 5086 2395 5149 substare
2458 5094 2685 5169 potest,
2752 5105 2870 5149 nec
2931 5106 3141 5171 agere,
3202 5110 3411 5175 neque

1917 5204 2195 5250 causare.

1996 5286 2449 5349 Verumtamen
2470 5284 2623 5347 huic
2648 5284 2949 5367 positioni
2970 5287 3233 5351 obviant
3254 5289 3413 5354 mul·
