4300 6259
705 494 1128 542 nuncnune
1171 492 1632 540 Pultosormca.
1677 508 1756 520 -
1797 488 1878 537 ΒΕ
1919 488 2359 537 sunsumum
2402 490 2723 539 CORPORUH
2764 490 3201 541 courostriouu
3429 472 3503 537 41

409 682 526 745 per
583 666 1058 749 corruptionem
1111 666 1286 729 illius
1345 664 1536 728 unica
1591 670 1908 726 transmu-
1937 654 1992 721 A
2019 660 2415 725 nei-ationem
2460 669 2525 725 et
2560 660 3035 745 corruptionem
3079 660 3509 732 considerans,

409 762 646 825 tatione
674 769 739 825 et
767 762 1136 825 immediate
1167 768 1374 845 potest
1402 760 1592 823 aliam
1625 758 1910 841 recipere

409 858 722 923 formam:
756 862 926 943 quod
969 879 1094 924 non
1137 878 1392 942 semper
1437 856 1718 921 materiae
1761 874 1909 919 con·

411 960 604 1023 venit.
659 960 892 1042 Sicque
939 958 1362 1041 Philosophus
1417 955 1752 1038 distinguit
1799 956 1912 1018 du·

409 1057 648 1140 plicem
705 1058 986 1123 materian
1045 1058 1418 1141 potentiam,
1479 1055 1906 1139 propinquam

409 1156 658 1221 scilicet
699 1166 764 1221 et
807 1165 1140 1229 remotam,
1172 1157 1290 1219 hoc
1333 1162 1430 1218 est
1475 1153 1908 1217 immediatam

407 1273 482 1319 ac
515 1256 873 1320 mediatam.
907 1256 1088 1320 Ratio
1115 1262 1330 1319 autem
1361 1252 1690 1318 seminalis
1721 1258 1910 1335 prout

407 1355 489 1417 de
545 1372 620 1418 ea
677 1354 961 1418 universi
1023 1354 1452 1427 consentiunt,
1513 1358 1610 1416 est
1664 1350 1908 1433 aliquid

409 1452 476 1515 in
522 1452 810 1527 materia,
855 1452 1030 1515 aliud
1073 1452 1154 1517 ab
1201 1452 1344 1533 ejus
1393 1450 1690 1523 essentia,
1736 1448 1906 1532 quod

409 1549 678 1613 inclinat
733 1558 924 1633 atque
991 1550 1374 1613 determinat
1440 1548 1645 1631 ipsam
1713 1554 1906 1610 mate·

409 1648 568 1712 riam
624 1648 691 1711 in
738 1648 1336 1713 transmutationem
1395 1648 1474 1711 ad
1523 1654 1736 1710 actum
1785 1645 1908 1708 ior-

409 1765 550 1809 mae.
585 1747 814 1810 Semen
845 1766 998 1811 vero
1026 1748 1284 1830 proprie
1313 1753 1723 1828 nuncupatur
1757 1744 1904 1807 sub-

2017 767 2311 822 versatur
2366 760 2535 824 circa
2600 760 2930 823 materiam
2994 768 3183 843 prout
3249 758 3515 822 materia

2020 864 2116 921 est
2172 860 2595 939 generationis
2658 867 2723 923 et
2786 858 3215 942 corruptionis
3280 857 3515 941 princi-

2020 956 2202 1038 pium
2236 976 2309 1020 ac
2349 958 2711 1039 subjectum
2748 976 2763 1021 ε
2794 958 2976 1041 juxta
3012 976 3205 1041 quem
3252 956 3513 1020 modum

2021 1056 2287 1119 materia
2344 1056 2409 1119 in
2474 1057 2627 1121 solis
2694 1057 3107 1121 inferioribus
3174 1055 3509 1139 reperitur.

2019 1152 2355 1236 Quumque
2402 1156 2619 1218 omnia
2664 1155 2968 1219 inferiora
3025 1154 3165 1228 ista,
3215 1152 3515 1217 videlicet

2021 1252 2220 1315 mixta
2252 1260 2317 1315 et
2356 1253 2691 1327 elementa,
2724 1254 2853 1317 sint
2888 1254 2967 1316 ad
2999 1253 3275 1316 invicem
3314 1260 3513 1315 trans-

2021 1350 2375 1425 mutabilia,
2407 1369 2681 1433 quorum
2712 1352 3001 1415 omnium
3034 1350 3338 1415 resolutio
3369 1350 3513 1413 ulti-

2020 1466 2124 1511 ma
2153 1449 2321 1512 sistit
2360 1449 2423 1512 in
2471 1451 2737 1513 materia
2769 1450 2977 1532 prima
3012 1448 3351 1531 privationi
3391 1447 3511 1511 sor-

2021 1566 2138 1611 mae
2186 1566 2473 1627 annexa3
2510 1548 2653 1611 ideo
2700 1548 3005 1612 naturalis
3048 1566 3161 1611 seu
3207 1545 3510 1631 physicus

2019 1645 2304 1721 inferior,
2337 1646 2447 1728 qui
2482 1646 2651 1709 circa
2678 1647 3151 1729 generationem
3193 1652 3258 1709 et
3296 1662 3509 1709 corru-

2016 1743 2303 1825 ptionem
2334 1734 2713 1825 negotiatur,
2746 1744 2973 1808 asserit
2999 1762 3073 1808 ac
3112 1744 3345 1808 latetur
3372 1742 3513 1806 uni-

403 1844 650 1927 jectum
701 1846 870 1928 quod
919 1854 1016 1909 est
1075 1846 1362 1917 materia,
1413 1844 1656 1908 habens
1713 1843 1776 1906 in
1836 1841 1978 1905 seB
2016 1860 2346 1905 versorum
2388 1842 2853 1925 generabilium
2894 1850 2957 1905 et
2993 1842 3507 1925 corruptibilium

407 1943 721 2007 rationem
770 1944 1144 2008 seminalem
1195 1962 1310 2028 per
1353 1943 1626 2025 alicujus
1683 1942 1904 2005 l'ormae

405 2040 1027 2105 determinationem.

487 2140 772 2214 lnterim,
805 2140 1111 2223 quaelibet
1139 2140 1364 2203 harum
1397 2139 1778 2223 opinionum
1815 2138 1904 2201 fa-

405 2254 620 2301 mosos
695 2237 888 2302 habet
955 2238 1364 2317 defensores3
1435 2246 1714 2325 attamen
1785 2238 1906 2301 ista

401 2354 600 2417 quam
647 2336 706 2399 S.
751 2336 1046 2409 Thomas,
1079 2336 1386 2417 AEgidius,
1429 2336 1760 2409 HenricuS,
1801 2336 1904 2400 Ri-

403 2433 702 2507 chardus,
735 2440 800 2497 et
843 2434 950 2496 alii
997 2434 1182 2498 multi
1226 2443 1604 2517 sequuntur,
1639 2435 1906 2497 rationa—

403 2531 598 2595 bilior
653 2550 796 2595 esse
853 2532 1124 2596 videtur.
1186 2532 1314 2595 Nec
1381 2533 1674 2615 sequitur
1729 2532 1900 2606 hinc,

403 2629 576 2711 quod
623 2629 846 2693 iormae
891 2649 1032 2712 quae
1079 2630 1384 2693 dicuntur
1430 2630 1640 2703 educi,
1686 2648 1902 2693 creen-

401 2735 510 2790 tur
570 2745 584 2789 ε
646 2728 950 2810 quoniam
1004 2729 1084 2791 ad
1141 2746 1360 2791 earum
1419 2729 1902 2811 productionem

402 2827 924 2908 praesupponitur
979 2834 1170 2909 atque
1227 2826 1578 2908 requiritur
1643 2828 1908 2889 materia

401 2942 552 2987 cum
594 2926 658 2987 vi
698 2924 1058 2999 formativa,
1091 2933 1154 2987 et
1193 2944 1340 2987 cum
1381 2925 1524 2989 aliis
1561 2926 1771 2988 causis
1809 2944 1904 2988 se-

2019 1940 2349 2004 materiam
2380 1942 2737 2005 secundum
2767 1960 2835 2004 se
2873 1941 3333 2005 consideratam
3372 1958 3512 2003 esse

2013 2039 2329 2113 eamdem,
2382 2040 2445 2103 id
2502 2047 2599 2103 est
2648 2040 2939 2121 ejusdem
2998 2047 3239 2103 naturae
3286 2057 3360 2101 ac
3418 2057 3511 2100 ra-

2013 2138 2225 2200 tionis.
2286 2139 2477 2201 Porro
2533 2139 2837 2223 physicus
2894 2138 3275 2201 universalis
3328 2154 3513 2219 supe-

2015 2236 2167 2310 rior,
2198 2237 2607 2300 considerans
2638 2238 2841 2320 ipsam
2884 2237 3215 2300 materiam
3255 2255 3369 2299 seu
3408 2255 3513 2299 na-

2014 2342 2223 2396 turam
2270 2334 2643 2399 mutabilem
2693 2336 2827 2399 sive
2880 2336 2958 2399 ad
3009 2335 3203 2397 situm
3252 2336 3388 2397 sive
3431 2336 3509 2397 ad

2015 2433 2311 2507 sormam,
2346 2434 2685 2516 perpendit
2714 2452 2971 2498 omnem
3006 2434 3365 2516 passionem
3398 2452 3507 2496 seu

2017 2530 2437 2593 mutationem
2488 2532 2551 2593 in
2600 2532 3039 2614 superioribus
3087 2540 3151 2595 et
3198 2529 3511 2593 inferiori·

2016 2628 2159 2701 bus,
2206 2648 2320 2711 per
2364 2648 2553 2711 quam
2604 2630 2935 2693 mutabilia
2980 2638 3129 2693 sunt
3170 2630 3248 2692 ad
3292 2629 3508 2701 situm,

2017 2746 2155 2789 esse
2200 2746 2277 2789 ex
2322 2728 2735 2811 partibilitate
2786 2728 3063 2804 mobilis,
3110 2728 3297 2809 cujus
3344 2726 3513 2809 prin·

2015 2826 2261 2907 cipium
2304 2834 2509 2889 exstat
2548 2828 2851 2905 materia3
2890 2835 3001 2890 aut
3044 2826 3510 2897 contrarietate,

2017 2924 2205 3005 cujus
2236 2924 2601 3005 subjectum
2632 2934 2727 2989 est
2762 2924 3023 2988 materia
3054 2924 3191 3007 ipsa
3226 2942 3241 2985 t
3276 2923 3513 2985 idcirco

403 3021 632 3084 cundis
701 3022 1041 3085 causaliter
1103 3023 1655 3086 concurrentibus.
1723 3024 1902 3087 Ratio
1932 3024 1978 3091 C
2019 3021 2281 3085 resolvit
2308 3024 2387 3086 ad
2420 3024 2749 3087 materiam
2782 3030 3043 3086 cunctas
3084 3021 3507 3105 corporalium

403 3137 662 3202 quoque
711 3121 1042 3185 seminalis
1087 3122 1370 3185 activum
1420 3130 1622 3185 exstat
1671 3122 1904 3204 princi-

403 3236 608 3301 pium.

487 3317 611 3379 lsta
667 3316 772 3380 hic
831 3316 1114 3381 breviter
1168 3326 1334 3381 tacta
1377 3317 1708 3382 sufficiant
1758 3337 1774 3381 ε
1823 3320 1902 3383 de

101 3442 180 3494 cf.
201 3444 236 3483 ι,
255 3436 376 3517 1311,
405 3414 646 3497 quibus
675 3434 871 3497 super
899 3416 1254 3479 secundum
1277 3416 1764 3491 Sententiarum,
1783 3418 1906 3481 dis·

81 3504 302 3613 Ξ-ειχξὲίῗ,
327 3504 378 3617 ἶ)...

85 3632 164 3670 ισσ
183 3627 218 3669 a
243 3630 296 3669 οι
315 3638 362 3669 ⁸.
405 3611 902 3684 octavadecima,
957 3611 1194 3675 diffuse
1243 3612 1618 3695 conscripsi,
1669 3615 1906 3697 scripta

405 3512 716 3576 tinctione
792 3516 1096 3596 septima,
1165 3513 1576 3579 distinctione
1649 3534 1904 3599 quoque

401 3708 536 3789 jam
605 3709 1079 3773 nominatorum
1142 3710 1496 3785 doctorum,
1566 3712 1904 3775 Alexandri

403 3806 600 3870 etiam
633 3808 710 3870 de
741 3807 948 3881 Hales,
972 3808 1296 3873 Guillelmi
1329 3809 1722 3885 ParisiensiS,
1741 3811 1904 3873 Petri

403 3904 486 3968 de
534 3904 918 3981 Tarantasia,
969 3906 1244 3969 Udalrici
1303 3914 1366 3971 et
1421 3908 1587 3972 Scoti
1651 3907 1906 3991 plenius

405 4003 754 4067 recitando.

762 4214 1284 4280 PROPOSITIO
1329 4214 1546 4280 XXV.

486 4394 864 4464 Omnium
893 4397 1429 4478 corporalium
1458 4413 1729 4467 rerum
1750 4415 1904 4467 ma-

401 4496 610 4561 teria
651 4495 775 4561 est
818 4493 1089 4577 aliquo
1131 4496 1366 4564 modo
1411 4511 1591 4578 una,
1631 4498 1716 4563 et
1764 4498 1903 4565 ali-

399 4606 562 4675 quo
602 4593 835 4660 modo
876 4593 1220 4661 diversa.

483 4690 747 4774 Nempe,
781 4690 934 4753 dum
967 4691 1294 4773 loquimur
1333 4692 1410 4755 de
1455 4692 1736 4757 materiae
1767 4694 1906 4757 uni-

397 4796 552 4863 tate,
599 4788 926 4871 loquimur
967 4789 1046 4852 de
1090 4808 1165 4853 ea
1207 4789 1560 4853 secundum
1605 4793 1774 4874 quod
1824 4793 1902 4855 ad

401 4886 610 4969 ipsam
653 4888 822 4950 sistit
860 4886 1088 4950 ultima
1126 4888 1430 4952 resolutio
1475 4888 1902 4953 materialium

399 5003 638 5047 rerum.
671 4985 832 5049 Hinc
869 4984 949 5049 de
990 4985 1232 5049 unitate
1271 4987 1553 5052 materian
1593 4988 1904 5070 contingit

399 5082 577 5165 loqui
621 5082 984 5166 tripliciter,
1031 5084 1386 5147 secundum
1433 5086 1604 5168 quod
1645 5087 1724 5149 ad
1769 5106 1900 5151 ma-

399 5181 628 5244 teriam
679 5182 1016 5265 tripliciter
1062 5181 1145 5245 rit
1187 5190 1252 5245 et
1301 5190 1424 5247 stat
1471 5185 1896 5249 materialium

400 5279 708 5345 resolutio
747 5280 1056 5344 ultimate.
1098 5280 1414 5345 Naturalis
1451 5302 1752 5369 namque,
1791 5302 1898 5368 ge-

2017 3121 2343 3203 passiones
2390 3129 2455 3185 et
2503 3124 2835 3197 motiones,
2882 3130 3073 3205 atque
3120 3120 3202 3185 ob
3258 3121 3379 3183 hoc
3426 3118 3514 3184 as—

2015 3220 2235 3282 lirmat
2264 3220 2707 3283 universorum
2738 3220 3189 3304 corporalium,
3220 3226 3349 3281 tam
3392 3238 3513 3283 coe-

2017 3317 2273 3380 lestium
2324 3337 2517 3400 quam
2577 3318 2976 3393 inferiorum,
3034 3318 3323 3381 eamdem
3372 3336 3511 3381 esse

2017 3416 2348 3479 materiam
2391 3417 2455 3479 in
2496 3418 2825 3481 communi
2866 3418 3219 3481 seeundum
3260 3434 3329 3479 se
3368 3434 3513 3479 con-

2016 3514 2377 3578 sideratam.
2431 3516 2899 3600 Metaphysicus
2958 3534 3109 3579 vero
3156 3514 3513 3577 considerat

2017 3621 2309 3676 naturam
2354 3614 2565 3677 omnis
2608 3623 2935 3688 creatum,
2970 3614 3323 3697 praesertim
3369 3613 3515 3677 sub-

2017 3712 2287 3785 stantiae,
2338 3712 2399 3775 in
2445 3732 2571 3795 qua
2616 3713 2963 3776 attenditur
3010 3720 3189 3776 actus
3236 3712 3512 3785 essendi,

2017 3829 2211 3891 quem
2264 3810 2467 3874 forma
2525 3810 2810 3891 largitur,
2860 3820 2925 3875 et
2982 3811 3293 3877 stabilitas
3352 3810 3515 3873 exsi-

2017 3910 2228 3973 stendi
2274 3928 2387 3992 per
2430 3929 2521 3984 se,
2563 3930 2755 3994 quam
2802 3910 3050 3973 confert
3093 3912 3157 3974 id
3202 3912 3305 3974 cui
3350 3912 3515 3974 inni-

2017 4008 2174 4071 titur
2229 4009 2457 4083 forma,
2513 4010 2633 4073 hoc
2692 4018 2789 4072 est
2845 4012 3127 4074 materia.
3178 4011 3515 4092 Quumque

2019 4126 2134 4189 per
2192 4126 2262 4170 se
2320 4126 2481 4181 esse,
2532 4110 2701 4190 quod
2752 4114 2847 4173 est
2892 4116 3069 4171 actus
3120 4108 3511 4181 substantiae,

1935 4206 1986 4270 D
2019 4205 2084 4268 in
2115 4206 2559 4288 spiritualibus
2588 4226 2661 4270 ac
2692 4208 3127 4289 corporalibus
3156 4209 3325 4271 dicat
3354 4226 3517 4272 com-

2019 4305 2415 4379 munitatem,
2433 4323 2559 4369 non
2589 4306 3183 4389 aequivocationem,
3199 4308 3323 4371 imo
3354 4326 3516 4371 com-

2020 4402 2397 4466 munitatem
2429 4404 2681 4485 generis
2710 4422 2783 4468 ac
2814 4405 2928 4479 rei,
2962 4424 3089 4469 non
3120 4405 3511 4487 analogicum

2017 4502 2387 4581 dumtaxat;
2447 4503 2686 4565 idcirco
2745 4511 2995 4585 oportet
3051 4522 3378 4568 recurrere
3434 4506 3511 4567 ad

2015 4599 2319 4682 principii
2378 4601 2706 4664 unitatem.
2762 4603 2935 4667 Unde
2984 4604 3337 4667 secundum
3389 4622 3513 4667 me-

2013 4698 2443 4781 taphysicum,
2494 4700 2561 4763 in
2617 4701 2918 4765 omnibus
2978 4721 3093 4785 per
3140 4720 3207 4765 se
3255 4702 3511 4765 entibus

2014 4798 2305 4860 consistit
2350 4800 2631 4863 materiae
2674 4800 2905 4863 unitaS.

2091 4896 2309 4978 Itaque
2378 4897 2679 4980 physicus
2740 4907 2923 4980 negat
2982 4900 3309 4963 materiam
3368 4919 3508 4965 esse

2012 4993 2305 5056 eamdem
2337 4992 2403 5056 in
2434 4994 2775 5069 universis,
2807 4996 3111 5078 quoniam
3142 5015 3269 5061 non
3300 5002 3505 5063 consi-

2011 5090 2189 5152 derat
2221 5092 2549 5155 materiam
2581 5094 2937 5156 secundum
2966 5094 3107 5177 ejus
3136 5097 3501 5173 essentiam,

2009 5189 2120 5251 sed
2170 5198 2481 5271 quantum
2528 5192 2608 5253 ad
2656 5190 2797 5273 ejus
2844 5211 3006 5267 esse,
3052 5201 3245 5277 atque
3292 5204 3364 5257 ut
3409 5209 3507 5260 est

2009 5286 2375 5368 subjectum
2424 5306 2539 5372 per
2594 5292 2853 5355 modum
2903 5300 3319 5375 praetactum3
3371 5313 3502 5359 cer-
