4300 6259
950 526 1031 573 ΒΕ
1068 525 1297 573 Lunum
1337 524 1717 572 OERISTIANAE
1758 524 2060 583 mtomffi,
2105 525 2281 572 LIBER
2323 526 2390 572 11.
2435 544 2516 555 --
2557 526 2696 572 Aur.
2741 526 2891 573 XLIII

3353 505 3467 569 441

356 691 447 755 tia
476 712 673 777 quam
712 695 1037 777 significat
1072 696 1387 760 definitio.
1412 698 1684 759 Persona
1714 714 1865 779 quo·
1893 695 1946 760 A
1977 696 2242 779 psisset:
2265 714 2394 760 non
2423 713 2576 779 ergo
2607 696 2815 779 potuit
2844 715 2921 759 ex
2950 695 3198 759 duabus
3226 695 3471 759 naturis

360 810 489 873 que
526 792 841 857 definitur
868 814 905 857 a
934 795 1175 869 Boetio,
1206 796 1378 877 quod
1418 795 1501 858 sit
1537 795 1862 859 rationalis

358 897 607 955 naturae
650 892 983 955 individua
1026 892 1402 957 substantia.
1440 894 1506 957 Si
1550 893 1745 975 igitur
1785 912 1863 956 ex

360 988 613 1052 duabus
669 993 916 1055 naturis
984 1011 1112 1056 una
1178 1000 1429 1055 tantum
1488 992 1554 1055 in
1614 992 1863 1056 Christo

362 1090 765 1163 remanserit,
814 1089 936 1152 hoc
997 1089 1141 1165 fuit,
1192 1090 1295 1153 vel
1352 1090 1505 1172 quia
1560 1090 1863 1153 divinitas

364 1184 431 1247 in
476 1186 827 1250 humanam
876 1196 1169 1253 naturam
1218 1208 1526 1253 conversa
1574 1196 1710 1269 est3
1753 1197 1861 1251 aut

362 1291 604 1358 contra,
638 1286 791 1367 quia
819 1287 1097 1351 humana
1132 1288 1199 1351 in
1238 1288 1521 1351 divinam
1560 1288 1862 1351 translata

362 1388 488 1460 est3
520 1390 633 1444 aut
662 1385 813 1466 quia
840 1404 969 1447 una
997 1387 1287 1468 quaedam
1318 1386 1504 1449 tertia
1530 1393 1755 1449 natura
1783 1404 1861 1449 ex

366 1479 493 1542 illis
540 1481 765 1545 relicta
814 1489 931 1558 est,
982 1493 1209 1547 neutra
1256 1492 1481 1548 natura
1537 1486 1861 1567 propriam

362 1577 637 1642 formam
668 1581 1005 1655 retinente,
1039 1583 1148 1646 sed
1180 1583 1361 1665 quasi
1394 1584 1761 1666 temperatis
1800 1591 1866 1647 et

364 1680 735 1743 commixtis
780 1681 1090 1763 utrisque.
1146 1682 1267 1745 Sed
1324 1682 1627 1764 quoniam
1682 1683 1863 1763 juxta

226 1804 335 1839 axv.
364 1776 937 1843 demonstrationes
970 1780 1161 1862 primi
1196 1779 1343 1842 libri
1382 1780 1600 1844 divina
1636 1788 1863 1843 natura

1975 795 2206 859 Christi
2241 814 2364 858 una
2406 794 2608 870 effici,
2643 796 2811 858 sicut
2850 795 3229 878 Eutychiani
3268 793 3466 857 aiunt.

2052 895 2381 968 Praeterea,
2414 912 2616 976 quum
2645 894 2864 956 divina
2903 902 3128 956 natura
3167 893 3474 957 omnimo-

1972 992 2051 1055 de
2094 990 2493 1055 invariabilis
2539 992 2641 1065 sit,
2685 992 2736 1055 si
2784 1010 2910 1053 una
2952 998 3200 1054 tantum
3249 998 3472 1053 natura

1973 1089 2039 1152 in
2071 1090 2322 1154 Christo
2353 1090 2682 1165 remansit,
2717 1090 2828 1153 illa
2857 1097 2992 1153 erat
3030 1088 3249 1152 divina
3287 1089 3471 1151 dum-

1970 1196 2141 1251 taxat
2185 1208 2200 1251 :
2242 1206 2370 1252 non
2420 1190 2596 1252 enim
2643 1208 2759 1271 per
2805 1187 3350 1261 commixtionem,
3403 1194 3474 1249 ut

1968 1287 2101 1367 jam
2132 1294 2458 1350 ostensum
2493 1295 2610 1357 est,
2645 1306 2771 1349 una
2809 1287 3100 1369 quaedam
3139 1285 3317 1350 velut
3353 1292 3472 1347 ter-

1972 1385 2059 1447 tia
2090 1392 2314 1447 natura
2343 1404 2420 1447 ex
2451 1384 2700 1448 duabus
2729 1385 3078 1448 resultavit.
3111 1385 3346 1447 Natura
3375 1402 3470 1445 er-

1970 1500 2051 1563 go
2093 1482 2373 1546 humana
2416 1482 2482 1545 in
2528 1482 2776 1545 Christo
2819 1500 2945 1545 non
2991 1482 3314 1545 remansit.
3349 1480 3468 1544 Sed

1973 1589 2117 1663 post
2157 1582 2688 1645 resurrectionem
2735 1600 2916 1644 suam
2962 1581 3268 1645 Dominus
3314 1600 3469 1662 prae-

1971 1678 2114 1741 buit
2144 1698 2212 1743 se
2241 1680 2578 1761 discipulis
2611 1679 3000 1762 palpandum
3030 1686 3220 1761 atque
3253 1678 3470 1741 visibi-

1973 1777 2123 1851 lem,
2158 1778 2462 1861 visusque
2506 1787 2602 1840 est
2641 1777 3080 1860 corporalibus
3124 1777 3470 1839 lineamen-

363 1875 631 1937 omnino
663 1876 1207 1940 incommutabilis
1238 1886 1333 1940 est
1362 1886 1427 1941 et
1465 1878 1527 1940 in
1570 1898 1637 1941 se
1682 1879 1859 1961 peni·
1898 1875 1945 1937 B
1976 1876 2055 1939 tis
2087 1878 2638 1960 circumscriptuS,
2667 1885 2737 1939 ut
2764 1884 3077 1941 testantur
3108 1876 3465 1957 Evangelia.
3504 1891 3794 1933 Lucam-,ae

359 1978 465 2035 tus
495 1974 781 2055 perfecta
809 1982 1000 2057 atque
1030 1975 1401 2051 subsistens,
1419 1978 1481 2038 in
1512 1976 1685 2039 aliud
1716 1994 1861 2039 con-

358 2072 524 2134 verti
571 2072 937 2136 nullatenus
981 2080 1205 2156 potest.

436 2170 661 2252 Neque
698 2172 827 2233 dici
875 2178 1101 2254 potest,
1136 2174 1306 2255 quod
1351 2172 1415 2235 in
1462 2173 1861 2236 divinitatem

355 2268 441 2331 sit
498 2268 821 2332 transfusa
876 2270 1241 2333 humanitas
1293 2288 1308 2333 t
1360 2271 1453 2334 sic
1501 2272 1673 2334 enim
1733 2288 1861 2335 non

354 2385 507 2429 vere
536 2369 997 2450 assumpsisset
1024 2369 1305 2432 Verbum
1336 2378 1631 2433 naturam
1662 2370 1863 2433 homi-

352 2466 480 2539 niS,
515 2466 572 2528 si
617 2484 745 2529 non
789 2468 1251 2549 permansisset
1292 2467 1419 2531 illa.
1454 2468 1701 2543 Adhuc,
1732 2485 1861 2531 non

352 2564 571 2626 omnis
600 2571 825 2627 natura
856 2566 921 2627 in
954 2582 1213 2629 omnem
1246 2574 1537 2629 naturam
1578 2566 1862 2629 converti

352 2670 591 2744 potest,
636 2664 749 2725 sed
795 2682 869 2726 ea
919 2665 1126 2727 solum
1180 2682 1453 2747 quorum
1506 2672 1604 2728 est
1649 2665 1863 2746 aliqua

354 2762 723 2823 communis
772 2764 1056 2837 materia,
1090 2771 1155 2825 et
1196 2782 1470 2846 quorum
1516 2783 1715 2827 unum
1760 2782 1865 2825 na-

355 2866 497 2921 tum
562 2867 662 2921 est
708 2862 835 2942 pati
886 2861 968 2924 ab
1022 2861 1149 2925 alio
1196 2868 1261 2925 et
1308 2862 1371 2924 in
1420 2862 1594 2925 aliud
1653 2880 1857 2942 agere.

356 2956 539 3019 Unde
606 2974 927 3039 corporeae
992 2958 1363 3023 substantiae
1432 2960 1498 3022 in
1572 2959 1864 3041 incorpo—

1969 1975 2096 2038 Aut
2134 1975 2328 2056 igitur
2364 1994 2514 2037 vera
2557 1994 2702 2039 caro
2745 1976 2803 2038 ei
2847 1976 3084 2049 aderat,
3117 1982 3227 2037 aut
3263 1975 3470 2037 solum

3501 1953 3791 2003 eta.;loann.

3501 2030 3572 2068 xx,
3602 2020 3648 2060 19
3683 2021 3789 2060 ets.

1970 2074 2386 2157 phantastica.
2443 2074 2562 2138 Sed
2611 2076 2963 2137 secundum
3015 2073 3471 2157 Eutychianam
3573 2108 3584 2118 ·

1972 2171 2391 2253 impietatem,
2421 2172 2554 2253 jam
2599 2190 2726 2235 non
2773 2172 3082 2235 remansit
3119 2172 3182 2233 in
3225 2171 3474 2235 Christo

1972 2276 2198 2332 natura
2253 2269 2534 2332 humana
2592 2270 2656 2331 in
2718 2270 2990 2352 propriae
3049 2289 3178 2333 suae
3237 2268 3474 2351 speciei

1973 2368 2237 2430 ratione.
2293 2368 2469 2431 Unde
2529 2368 2742 2450 palam
2805 2366 2882 2429 fit
2939 2367 3356 2450 Eutychetem
3408 2368 3473 2428 in

1972 2483 2220 2528 errores
2257 2465 2585 2529 Manichaei
2631 2467 2886 2529 tandem
2929 2464 3174 2547 prolabi
3210 2482 3222 2527 :
3255 2472 3475 2529 contra

1973 2582 2165 2645 quem
2199 2582 2370 2625 nunc
2402 2564 2595 2645 paulo
2634 2572 2780 2627 ante
2818 2564 3213 2646 disputatum
3245 2572 3361 2626 est.
3396 2563 3474 2626 At

1972 2679 2147 2735 vero,
2181 2662 2349 2724 sicut
2379 2680 2478 2724 res
2509 2661 2866 2725 artificialis
2897 2662 3159 2725 sortitur
3187 2662 3470 2744 speciem

1972 2779 2009 2822 a
2056 2760 2262 2823 forma
2309 2760 2656 2835 artificiali,
2698 2761 2866 2824 sicut
2912 2761 3137 2824 domus
3183 2780 3220 2823 a
3268 2760 3474 2824 forma

1970 2858 2123 2920 artis
2154 2858 2378 2921 domus
2409 2858 2663 2933 dicitur,
2689 2866 2750 2921 et
2783 2860 2982 2921 donec
3014 2858 3190 2921 illam
3221 2858 3470 2933 habeat,

1970 2958 2201 3019 domus
2241 2957 2367 3019 dici
2412 2957 2676 3039 nequit3
2708 2957 2800 3019 sic
2848 2976 2946 3020 res
2987 2956 3316 3030 naturalis,
3350 2957 3475 3019 nisi

358 3073 502 3117 reas
572 3072 701 3119 non
770 3064 1300 3131 transmutantur,
1370 3076 1579 3139 neque
1643 3076 1863 3119 rursus
1898 3054 1942 3117 C
1974 3063 2267 3117 naturam
2301 3054 2532 3118 habeat
2561 3056 2836 3138 propriae
2867 3054 3129 3137 speciei,
3169 3056 3476 3118 naturalis

356 3153 753 3235 incorporeae
784 3154 1155 3218 substantiae
1188 3156 1253 3217 in
1292 3174 1361 3217 se
1401 3156 1677 3218 invicem
1724 3174 1863 3237 per-

358 3252 600 3315 mutari
660 3252 894 3326 valent,
946 3274 1148 3336 quum
1210 3272 1338 3317 non
1400 3255 1485 3317 sit
1544 3255 1638 3317 eis
1692 3273 1861 3318 com-

358 3368 559 3412 mune
600 3349 985 3431 subJectum.
1029 3354 1159 3415 Deo
1201 3360 1415 3415 autem
1462 3360 1527 3415 et
1568 3353 1861 3415 humani-

358 3449 471 3511 tati
505 3466 635 3511 non
665 3456 762 3511 est
794 3449 1057 3511 materia
1089 3451 1473 3523 communiS‚
1507 3458 1578 3513 ut
1616 3452 1863 3533 possint

357 3548 425 3610 in
488 3564 559 3609 se
612 3554 835 3609 mutuo
895 3549 1025 3630 pati
1084 3556 1149 3611 et
1204 3567 1410 3630 agere.
1472 3548 1607 3612 Non
1670 3550 1864 3630 igitur

355 3646 573 3728 potuit
601 3662 835 3727 corpus
866 3646 1220 3709 humanum
1252 3648 1317 3709 in
1348 3656 1639 3710 naturam
1671 3647 1861 3710 Verbi

357 3742 735 3821 transferri3
788 3763 998 3827 neque
1046 3746 1261 3807 anima
1304 3764 1318 3809 ε
1360 3746 1573 3808 anima
1620 3746 1861 3809 etenim

354 3848 421 3902 et
453 3841 623 3903 Deus
654 3841 1047 3931 incorporeae
1076 3840 1451 3907 substantias
1482 3850 1651 3904 sunt.

437 3939 869 4003 conformiter
898 3940 1025 4002 dici
1058 3958 1187 4003 non
1220 3942 1537 4021 congruit,
1572 3960 1647 4003 ex
1682 3949 1863 4003 natu-

356 4057 425 4100 ra
458 4045 733 4119 utraque
764 4056 956 4099 unam
990 4038 1332 4119 quamdam
1382 4040 1562 4120 quasi
1608 4039 1861 4101 tertiam

354 4135 649 4198 relictam
722 4153 836 4217 per
904 4134 1240 4217 utriusque
1312 4136 1858 4199 commixtionem.

1972 3171 2099 3215 non
2160 3152 2412 3215 dicitur.
2467 3152 2530 3215 Si
2582 3153 2777 3234 igitur
2824 3152 2948 3215 fuit
2996 3152 3283 3216 Christus
3332 3160 3472 3235 post

1976 3252 2281 3313 unionem
2301 3250 2490 3313 Verbi
2521 3269 2713 3314 verus
2743 3251 2957 3325 homo,
2977 3258 3040 3313 et
3071 3268 3197 3314 non
3228 3258 3476 3313 tantum

1976 3349 2436 3431 phantasticuS,
2514 3349 2683 3412 sicut
2749 3350 3066 3411 mentiens
3130 3349 3220 3411 ait
3283 3350 3478 3412 Mani—

1976 3447 2228 3526 chaeus;
2260 3466 2522 3510 necesse
2560 3455 2658 3510 est
2699 3456 2767 3509 ut
2806 3447 3230 3509 confiteamur
3261 3448 3479 3510 huma-

1975 3544 2240 3608 nitatem
2288 3563 2506 3608 veram
2553 3545 2618 3607 in
2673 3546 2815 3627 ipso
2859 3546 3308 3628 permansisse.
3357 3545 3477 3608 Ad-

1974 3642 2125 3717 huc,
2159 3650 2303 3725 post
2341 3644 2644 3705 unionem
2696 3644 3077 3707 exstiterunt
3121 3644 3186 3705 in
3228 3643 3477 3707 Christo

1974 3741 2174 3816 dolor,
2225 3740 2482 3803 tristitia
2530 3749 2594 3803 et
2651 3742 2744 3803 ira
2794 3758 2807 3803 :
2860 3760 3002 3823 quae
3061 3758 3188 3804 non
3245 3742 3473 3818 Verbo,

1974 3840 2084 3901 sed
2124 3838 2356 3902 animae
2396 3846 2642 3901 constat
2681 3839 3041 3902 convenire.
3076 3840 3226 3901 Tam
3263 3840 3475 3923 itaque

1974 3954 2210 4019 corpus
2240 3955 2434 4018 quam
2465 3937 2680 3998 anima
2711 3944 2856 4018 post
2885 3938 3188 3999 unionem
3212 3938 3276 4000 in
3299 3938 3474 4002 Chri-

1974 4044 2071 4098 sto
2132 4043 2591 4098 remanserunt.
2653 4036 2884 4099 Anima
2949 4044 3163 4099 autem
3223 4040 3474 4120 corpori

1976 4135 2175 4207 unita,
2211 4134 2492 4216 speciem
2531 4132 2702 4196 facit.
2739 4134 2806 4196 In
2849 4134 3100 4197 Christo
3138 4153 3289 4216 ergo
3321 4155 3477 4218 prae-

352 4234 591 4297 Divina
635 4234 871 4297 etenim
926 4241 1151 4295 natura
1198 4233 1452 4297 misceri
1498 4235 1723 4316 nequit
1756 4234 1864 4295 hu·
1894 4235 1945 4299 D
1974 4240 2071 4295 ter
2118 4240 2412 4294 naturam
2457 4231 2648 4293 Verbi
2697 4239 2832 4294 erat
2877 4232 3184 4314 specifica
3227 4242 3470 4297 natura.

349 4331 891 4414 manitati,quum
928 4332 991 4394 in
1026 4331 1337 4394 mixtione
1366 4332 1617 4394 nullum
1654 4332 1865 4394 misci-

346 4430 589 4494 bilium
622 4430 689 4491 in
720 4430 993 4511 propriae
1022 4436 1266 4493 naturae
1296 4429 1691 4512 perfectione
1723 4450 1862 4512 per-

348 4534 614 4591 maneat
664 4544 679 4588 :
724 4528 895 4609 quod
940 4527 1453 4591 incommutabili
1497 4528 1610 4591 Dei
1654 4528 1863 4591 Verbo

346 4646 483 4691 non
525 4626 855 4708 competit.
891 4626 1156 4698 Rursus,
1192 4626 1613 4689 miscibilium
1656 4627 1861 4689 virtus

343 4724 842 4809 proportionem
877 4732 1165 4787 mutuam
1196 4725 1409 4799 habet,
1446 4744 1525 4787 ne
1559 4745 1683 4787 una
1712 4725 1861 4788 alte-

344 4843 489 4888 ram
522 4829 911 4904 corrumpat.
946 4822 1011 4886 Si
1042 4822 1216 4885 enim
1247 4843 1427 4906 aquae
1457 4824 1859 4887 stillicidium

344 4926 507 4987 vino
567 4921 775 4984 multo
834 4920 1217 4995 infunditur,
1279 4940 1406 4984 non
1468 4922 1692 4986 mixtio
1749 4923 1858 4985 sed

350 5019 692 5103 corruptio
718 5020 1047 5101 contingit.
1082 5019 1325 5083 Divinae
1361 5027 1576 5082 autem
1621 5027 1861 5084 naturae

354 5122 589 5192 virtuS‚
622 5137 823 5200 quum
868 5118 951 5180 sit
992 5118 1359 5181 omnimode
1404 5116 1679 5192 infinita,
1724 5137 1864 5200 pro·

354 5218 723 5301 portionem
754 5216 949 5278 talem
980 5234 1129 5279 cum
1160 5216 1556 5279 humanitate
1586 5234 1713 5279 non
1754 5217 1861 5279 ha-

352 5316 523 5392 buit,
572 5313 731 5397 quin
782 5315 994 5397 potius
1043 5332 1185 5378 eam
1229 5314 1509 5377 totaliter
1565 5332 1861 5379 consum-

2054 4331 2266 4403 Porro‚
2329 4330 2381 4393 si
2441 4330 2610 4393 dicat
2678 4330 3017 4413 Eutyches,
3079 4331 3172 4393 sic
3229 4350 3306 4395 ex
3365 4333 3478 4395 hu-

1976 4449 2164 4491 mana
2208 4428 2528 4511 Verbique
2578 4437 2804 4492 natura
2852 4430 2920 4492 in
2972 4430 3222 4493 Christo
3282 4450 3474 4494 unam

1972 4527 2316 4590 resultasse
2364 4535 2677 4601 naturam,
2731 4528 2896 4591 sicut
2953 4547 3031 4591 ex
3091 4529 3356 4592 materia
3413 4538 3476 4593 et

1974 4626 2201 4699 forma,
2253 4644 2368 4689 seu
2417 4645 2680 4709 corpore
2731 4634 2794 4689 et
2840 4626 3077 4701 anima,
3129 4616 3216 4689 in'
3245 4629 3473 4691 ceteris

1972 4745 2101 4787 una
2142 4733 2369 4787 natura
2417 4725 2866 4803 constituitur3
2909 4726 3199 4807 sequitur
3235 4726 3470 4808 duplex

1973 4823 2448 4886 inconveniens.
2513 4823 2742 4897 Primo,
2794 4824 2964 4905 quod
3016 4823 3304 4887 Christus
3352 4843 3468 4887 nec

1972 4923 2053 4985 sit
2084 4923 2275 4984 homo
2305 4940 2514 5002 neque
2544 4922 2729 4983 Deus.
2757 4921 3016 5005 Species
3045 4922 3215 4987 enim
3255 4940 3468 4985 rerum

1972 5039 2041 5084 se
2070 5020 2308 5083 habent
2351 5020 2517 5081 sicut
2559 5020 2812 5081 numeri
2847 5037 2862 5081 ε
2898 5020 2951 5083 si
2984 5020 3179 5101 igitur
3208 5020 3332 5083 fuit
3361 5040 3469 5083 na-

1973 5127 2113 5181 tura
2156 5137 2282 5180 una
2320 5117 2500 5179 unita
2542 5117 2724 5179 alte-ri
2766 5118 2842 5179 ad
2882 5119 3087 5181 tertiae
3131 5118 3466 5199 cujusdam

1973 5225 2215 5280 naturae
2265 5216 2808 5289 constitutionem,
2855 5224 3079 5280 neutra
3123 5219 3469 5281 reservavit

1974 5315 2300 5399 propriam
2343 5314 2645 5398 speciem.
2681 5314 2814 5379 Una
2851 5314 3063 5380 denuo
3100 5316 3468 5399 superaddi-

3501 2581 3579 2622 art.
3605 2590 3686 2621 ιιι.
