<?xml version="1.0" encoding="UTF-8"?>
<!DOCTYPE html PUBLIC "-//W3C//DTD XHTML 1.0 Transitional//EN"
    "http://www.w3.org/TR/xhtml1/DTD/xhtml1-transitional.dtd">
<html xmlns="http://www.w3.org/1999/xhtml" xml:lang="en" lang="en">
 <head>
  <title>
</title>
<meta http-equiv="Content-Type" content="text/html;charset=utf-8" />
  <meta name='ocr-system' content='tesseract 3.04.00' />
  <meta name='ocr-capabilities' content='ocr_page ocr_carea ocr_par ocr_line ocrx_word'/>
</head>
<body>
  <div class='ocr_page' id='page_1' title='image "./doctorisecstati05unkngoog_0469.png"; bbox 0 0 4300 6259; ppageno 0'>
   <div class='ocr_carea' id='block_1_1' title="bbox 927 498 2911 555">
    <p class='ocr_par' dir='ltr' id='par_1_1' title="bbox 927 498 2911 555">
     <span class='ocr_line' id='line_1_1' title="bbox 927 498 2911 555; baseline -0.001 -7"><span class='ocrx_word' id='word_1_1' title='bbox 927 500 1007 548; x_wconf 74' lang='lat' dir='ltr'><strong>DB</strong></span> <span class='ocrx_word' id='word_1_2' title='bbox 1046 499 1275 547; x_wconf 67' lang='lat' dir='ltr'><strong>tumus·</strong></span> <span class='ocrx_word' id='word_1_3' title='bbox 1314 498 1697 547; x_wconf 72' lang='lat' dir='ltr'><strong>cumsuANAE</strong></span> <span class='ocrx_word' id='word_1_4' title='bbox 1737 498 2039 555; x_wconf 60' lang='lat' dir='ltr'><strong>mmmm,</strong></span> <span class='ocrx_word' id='word_1_5' title='bbox 2084 498 2261 547; x_wconf 70' lang='lat' dir='ltr'><strong>LIBER</strong></span> <span class='ocrx_word' id='word_1_6' title='bbox 2305 499 2368 546; x_wconf 89' lang='lat'><strong>11.</strong></span> <span class='ocrx_word' id='word_1_7' title='bbox 2418 516 2497 529; x_wconf 90' lang='grc'><strong>-·</strong></span> <span class='ocrx_word' id='word_1_8' title='bbox 2536 502 2676 547; x_wconf 75' lang='lat' dir='ltr'><strong>ART.</strong></span> <span class='ocrx_word' id='word_1_9' title='bbox 2723 501 2911 548; x_wconf 79' lang='lat' dir='ltr'>XLVIII</span> 
     </span>
    </p>
   </div>
   <div class='ocr_carea' id='block_1_2' title="bbox 3355 480 3476 546">
    <p class='ocr_par' dir='ltr' id='par_1_2' title="bbox 3355 480 3476 546">
     <span class='ocr_line' id='line_1_2' title="bbox 3355 480 3476 546; baseline 0.008 -1"><span class='ocrx_word' id='word_1_10' title='bbox 3355 480 3476 546; x_wconf 78' lang='lat'><strong>445</strong></span> 
     </span>
    </p>
   </div>
   <div class='ocr_carea' id='block_1_3' title="bbox 359 665 3475 751">
    <p class='ocr_par' dir='ltr' id='par_1_3' title="bbox 359 665 3475 751">
     <span class='ocr_line' id='line_1_3' title="bbox 359 665 3475 751; baseline -0.001 -18"><span class='ocrx_word' id='word_1_11' title='bbox 359 688 439 733; x_wconf 88' lang='lat' dir='ltr'><strong>ex</strong></span> <span class='ocrx_word' id='word_1_12' title='bbox 468 669 851 733; x_wconf 87' lang='lat' dir='ltr'><strong>Christianis</strong></span> <span class='ocrx_word' id='word_1_13' title='bbox 880 670 1385 733; x_wconf 90' lang='lat' dir='ltr'><strong>nascuntur:his</strong></span> <span class='ocrx_word' id='word_1_14' title='bbox 1416 668 1611 749; x_wconf 88' lang='lat' dir='ltr'><strong>igitur</strong></span> <span class='ocrx_word' id='word_1_15' title='bbox 1640 668 1861 732; x_wconf 91' lang='lat' dir='ltr'><strong>volens</strong></span> <span class='ocrx_word' id='word_1_16' title='bbox 1891 665 1942 729; x_wconf 90' lang='lat' dir='ltr'>A</span> <span class='ocrx_word' id='word_1_17' title='bbox 1975 666 2207 730; x_wconf 89' lang='lat' dir='ltr'><strong>iterum</strong></span> <span class='ocrx_word' id='word_1_18' title='bbox 2257 668 2561 750; x_wconf 86' lang='lat' dir='ltr'><strong>conjungi</strong></span> <span class='ocrx_word' id='word_1_19' title='bbox 2609 670 2965 733; x_wconf 88' lang='lat' dir='ltr'><strong>secundum</strong></span> <span class='ocrx_word' id='word_1_20' title='bbox 3015 677 3186 733; x_wconf 87' lang='lat' dir='ltr'><strong>certa</strong></span> <span class='ocrx_word' id='word_1_21' title='bbox 3233 677 3475 751; x_wconf 88' lang='lat' dir='ltr'><strong>tempo·</strong></span> 
     </span>
    </p>
   </div>
   <div class='ocr_carea' id='block_1_4' title="bbox 349 766 1867 1833">
    <p class='ocr_par' dir='ltr' id='par_1_4' title="bbox 353 766 1865 1145">
     <span class='ocr_line' id='line_1_4' title="bbox 356 766 1865 842; baseline -0.003 -11"><span class='ocrx_word' id='word_1_22' title='bbox 356 770 675 841; x_wconf 90' lang='lat' dir='ltr'><strong>resistere,</strong></span> <span class='ocrx_word' id='word_1_23' title='bbox 698 769 914 832; x_wconf 82' lang='lat' dir='ltr'><strong>dicere</strong></span> <span class='ocrx_word' id='word_1_24' title='bbox 944 775 1203 831; x_wconf 87' lang='lat' dir='ltr'><strong>coactus</strong></span> <span class='ocrx_word' id='word_1_25' title='bbox 1232 774 1345 842; x_wconf 89' lang='lat' dir='ltr'><strong>est,</strong></span> <span class='ocrx_word' id='word_1_26' title='bbox 1364 784 1624 831; x_wconf 90' lang='lat' dir='ltr'><strong>omnem</strong></span> <span class='ocrx_word' id='word_1_27' title='bbox 1656 766 1865 828; x_wconf 90' lang='lat' dir='ltr'><strong>diver·</strong></span> 
     </span>
     <span class='ocr_line' id='line_1_5' title="bbox 354 864 1863 939; baseline -0.001 -12"><span class='ocrx_word' id='word_1_28' title='bbox 354 867 613 929; x_wconf 85' lang='lat' dir='ltr'><strong>sitatem</strong></span> <span class='ocrx_word' id='word_1_29' title='bbox 636 867 703 930; x_wconf 91' lang='lat' dir='ltr'><strong>in</strong></span> <span class='ocrx_word' id='word_1_30' title='bbox 735 867 995 930; x_wconf 87' lang='lat' dir='ltr'><strong>entibus</strong></span> <span class='ocrx_word' id='word_1_31' title='bbox 1026 866 1467 939; x_wconf 85' lang='lat' dir='ltr'><strong>inventam,ex</strong></span> <span class='ocrx_word' id='word_1_32' title='bbox 1496 864 1863 927; x_wconf 88' lang='lat' dir='ltr'><strong>diversitate</strong></span> 
     </span>
     <span class='ocr_line' id='line_1_6' title="bbox 356 965 1862 1029; baseline -0.001 -2"><span class='ocrx_word' id='word_1_33' title='bbox 356 967 741 1029; x_wconf 88' lang='lat' dir='ltr'><strong>meritorum</strong></span> <span class='ocrx_word' id='word_1_34' title='bbox 800 965 1211 1029; x_wconf 80' lang='lat' dir='ltr'><strong>rationalium</strong></span> <span class='ocrx_word' id='word_1_35' title='bbox 1272 972 1707 1027; x_wconf 85' lang='lat' dir='ltr'><strong>creaturarum</strong></span> <span class='ocrx_word' id='word_1_36' title='bbox 1768 981 1862 1025; x_wconf 91' lang='lat' dir='ltr'><strong>se-</strong></span> 
     </span>
     <span class='ocr_line' id='line_1_7' title="bbox 353 1062 1619 1145; baseline -0.003 -18"><span class='ocrx_word' id='word_1_37' title='bbox 353 1065 645 1127; x_wconf 88' lang='lat' dir='ltr'><strong>eundum</strong></span> <span class='ocrx_word' id='word_1_38' title='bbox 692 1064 803 1127; x_wconf 91' lang='lat' dir='ltr'><strong>Dei</strong></span> <span class='ocrx_word' id='word_1_39' title='bbox 844 1064 1161 1143; x_wconf 72' lang='lat' dir='ltr'><strong>iustitiam</strong></span> <span class='ocrx_word' id='word_1_40' title='bbox 1209 1062 1619 1145; x_wconf 80' lang='lat' dir='ltr'>profluxisse.</span> 
     </span>
    </p>

    <p class='ocr_par' dir='ltr' id='par_1_5' title="bbox 349 1158 1867 1833">
     <span class='ocr_line' id='line_1_8' title="bbox 432 1158 1861 1245; baseline -0.004 -20"><span class='ocrx_word' id='word_1_41' title='bbox 432 1164 541 1225; x_wconf 83' lang='lat' dir='ltr'><strong>Ait</strong></span> <span class='ocrx_word' id='word_1_42' title='bbox 572 1163 783 1245; x_wconf 88' lang='lat' dir='ltr'><strong>itaque</strong></span> <span class='ocrx_word' id='word_1_43' title='bbox 813 1161 1117 1243; x_wconf 82' lang='lat' dir='ltr'><strong>Origenes</strong></span> <span class='ocrx_word' id='word_1_44' title='bbox 1154 1161 1220 1222; x_wconf 90' lang='lat' dir='ltr'><strong>in</strong></span> <span class='ocrx_word' id='word_1_45' title='bbox 1258 1159 1439 1222; x_wconf 90' lang='lat' dir='ltr'><strong>libris</strong></span> <span class='ocrx_word' id='word_1_46' title='bbox 1474 1158 1615 1245; x_wconf 71' lang='lat' dir='ltr'><strong>slepi</strong></span> <span class='ocrx_word' id='word_1_47' title='bbox 1645 1158 1861 1243; x_wconf 67' lang='grc' dir='ltr'>ἀρχῶν,</span> 
     </span>
     <span class='ocr_line' id='line_1_9' title="bbox 352 1256 1864 1343; baseline -0.002 -20"><span class='ocrx_word' id='word_1_48' title='bbox 352 1258 527 1343; x_wconf 88' lang='lat' dir='ltr'><strong>quod</strong></span> <span class='ocrx_word' id='word_1_49' title='bbox 558 1267 705 1323; x_wconf 89' lang='lat' dir='ltr'><strong>ante</strong></span> <span class='ocrx_word' id='word_1_50' title='bbox 736 1260 1050 1323; x_wconf 87' lang='lat' dir='ltr'><strong>sensualis</strong></span> <span class='ocrx_word' id='word_1_51' title='bbox 1092 1258 1314 1321; x_wconf 91' lang='lat' dir='ltr'><strong>mundi</strong></span> <span class='ocrx_word' id='word_1_52' title='bbox 1354 1258 1549 1337; x_wconf 88' lang='lat' dir='ltr'><strong>hujus</strong></span> <span class='ocrx_word' id='word_1_53' title='bbox 1590 1256 1864 1320; x_wconf 91' lang='lat' dir='ltr'><strong>molitio-</strong></span> 
     </span>
     <span class='ocr_line' id='line_1_10' title="bbox 353 1358 1861 1441; baseline -0.001 -20"><span class='ocrx_word' id='word_1_54' title='bbox 353 1378 531 1432; x_wconf 89' lang='lat' dir='ltr'><strong>nem,</strong></span> <span class='ocrx_word' id='word_1_55' title='bbox 578 1375 1027 1441; x_wconf 82' lang='lat' dir='ltr'><strong>eorporeaeque</strong></span> <span class='ocrx_word' id='word_1_56' title='bbox 1067 1365 1307 1421; x_wconf 80' lang='lat' dir='ltr'><strong>naturae</strong></span> <span class='ocrx_word' id='word_1_57' title='bbox 1352 1358 1861 1439; x_wconf 89' lang='lat' dir='ltr'><strong>productionem,</strong></span> 
     </span>
     <span class='ocr_line' id='line_1_11' title="bbox 353 1454 1865 1529; baseline -0.001 -10"><span class='ocrx_word' id='word_1_58' title='bbox 353 1457 523 1520; x_wconf 90' lang='lat' dir='ltr'><strong>Deus</strong></span> <span class='ocrx_word' id='word_1_59' title='bbox 570 1456 871 1520; x_wconf 87' lang='lat' dir='ltr'><strong>sublimis</strong></span> <span class='ocrx_word' id='word_1_60' title='bbox 910 1463 976 1519; x_wconf 90' lang='lat' dir='ltr'><strong>et</strong></span> <span class='ocrx_word' id='word_1_61' title='bbox 1011 1455 1413 1529; x_wconf 91' lang='lat' dir='ltr'><strong>benedictus,</strong></span> <span class='ocrx_word' id='word_1_62' title='bbox 1454 1474 1533 1517; x_wconf 86' lang='lat' dir='ltr'><strong>ex</strong></span> <span class='ocrx_word' id='word_1_63' title='bbox 1572 1454 1709 1519; x_wconf 91' lang='lat' dir='ltr'><strong>sola</strong></span> <span class='ocrx_word' id='word_1_64' title='bbox 1751 1474 1865 1517; x_wconf 89' lang='lat' dir='ltr'><strong>sua</strong></span> 
     </span>
     <span class='ocr_line' id='line_1_12' title="bbox 350 1552 1860 1635; baseline -0.001 -18"><span class='ocrx_word' id='word_1_65' title='bbox 350 1555 664 1630; x_wconf 89' lang='lat' dir='ltr'><strong>bonitate,</strong></span> <span class='ocrx_word' id='word_1_66' title='bbox 711 1572 839 1618; x_wconf 92' lang='lat' dir='ltr'><strong>non</strong></span> <span class='ocrx_word' id='word_1_67' title='bbox 882 1554 1008 1617; x_wconf 89' lang='lat' dir='ltr'><strong>nisi</strong></span> <span class='ocrx_word' id='word_1_68' title='bbox 1052 1554 1393 1617; x_wconf 78' lang='lat' dir='ltr'><strong>rationales</strong></span> <span class='ocrx_word' id='word_1_69' title='bbox 1441 1552 1707 1635; x_wconf 88' lang='lat' dir='ltr'><strong>spiritus</strong></span> <span class='ocrx_word' id='word_1_70' title='bbox 1750 1571 1860 1615; x_wconf 91' lang='lat' dir='ltr'><strong>seu</strong></span> 
     </span>
     <span class='ocr_line' id='line_1_13' title="bbox 353 1651 1865 1733; baseline -0.001 -18"><span class='ocrx_word' id='word_1_71' title='bbox 353 1653 823 1716; x_wconf 80' lang='lat' dir='ltr'><strong>intellectuales</strong></span> <span class='ocrx_word' id='word_1_72' title='bbox 866 1652 1277 1727; x_wconf 80' lang='lat' dir='ltr'><strong>substantiaS,</strong></span> <span class='ocrx_word' id='word_1_73' title='bbox 1311 1670 1535 1716; x_wconf 91' lang='lat' dir='ltr'><strong>omnes</strong></span> <span class='ocrx_word' id='word_1_74' title='bbox 1574 1651 1865 1733; x_wconf 89' lang='lat' dir='ltr'><strong>ejusdem</strong></span> 
     </span>
     <span class='ocr_line' id='line_1_14' title="bbox 349 1749 1867 1833; baseline -0.001 -20"><span class='ocrx_word' id='word_1_75' title='bbox 349 1751 601 1814; x_wconf 87' lang='lat' dir='ltr'><strong>ordinis</strong></span> <span class='ocrx_word' id='word_1_76' title='bbox 634 1751 953 1832; x_wconf 90' lang='lat' dir='ltr'><strong>uniusque</strong></span> <span class='ocrx_word' id='word_1_77' title='bbox 985 1750 1223 1833; x_wconf 88' lang='lat' dir='ltr'><strong>speciei</strong></span> <span class='ocrx_word' id='word_1_78' title='bbox 1256 1749 1629 1831; x_wconf 88' lang='lat' dir='ltr'><strong>produxerit</strong></span> <span class='ocrx_word' id='word_1_79' title='bbox 1660 1766 1674 1810; x_wconf 70' lang='grc' dir='ltr'><strong><em>ι</em></strong></span> <span class='ocrx_word' id='word_1_80' title='bbox 1712 1767 1867 1831; x_wconf 89' lang='lat' dir='ltr'><strong>quo·</strong></span> 
     </span>
    </p>
   </div>
   <div class='ocr_carea' id='block_1_5' title="bbox 1974 766 3480 1814">
    <p class='ocr_par' dir='ltr' id='par_1_6' title="bbox 1974 766 3477 1322">
     <span class='ocr_line' id='line_1_15' title="bbox 1974 766 3477 849; baseline 0.001 -21"><span class='ocrx_word' id='word_1_81' title='bbox 1974 784 2119 828; x_wconf 91' lang='lat' dir='ltr'><strong>rum</strong></span> <span class='ocrx_word' id='word_1_82' title='bbox 2160 766 2494 830; x_wconf 88' lang='lat' dir='ltr'><strong>intervalla</strong></span> <span class='ocrx_word' id='word_1_83' title='bbox 2535 767 2598 830; x_wconf 92' lang='lat' dir='ltr'><strong>in</strong></span> <span class='ocrx_word' id='word_1_84' title='bbox 2641 768 2992 831; x_wconf 90' lang='lat' dir='ltr'><strong>infinitum.</strong></span> <span class='ocrx_word' id='word_1_85' title='bbox 3029 768 3330 849; x_wconf 80' lang='lat' dir='ltr'><strong>Origenes</strong></span> <span class='ocrx_word' id='word_1_86' title='bbox 3368 787 3477 830; x_wconf 94' lang='lat' dir='ltr'><strong>au-</strong></span> 
     </span>
     <span class='ocr_line' id='line_1_16' title="bbox 1975 863 3475 929; baseline 0.001 -4"><span class='ocrx_word' id='word_1_87' title='bbox 1975 870 2103 926; x_wconf 90' lang='lat' dir='ltr'><strong>tem</strong></span> <span class='ocrx_word' id='word_1_88' title='bbox 2163 863 2630 929; x_wconf 82' lang='lat' dir='ltr'><strong>Platonicorum</strong></span> <span class='ocrx_word' id='word_1_89' title='bbox 2691 866 3092 929; x_wconf 88' lang='lat' dir='ltr'><strong>documentis</strong></span> <span class='ocrx_word' id='word_1_90' title='bbox 3161 882 3288 927; x_wconf 90' lang='lat' dir='ltr'><strong>non</strong></span> <span class='ocrx_word' id='word_1_91' title='bbox 3358 865 3475 927; x_wconf 87' lang='lat' dir='ltr'><strong>mi·</strong></span> 
     </span>
     <span class='ocr_line' id='line_1_17' title="bbox 1974 962 3477 1046; baseline 0.001 -22"><span class='ocrx_word' id='word_1_92' title='bbox 1974 962 2148 1024; x_wconf 89' lang='lat' dir='ltr'><strong>nime</strong></span> <span class='ocrx_word' id='word_1_93' title='bbox 2195 963 2502 1038; x_wconf 82' lang='lat' dir='ltr'><strong>imbutuS,</strong></span> <span class='ocrx_word' id='word_1_94' title='bbox 2551 965 2734 1046; x_wconf 89' lang='lat' dir='ltr'><strong>quasi</strong></span> <span class='ocrx_word' id='word_1_95' title='bbox 2779 964 3130 1028; x_wconf 87' lang='lat' dir='ltr'><strong>catholicus</strong></span> <span class='ocrx_word' id='word_1_96' title='bbox 3175 964 3268 1027; x_wconf 89' lang='lat' dir='ltr'><strong>nil</strong></span> <span class='ocrx_word' id='word_1_97' title='bbox 3320 964 3477 1026; x_wconf 90' lang='lat' dir='ltr'><strong>citra</strong></span> 
     </span>
     <span class='ocr_line' id='line_1_18' title="bbox 1975 1061 3477 1143; baseline 0.002 -21"><span class='ocrx_word' id='word_1_98' title='bbox 1975 1061 2176 1123; x_wconf 92' lang='lat' dir='ltr'><strong>Deum</strong></span> <span class='ocrx_word' id='word_1_99' title='bbox 2223 1062 2540 1126; x_wconf 88' lang='lat' dir='ltr'><strong>concessit</strong></span> <span class='ocrx_word' id='word_1_100' title='bbox 2567 1070 2919 1143; x_wconf 80' lang='lat' dir='ltr'><strong>aeternum3</strong></span> <span class='ocrx_word' id='word_1_101' title='bbox 2953 1063 3062 1126; x_wconf 90' lang='lat' dir='ltr'><strong>sed</strong></span> <span class='ocrx_word' id='word_1_102' title='bbox 3095 1064 3160 1125; x_wconf 90' lang='lat' dir='ltr'><strong>in</strong></span> <span class='ocrx_word' id='word_1_103' title='bbox 3194 1062 3314 1125; x_wconf 91' lang='lat' dir='ltr'><strong>hoc</strong></span> <span class='ocrx_word' id='word_1_104' title='bbox 3343 1062 3477 1125; x_wconf 91' lang='lat' dir='ltr'><strong>Pla-</strong></span> 
     </span>
     <span class='ocr_line' id='line_1_19' title="bbox 1976 1161 3476 1243; baseline 0.002 -23"><span class='ocrx_word' id='word_1_105' title='bbox 1976 1166 2194 1222; x_wconf 89' lang='lat' dir='ltr'><strong>tonem</strong></span> <span class='ocrx_word' id='word_1_106' title='bbox 2245 1168 2502 1223; x_wconf 89' lang='lat' dir='ltr'><strong>secutus</strong></span> <span class='ocrx_word' id='word_1_107' title='bbox 2561 1168 2678 1233; x_wconf 91' lang='lat' dir='ltr'><strong>est,</strong></span> <span class='ocrx_word' id='word_1_108' title='bbox 2730 1161 2900 1243; x_wconf 90' lang='lat' dir='ltr'><strong>quod</strong></span> <span class='ocrx_word' id='word_1_109' title='bbox 2958 1162 3202 1224; x_wconf 90' lang='lat' dir='ltr'><strong>animas</strong></span> <span class='ocrx_word' id='word_1_110' title='bbox 3251 1179 3476 1225; x_wconf 91' lang='lat' dir='ltr'><strong>omnes</strong></span> 
     </span>
     <span class='ocr_line' id='line_1_20' title="bbox 1977 1257 2678 1322; baseline 0.001 -3"><span class='ocrx_word' id='word_1_111' title='bbox 1977 1257 2170 1319; x_wconf 92' lang='lat' dir='ltr'><strong>simul</strong></span> <span class='ocrx_word' id='word_1_112' title='bbox 2213 1258 2376 1320; x_wconf 84' lang='lat' dir='ltr'><strong>dixit</strong></span> <span class='ocrx_word' id='word_1_113' title='bbox 2417 1267 2678 1322; x_wconf 87' lang='lat' dir='ltr'><strong>creatas.</strong></span> 
     </span>
    </p>

    <p class='ocr_par' dir='ltr' id='par_1_7' title="bbox 1976 1354 3480 1814">
     <span class='ocr_line' id='line_1_21' title="bbox 2054 1354 3476 1439; baseline 0.003 -22"><span class='ocrx_word' id='word_1_114' title='bbox 2054 1354 2228 1418; x_wconf 86' lang='lat' dir='ltr'><strong>Hanc</strong></span> <span class='ocrx_word' id='word_1_115' title='bbox 2273 1364 2485 1419; x_wconf 86' lang='lat' dir='ltr'><strong>autem</strong></span> <span class='ocrx_word' id='word_1_116' title='bbox 2537 1357 2920 1438; x_wconf 87' lang='lat' dir='ltr'><strong>positionem</strong></span> <span class='ocrx_word' id='word_1_117' title='bbox 2966 1357 3100 1439; x_wconf 87' lang='lat' dir='ltr'><strong>jam</strong></span> <span class='ocrx_word' id='word_1_118' title='bbox 3149 1358 3476 1421; x_wconf 85' lang='lat' dir='ltr'><strong>recitatam</strong></span> 
     </span>
     <span class='ocr_line' id='line_1_22' title="bbox 1976 1454 3480 1538; baseline 0.001 -23"><span class='ocrx_word' id='word_1_119' title='bbox 1976 1454 2055 1516; x_wconf 89' lang='lat' dir='ltr'><strong>de</strong></span> <span class='ocrx_word' id='word_1_120' title='bbox 2114 1454 2352 1517; x_wconf 87' lang='lat' dir='ltr'><strong>unione</strong></span> <span class='ocrx_word' id='word_1_121' title='bbox 2408 1456 2766 1518; x_wconf 88' lang='lat' dir='ltr'><strong>animarum</strong></span> <span class='ocrx_word' id='word_1_122' title='bbox 2827 1456 2905 1519; x_wconf 90' lang='lat' dir='ltr'><strong>ad</strong></span> <span class='ocrx_word' id='word_1_123' title='bbox 2965 1473 3250 1538; x_wconf 88' lang='lat' dir='ltr'><strong>corpora,</strong></span> <span class='ocrx_word' id='word_1_124' title='bbox 3313 1456 3480 1518; x_wconf 90' lang='lat' dir='ltr'><strong>inter</strong></span> 
     </span>
     <span class='ocr_line' id='line_1_23' title="bbox 1977 1552 3478 1636; baseline 0.003 -22"><span class='ocrx_word' id='word_1_125' title='bbox 1977 1552 2340 1616; x_wconf 83' lang='lat' dir='ltr'><strong>christianae</strong></span> <span class='ocrx_word' id='word_1_126' title='bbox 2380 1553 2708 1634; x_wconf 82' lang='lat' dir='ltr'><strong>religionis</strong></span> <span class='ocrx_word' id='word_1_127' title='bbox 2748 1554 3136 1636; x_wconf 79' lang='lat' dir='ltr'><strong>professores</strong></span> <span class='ocrx_word' id='word_1_128' title='bbox 3177 1555 3478 1636; x_wconf 83' lang='lat' dir='ltr'><strong>Origenes</strong></span> 
     </span>
     <span class='ocr_line' id='line_1_24' title="bbox 1976 1651 3479 1735; baseline 0.003 -23"><span class='ocrx_word' id='word_1_129' title='bbox 1976 1651 2226 1733; x_wconf 90' lang='lat' dir='ltr'><strong>primus</strong></span> <span class='ocrx_word' id='word_1_130' title='bbox 2270 1651 2624 1725; x_wconf 77' lang='lat' dir='ltr'><strong>adinvenit,</strong></span> <span class='ocrx_word' id='word_1_131' title='bbox 2666 1659 2730 1714; x_wconf 87' lang='lat' dir='ltr'><strong>et</strong></span> <span class='ocrx_word' id='word_1_132' title='bbox 2771 1672 2808 1715; x_wconf 98' lang='lat' dir='ltr'><strong>a</strong></span> <span class='ocrx_word' id='word_1_133' title='bbox 2851 1652 3146 1735; x_wconf 89' lang='lat' dir='ltr'><strong>pluribus</strong></span> <span class='ocrx_word' id='word_1_134' title='bbox 3191 1672 3340 1716; x_wconf 89' lang='lat' dir='ltr'><strong>eum</strong></span> <span class='ocrx_word' id='word_1_135' title='bbox 3383 1672 3479 1716; x_wconf 91' lang='lat' dir='ltr'><strong>se-</strong></span> 
     </span>
     <span class='ocr_line' id='line_1_25' title="bbox 1977 1748 3480 1814; baseline 0.002 -3"><span class='ocrx_word' id='word_1_136' title='bbox 1977 1748 2299 1811; x_wconf 89' lang='lat' dir='ltr'><strong>ctantibus</strong></span> <span class='ocrx_word' id='word_1_137' title='bbox 2367 1749 2694 1812; x_wconf 79' lang='lat' dir='ltr'><strong>defensata</strong></span> <span class='ocrx_word' id='word_1_138' title='bbox 2758 1757 2874 1812; x_wconf 90' lang='lat' dir='ltr'><strong>est.</strong></span> <span class='ocrx_word' id='word_1_139' title='bbox 2937 1750 3265 1814; x_wconf 81' lang='lat' dir='ltr'><strong>Manichaei</strong></span> <span class='ocrx_word' id='word_1_140' title='bbox 3327 1768 3480 1814; x_wconf 91' lang='lat' dir='ltr'><strong>vero</strong></span> 
     </span>
    </p>
   </div>
   <div class='ocr_carea' id='block_1_6' title="bbox 350 1848 3483 1931">
    <p class='ocr_par' dir='ltr' id='par_1_8' title="bbox 350 1848 3483 1931">
     <span class='ocr_line' id='line_1_26' title="bbox 350 1848 3483 1931; baseline 0 -20"><span class='ocrx_word' id='word_1_141' title='bbox 350 1868 499 1911; x_wconf 91' lang='lat' dir='ltr'><strong>rum</strong></span> <span class='ocrx_word' id='word_1_142' title='bbox 554 1849 901 1931; x_wconf 88' lang='lat' dir='ltr'><strong>spirituum</strong></span> <span class='ocrx_word' id='word_1_143' title='bbox 955 1849 1218 1931; x_wconf 88' lang='lat' dir='ltr'><strong>quidam</strong></span> <span class='ocrx_word' id='word_1_144' title='bbox 1274 1848 1483 1911; x_wconf 88' lang='lat' dir='ltr'><strong>aversi</strong></span> <span class='ocrx_word' id='word_1_145' title='bbox 1543 1854 1709 1921; x_wconf 90' lang='lat' dir='ltr'><strong>sunt,</strong></span> <span class='ocrx_word' id='word_1_146' title='bbox 1770 1866 1864 1911; x_wconf 90' lang='lat' dir='ltr'><strong>re·</strong></span> <span class='ocrx_word' id='word_1_147' title='bbox 1898 1849 1947 1912; x_wconf 94' lang='lat' dir='ltr'>B</span> <span class='ocrx_word' id='word_1_148' title='bbox 1977 1848 2172 1910; x_wconf 85' lang='lat' dir='ltr'><strong>etiam</strong></span> <span class='ocrx_word' id='word_1_149' title='bbox 2230 1866 2336 1910; x_wconf 91' lang='lat' dir='ltr'><strong>eas</strong></span> <span class='ocrx_word' id='word_1_150' title='bbox 2395 1856 2662 1911; x_wconf 86' lang='lat' dir='ltr'><strong>aetcrnas</strong></span> <span class='ocrx_word' id='word_1_151' title='bbox 2712 1848 3104 1913; x_wconf 89' lang='lat' dir='ltr'><strong>confitentur</strong></span> <span class='ocrx_word' id='word_1_152' title='bbox 3152 1868 3300 1911; x_wconf 89' lang='lat' dir='ltr'><strong>cum</strong></span> <span class='ocrx_word' id='word_1_153' title='bbox 3348 1849 3483 1912; x_wconf 88' lang='lat' dir='ltr'><strong>Pla-</strong></span> 
     </span>
    </p>
   </div>
   <div class='ocr_carea' id='block_1_7' title="bbox 347 1946 1868 3014">
    <p class='ocr_par' dir='ltr' id='par_1_9' title="bbox 347 1946 1868 3014">
     <span class='ocr_line' id='line_1_27' title="bbox 348 1946 1865 2028; baseline -0.002 -18"><span class='ocrx_word' id='word_1_154' title='bbox 348 1949 659 2010; x_wconf 87' lang='lat' dir='ltr'><strong>cedentes</strong></span> <span class='ocrx_word' id='word_1_155' title='bbox 686 1966 725 2009; x_wconf 85' lang='lat' dir='ltr'><strong>a</strong></span> <span class='ocrx_word' id='word_1_156' title='bbox 763 1948 891 2010; x_wconf 88' lang='lat' dir='ltr'><strong>Deo</strong></span> <span class='ocrx_word' id='word_1_157' title='bbox 930 1948 1133 2028; x_wconf 88' lang='lat' dir='ltr'><strong>magis</strong></span> <span class='ocrx_word' id='word_1_158' title='bbox 1170 1946 1272 2009; x_wconf 91' lang='lat' dir='ltr'><strong>vel</strong></span> <span class='ocrx_word' id='word_1_159' title='bbox 1315 1946 1571 2025; x_wconf 83' lang='lat' dir='ltr'><strong>minus3</strong></span> <span class='ocrx_word' id='word_1_160' title='bbox 1605 1946 1865 2028; x_wconf 89' lang='lat' dir='ltr'><strong>quidam</strong></span> 
     </span>
     <span class='ocr_line' id='line_1_28' title="bbox 351 2044 1867 2118; baseline -0.001 -11"><span class='ocrx_word' id='word_1_161' title='bbox 351 2064 509 2109; x_wconf 90' lang='lat' dir='ltr'><strong>vero</strong></span> <span class='ocrx_word' id='word_1_162' title='bbox 559 2046 639 2109; x_wconf 89' lang='lat' dir='ltr'><strong>ad</strong></span> <span class='ocrx_word' id='word_1_163' title='bbox 669 2048 847 2107; x_wconf 79' lang='lat' dir='ltr'><strong>&#39;eum</strong></span> <span class='ocrx_word' id='word_1_164' title='bbox 898 2044 1189 2108; x_wconf 89' lang='lat' dir='ltr'><strong>conversi</strong></span> <span class='ocrx_word' id='word_1_165' title='bbox 1250 2052 1421 2118; x_wconf 89' lang='lat' dir='ltr'><strong>sunt,</strong></span> <span class='ocrx_word' id='word_1_166' title='bbox 1472 2045 1867 2109; x_wconf 83' lang='lat' dir='ltr'><strong>adhaerentes</strong></span> 
     </span>
     <span class='ocr_line' id='line_1_29' title="bbox 350 2141 1868 2227; baseline -0.003 -20"><span class='ocrx_word' id='word_1_167' title='bbox 350 2144 483 2227; x_wconf 87' lang='lat' dir='ltr'><strong>ipsi</strong></span> <span class='ocrx_word' id='word_1_168' title='bbox 532 2144 678 2227; x_wconf 91' lang='lat' dir='ltr'><strong>plus</strong></span> <span class='ocrx_word' id='word_1_169' title='bbox 720 2150 831 2206; x_wconf 88' lang='lat' dir='ltr'><strong>aut</strong></span> <span class='ocrx_word' id='word_1_170' title='bbox 875 2142 1226 2206; x_wconf 89' lang='lat' dir='ltr'><strong>remissius.</strong></span> <span class='ocrx_word' id='word_1_171' title='bbox 1277 2142 1369 2205; x_wconf 87' lang='lat' dir='ltr'><strong>Ex</strong></span> <span class='ocrx_word' id='word_1_172' title='bbox 1413 2142 1531 2206; x_wconf 92' lang='lat' dir='ltr'><strong>hac</strong></span> <span class='ocrx_word' id='word_1_173' title='bbox 1575 2159 1725 2224; x_wconf 89' lang='lat' dir='ltr'><strong>ergo</strong></span> <span class='ocrx_word' id='word_1_174' title='bbox 1773 2141 1868 2203; x_wconf 91' lang='lat' dir='ltr'><strong>di-</strong></span> 
     </span>
     <span class='ocr_line' id='line_1_30' title="bbox 348 2240 1865 2315; baseline -0.002 -8"><span class='ocrx_word' id='word_1_175' title='bbox 348 2262 541 2307; x_wconf 89' lang='lat' dir='ltr'><strong>versa</strong></span> <span class='ocrx_word' id='word_1_176' title='bbox 599 2243 881 2306; x_wconf 87' lang='lat' dir='ltr'><strong>motione</strong></span> <span class='ocrx_word' id='word_1_177' title='bbox 941 2241 1127 2305; x_wconf 89' lang='lat' dir='ltr'><strong>liberi</strong></span> <span class='ocrx_word' id='word_1_178' title='bbox 1184 2241 1458 2315; x_wconf 90' lang='lat' dir='ltr'><strong>arbitrii,</strong></span> <span class='ocrx_word' id='word_1_179' title='bbox 1510 2240 1669 2303; x_wconf 90' lang='lat' dir='ltr'><strong>dicit</strong></span> <span class='ocrx_word' id='word_1_180' title='bbox 1724 2259 1865 2304; x_wconf 87' lang='lat' dir='ltr'><strong>esse</strong></span> 
     </span>
     <span class='ocr_line' id='line_1_31' title="bbox 350 2338 1863 2422; baseline -0.001 -19"><span class='ocrx_word' id='word_1_181' title='bbox 350 2349 613 2404; x_wconf 87' lang='lat' dir='ltr'><strong>secutos</strong></span> <span class='ocrx_word' id='word_1_182' title='bbox 652 2358 875 2403; x_wconf 91' lang='lat' dir='ltr'><strong>omnes</strong></span> <span class='ocrx_word' id='word_1_183' title='bbox 920 2340 1175 2403; x_wconf 90' lang='lat' dir='ltr'><strong>ordines</strong></span> <span class='ocrx_word' id='word_1_184' title='bbox 1214 2339 1561 2422; x_wconf 89' lang='lat' dir='ltr'><strong>spirituum</strong></span> <span class='ocrx_word' id='word_1_185' title='bbox 1604 2338 1863 2401; x_wconf 91' lang='lat' dir='ltr'><strong>illorum</strong></span> 
     </span>
     <span class='ocr_line' id='line_1_32' title="bbox 350 2436 1867 2520; baseline -0.001 -19"><span class='ocrx_word' id='word_1_186' title='bbox 350 2448 717 2503; x_wconf 87' lang='lat' dir='ltr'><strong>creatorum</strong></span> <span class='ocrx_word' id='word_1_187' title='bbox 756 2456 771 2501; x_wconf 74' lang='grc' dir='ltr'>ε</span> <span class='ocrx_word' id='word_1_188' title='bbox 806 2447 877 2501; x_wconf 88' lang='lat' dir='ltr'><strong>ut</strong></span> <span class='ocrx_word' id='word_1_189' title='bbox 905 2438 1205 2502; x_wconf 90' lang='lat' dir='ltr'><strong>videlicet</strong></span> <span class='ocrx_word' id='word_1_190' title='bbox 1244 2438 1411 2501; x_wconf 90' lang='lat' dir='ltr'><strong>inter</strong></span> <span class='ocrx_word' id='word_1_191' title='bbox 1445 2456 1553 2501; x_wconf 91' lang='lat' dir='ltr'><strong>eos</strong></span> <span class='ocrx_word' id='word_1_192' title='bbox 1595 2436 1701 2520; x_wconf 92' lang='lat' dir='ltr'><strong>qui</strong></span> <span class='ocrx_word' id='word_1_193' title='bbox 1736 2437 1867 2500; x_wconf 90' lang='lat' dir='ltr'><strong>Deo</strong></span> 
     </span>
     <span class='ocr_line' id='line_1_33' title="bbox 347 2536 1863 2620; baseline -0.002 -19"><span class='ocrx_word' id='word_1_194' title='bbox 347 2538 787 2611; x_wconf 79' lang='lat' dir='ltr'><strong>adhaeserunt,</strong></span> <span class='ocrx_word' id='word_1_195' title='bbox 830 2537 1091 2620; x_wconf 91' lang='lat' dir='ltr'><strong>quidam</strong></span> <span class='ocrx_word' id='word_1_196' title='bbox 1138 2536 1568 2611; x_wconf 81' lang='lat' dir='ltr'><strong>sublimioreS,</strong></span> <span class='ocrx_word' id='word_1_197' title='bbox 1602 2536 1863 2618; x_wconf 86' lang='lat' dir='ltr'><strong>quidam</strong></span> 
     </span>
     <span class='ocr_line' id='line_1_34' title="bbox 349 2634 1864 2708; baseline -0.003 -8"><span class='ocrx_word' id='word_1_198' title='bbox 349 2647 575 2701; x_wconf 91' lang='lat' dir='ltr'><strong>autem</strong></span> <span class='ocrx_word' id='word_1_199' title='bbox 618 2635 987 2699; x_wconf 87' lang='lat' dir='ltr'><strong>declivioris</strong></span> <span class='ocrx_word' id='word_1_200' title='bbox 1034 2636 1275 2699; x_wconf 88' lang='lat' dir='ltr'><strong>ordinis</strong></span> <span class='ocrx_word' id='word_1_201' title='bbox 1319 2634 1648 2697; x_wconf 87' lang='lat' dir='ltr'><strong>constituti</strong></span> <span class='ocrx_word' id='word_1_202' title='bbox 1693 2642 1864 2708; x_wconf 90' lang='lat' dir='ltr'><strong>sunt,</strong></span> 
     </span>
     <span class='ocr_line' id='line_1_35' title="bbox 348 2732 1863 2819; baseline -0.004 -19"><span class='ocrx_word' id='word_1_203' title='bbox 348 2754 473 2819; x_wconf 91' lang='lat' dir='ltr'><strong>pro</strong></span> <span class='ocrx_word' id='word_1_204' title='bbox 503 2736 760 2798; x_wconf 90' lang='lat' dir='ltr'><strong>diversa</strong></span> <span class='ocrx_word' id='word_1_205' title='bbox 780 2735 1137 2798; x_wconf 88' lang='lat' dir='ltr'><strong>intensione</strong></span> <span class='ocrx_word' id='word_1_206' title='bbox 1160 2732 1523 2797; x_wconf 86' lang='lat' dir='ltr'><strong>inhaesionis</strong></span> <span class='ocrx_word' id='word_1_207' title='bbox 1551 2734 1630 2796; x_wconf 89' lang='lat' dir='ltr'><strong>ad</strong></span> <span class='ocrx_word' id='word_1_208' title='bbox 1649 2733 1863 2795; x_wconf 89' lang='lat' dir='ltr'><strong>Deum.</strong></span> 
     </span>
     <span class='ocr_line' id='line_1_36' title="bbox 352 2831 1868 2907; baseline -0.005 -8"><span class='ocrx_word' id='word_1_209' title='bbox 352 2832 812 2907; x_wconf 88' lang='lat' dir='ltr'><strong>Conformiter,</strong></span> <span class='ocrx_word' id='word_1_210' title='bbox 862 2852 941 2896; x_wconf 88' lang='lat' dir='ltr'><strong>ex</strong></span> <span class='ocrx_word' id='word_1_211' title='bbox 1000 2832 1231 2895; x_wconf 90' lang='lat' dir='ltr'><strong>merito</strong></span> <span class='ocrx_word' id='word_1_212' title='bbox 1294 2832 1651 2895; x_wconf 88' lang='lat' dir='ltr'><strong>aversionis</strong></span> <span class='ocrx_word' id='word_1_213' title='bbox 1709 2831 1868 2893; x_wconf 89' lang='lat' dir='ltr'><strong>dicit</strong></span> 
     </span>
     <span class='ocr_line' id='line_1_37' title="bbox 352 2930 1867 3014; baseline -0.003 -17"><span class='ocrx_word' id='word_1_214' title='bbox 352 2933 707 3014; x_wconf 84' lang='lat' dir='ltr'><strong>contigisse</strong></span> <span class='ocrx_word' id='word_1_215' title='bbox 766 2941 836 2994; x_wconf 91' lang='lat' dir='ltr'><strong>ut</strong></span> <span class='ocrx_word' id='word_1_216' title='bbox 894 2932 1155 3013; x_wconf 91' lang='lat' dir='ltr'><strong>quidam</strong></span> <span class='ocrx_word' id='word_1_217' title='bbox 1204 2931 1548 3013; x_wconf 82' lang='lat' dir='ltr'><strong>spirituum</strong></span> <span class='ocrx_word' id='word_1_218' title='bbox 1608 2930 1867 2993; x_wconf 90' lang='lat' dir='ltr'><strong>illorum</strong></span> 
     </span>
    </p>
   </div>
   <div class='ocr_carea' id='block_1_8' title="bbox 351 3026 2196 3112">
    <p class='ocr_par' dir='ltr' id='par_1_10' title="bbox 351 3026 2196 3112">
     <span class='ocr_line' id='line_1_38' title="bbox 351 3026 2196 3112; baseline -0.004 -16"><span class='ocrx_word' id='word_1_219' title='bbox 351 3034 781 3096; x_wconf 76' lang='lat' dir='ltr'><strong>efficerentur</strong></span> <span class='ocrx_word' id='word_1_220' title='bbox 809 3031 1153 3105; x_wconf 80' lang='lat' dir='ltr'><strong>daemoneS,</strong></span> <span class='ocrx_word' id='word_1_221' title='bbox 1186 3030 1447 3112; x_wconf 90' lang='lat' dir='ltr'><strong>quidam</strong></span> <span class='ocrx_word' id='word_1_222' title='bbox 1486 3030 1717 3093; x_wconf 81' lang='lat' dir='ltr'><strong>animae</strong></span> <span class='ocrx_word' id='word_1_223' title='bbox 1756 3029 1869 3091; x_wconf 87' lang='lat' dir='ltr'><strong>hu·</strong></span> <span class='ocrx_word' id='word_1_224' title='bbox 1904 3028 1948 3093; x_wconf 89' lang='lat' dir='ltr'>C</span> <span class='ocrx_word' id='word_1_225' title='bbox 1978 3026 2196 3089; x_wconf 89' lang='lat' dir='ltr'><strong>dutam</strong></span> 
     </span>
    </p>
   </div>
   <div class='ocr_carea' id='block_1_9' title="bbox 348 3128 1872 4181">
    <p class='ocr_par' dir='ltr' id='par_1_11' title="bbox 348 3128 1872 4181">
     <span class='ocr_line' id='line_1_39' title="bbox 350 3128 1869 3211; baseline -0.005 -15"><span class='ocrx_word' id='word_1_226' title='bbox 350 3150 589 3203; x_wconf 77' lang='lat' dir='ltr'><strong>manae,</strong></span> <span class='ocrx_word' id='word_1_227' title='bbox 620 3129 883 3211; x_wconf 90' lang='lat' dir='ltr'><strong>quidam</strong></span> <span class='ocrx_word' id='word_1_228' title='bbox 926 3136 1141 3191; x_wconf 90' lang='lat' dir='ltr'><strong>autem</strong></span> <span class='ocrx_word' id='word_1_229' title='bbox 1180 3128 1411 3191; x_wconf 82' lang='lat' dir='ltr'><strong>animae</strong></span> <span class='ocrx_word' id='word_1_230' title='bbox 1450 3128 1735 3191; x_wconf 89' lang='lat' dir='ltr'><strong>siderum</strong></span> <span class='ocrx_word' id='word_1_231' title='bbox 1778 3134 1869 3190; x_wconf 91' lang='lat' dir='ltr'><strong>at-</strong></span> 
     </span>
     <span class='ocr_line' id='line_1_40' title="bbox 349 3226 1870 3313; baseline -0.004 -20"><span class='ocrx_word' id='word_1_232' title='bbox 349 3250 483 3313; x_wconf 91' lang='lat' dir='ltr'><strong>que</strong></span> <span class='ocrx_word' id='word_1_233' title='bbox 544 3229 879 3301; x_wconf 89' lang='lat' dir='ltr'><strong>coelorum,</strong></span> <span class='ocrx_word' id='word_1_234' title='bbox 932 3228 1287 3290; x_wconf 89' lang='lat' dir='ltr'><strong>secundum</strong></span> <span class='ocrx_word' id='word_1_235' title='bbox 1349 3243 1605 3289; x_wconf 89' lang='lat' dir='ltr'><strong>omnem</strong></span> <span class='ocrx_word' id='word_1_236' title='bbox 1657 3226 1870 3288; x_wconf 90' lang='lat' dir='ltr'><strong>diver-</strong></span> 
     </span>
     <span class='ocr_line' id='line_1_41' title="bbox 348 3324 1868 3392; baseline -0.005 0"><span class='ocrx_word' id='word_1_237' title='bbox 348 3330 617 3392; x_wconf 85' lang='lat' dir='ltr'><strong>sitatem</strong></span> <span class='ocrx_word' id='word_1_238' title='bbox 648 3328 715 3390; x_wconf 94' lang='lat' dir='ltr'><strong>in</strong></span> <span class='ocrx_word' id='word_1_239' title='bbox 744 3327 846 3389; x_wconf 88' lang='lat' dir='ltr'><strong>his</strong></span> <span class='ocrx_word' id='word_1_240' title='bbox 877 3325 1179 3390; x_wconf 88' lang='lat' dir='ltr'><strong>omnibus</strong></span> <span class='ocrx_word' id='word_1_241' title='bbox 1221 3324 1658 3387; x_wconf 86' lang='lat' dir='ltr'><strong>exsistentem.</strong></span> <span class='ocrx_word' id='word_1_242' title='bbox 1692 3324 1868 3387; x_wconf 90' lang='lat' dir='ltr'><strong>Unde</strong></span> 
     </span>
     <span class='ocr_line' id='line_1_42' title="bbox 348 3424 1868 3505; baseline -0.004 -15"><span class='ocrx_word' id='word_1_243' title='bbox 348 3426 592 3491; x_wconf 84' lang='lat' dir='ltr'><strong>asserit</strong></span> <span class='ocrx_word' id='word_1_244' title='bbox 629 3426 825 3488; x_wconf 89' lang='lat' dir='ltr'><strong>Deum</strong></span> <span class='ocrx_word' id='word_1_245' title='bbox 855 3424 1207 3487; x_wconf 86' lang='lat' dir='ltr'><strong>instituisse</strong></span> <span class='ocrx_word' id='word_1_246' title='bbox 1240 3440 1579 3505; x_wconf 89' lang='lat' dir='ltr'><strong>corporum</strong></span> <span class='ocrx_word' id='word_1_247' title='bbox 1620 3441 1693 3485; x_wconf 92' lang='lat' dir='ltr'><strong>ac</strong></span> <span class='ocrx_word' id='word_1_248' title='bbox 1734 3441 1868 3485; x_wconf 89' lang='lat' dir='ltr'><strong>cor-</strong></span> 
     </span>
     <span class='ocr_line' id='line_1_43' title="bbox 352 3520 1871 3609; baseline -0.003 -21"><span class='ocrx_word' id='word_1_249' title='bbox 352 3525 683 3609; x_wconf 90' lang='lat' dir='ltr'><strong>poralium</strong></span> <span class='ocrx_word' id='word_1_250' title='bbox 740 3529 1177 3585; x_wconf 83' lang='lat' dir='ltr'><strong>creaturarum</strong></span> <span class='ocrx_word' id='word_1_251' title='bbox 1233 3521 1491 3584; x_wconf 88' lang='lat' dir='ltr'><strong>ordines</strong></span> <span class='ocrx_word' id='word_1_252' title='bbox 1538 3528 1603 3583; x_wconf 90' lang='lat' dir='ltr'><strong>et</strong></span> <span class='ocrx_word' id='word_1_253' title='bbox 1649 3520 1871 3584; x_wconf 89' lang='lat' dir='ltr'><strong>distin-</strong></span> 
     </span>
     <span class='ocr_line' id='line_1_44' title="bbox 353 3619 1869 3704; baseline -0.005 -16"><span class='ocrx_word' id='word_1_254' title='bbox 353 3626 631 3696; x_wconf 79' lang='lat' dir='ltr'><strong>ctioneS,</strong></span> <span class='ocrx_word' id='word_1_255' title='bbox 682 3628 999 3704; x_wconf 88' lang='lat' dir='ltr'><strong>quatenus</strong></span> <span class='ocrx_word' id='word_1_256' title='bbox 1052 3619 1387 3703; x_wconf 90' lang='lat' dir='ltr'><strong>spiritibus</strong></span> <span class='ocrx_word' id='word_1_257' title='bbox 1441 3619 1869 3682; x_wconf 88' lang='lat' dir='ltr'><strong>nobilioribus</strong></span> 
     </span>
     <span class='ocr_line' id='line_1_45' title="bbox 351 3717 1871 3802; baseline -0.003 -17"><span class='ocrx_word' id='word_1_258' title='bbox 351 3722 682 3787; x_wconf 89' lang='lat' dir='ltr'><strong>nobiliora</strong></span> <span class='ocrx_word' id='word_1_259' title='bbox 721 3737 989 3802; x_wconf 88' lang='lat' dir='ltr'><strong>corpora</strong></span> <span class='ocrx_word' id='word_1_260' title='bbox 1028 3717 1503 3801; x_wconf 86' lang='lat' dir='ltr'><strong>copularentur,</strong></span> <span class='ocrx_word' id='word_1_261' title='bbox 1537 3724 1647 3780; x_wconf 88' lang='lat' dir='ltr'><strong>aut</strong></span> <span class='ocrx_word' id='word_1_262' title='bbox 1686 3717 1871 3781; x_wconf 88' lang='lat' dir='ltr'><strong>aliter</strong></span> 
     </span>
     <span class='ocr_line' id='line_1_46' title="bbox 351 3816 1872 3906; baseline -0.004 -21"><span class='ocrx_word' id='word_1_263' title='bbox 351 3818 843 3906; x_wconf 89' lang='lat' dir='ltr'><strong>quomodolibet</strong></span> <span class='ocrx_word' id='word_1_264' title='bbox 872 3834 1179 3900; x_wconf 89' lang='lat' dir='ltr'><strong>corporea</strong></span> <span class='ocrx_word' id='word_1_265' title='bbox 1205 3835 1467 3899; x_wconf 81' lang='lat' dir='ltr'><strong>quaeque</strong></span> <span class='ocrx_word' id='word_1_266' title='bbox 1496 3824 1717 3879; x_wconf 86' lang='lat' dir='ltr'><strong>natura</strong></span> <span class='ocrx_word' id='word_1_267' title='bbox 1746 3816 1872 3899; x_wconf 91' lang='lat' dir='ltr'><strong>spi—</strong></span> 
     </span>
     <span class='ocr_line' id='line_1_47' title="bbox 352 3915 1869 3997; baseline -0.005 -13"><span class='ocrx_word' id='word_1_268' title='bbox 352 3920 581 3984; x_wconf 88' lang='lat' dir='ltr'><strong>rituali</strong></span> <span class='ocrx_word' id='word_1_269' title='bbox 626 3918 999 3981; x_wconf 86' lang='lat' dir='ltr'><strong>substantiae</strong></span> <span class='ocrx_word' id='word_1_270' title='bbox 1043 3916 1411 3979; x_wconf 88' lang='lat' dir='ltr'><strong>deserviret.</strong></span> <span class='ocrx_word' id='word_1_271' title='bbox 1457 3916 1712 3980; x_wconf 87' lang='lat' dir='ltr'><strong>Constat</strong></span> <span class='ocrx_word' id='word_1_272' title='bbox 1757 3915 1869 3997; x_wconf 87' lang='lat' dir='ltr'><strong>igi-</strong></span> 
     </span>
     <span class='ocr_line' id='line_1_48' title="bbox 351 4013 1871 4101; baseline -0.004 -20"><span class='ocrx_word' id='word_1_273' title='bbox 351 4028 486 4092; x_wconf 87' lang='lat' dir='ltr'><strong>tur,</strong></span> <span class='ocrx_word' id='word_1_274' title='bbox 512 4016 823 4101; x_wconf 88' lang='lat' dir='ltr'><strong>quoniam</strong></span> <span class='ocrx_word' id='word_1_275' title='bbox 844 4014 1233 4097; x_wconf 90' lang='lat' dir='ltr'><strong>(secundum</strong></span> <span class='ocrx_word' id='word_1_276' title='bbox 1262 4013 1630 4095; x_wconf 87' lang='lat' dir='ltr'><strong>Origenem)</strong></span> <span class='ocrx_word' id='word_1_277' title='bbox 1649 4032 1871 4077; x_wconf 88' lang='lat' dir='ltr'><strong>omnes</strong></span> 
     </span>
     <span class='ocr_line' id='line_1_49' title="bbox 352 4111 1871 4181; baseline -0.004 0"><span class='ocrx_word' id='word_1_278' title='bbox 352 4116 707 4181; x_wconf 86' lang='lat' dir='ltr'><strong>rationales</strong></span> <span class='ocrx_word' id='word_1_279' title='bbox 764 4114 995 4176; x_wconf 83' lang='lat' dir='ltr'><strong>animae</strong></span> <span class='ocrx_word' id='word_1_280' title='bbox 1052 4120 1197 4175; x_wconf 87' lang='lat' dir='ltr'><strong>ante</strong></span> <span class='ocrx_word' id='word_1_281' title='bbox 1265 4111 1487 4174; x_wconf 88' lang='lat' dir='ltr'><strong>mundi</strong></span> <span class='ocrx_word' id='word_1_282' title='bbox 1558 4112 1871 4175; x_wconf 87' lang='lat' dir='ltr'><strong>sensualis</strong></span> 
     </span>
    </p>
   </div>
   <div class='ocr_carea' id='block_1_10' title="bbox 1974 1946 3484 2421">
    <p class='ocr_par' dir='ltr' id='par_1_12' title="bbox 1974 1946 3484 2421">
     <span class='ocr_line' id='line_1_50' title="bbox 1978 1946 3481 2031; baseline 0.003 -24"><span class='ocrx_word' id='word_1_283' title='bbox 1978 1954 2143 2009; x_wconf 90' lang='lat' dir='ltr'><strong>tone.</strong></span> <span class='ocrx_word' id='word_1_284' title='bbox 2196 1946 2584 2029; x_wconf 88' lang='lat' dir='ltr'><strong>Apollinaris</strong></span> <span class='ocrx_word' id='word_1_285' title='bbox 2632 1954 2846 2010; x_wconf 88' lang='lat' dir='ltr'><strong>autem</strong></span> <span class='ocrx_word' id='word_1_286' title='bbox 2905 1948 3326 2011; x_wconf 85' lang='lat' dir='ltr'><strong>haeresiarcha</strong></span> <span class='ocrx_word' id='word_1_287' title='bbox 3373 1965 3481 2031; x_wconf 91' lang='lat' dir='ltr'><strong>po-</strong></span> 
     </span>
     <span class='ocr_line' id='line_1_51' title="bbox 1974 2043 3480 2127; baseline 0.003 -22"><span class='ocrx_word' id='word_1_288' title='bbox 1974 2043 2169 2106; x_wconf 88' lang='lat' dir='ltr'><strong>nebat</strong></span> <span class='ocrx_word' id='word_1_289' title='bbox 2196 2044 2442 2108; x_wconf 89' lang='lat' dir='ltr'><strong>animas</strong></span> <span class='ocrx_word' id='word_1_290' title='bbox 2471 2061 2596 2107; x_wconf 90' lang='lat' dir='ltr'><strong>non</strong></span> <span class='ocrx_word' id='word_1_291' title='bbox 2628 2045 2978 2119; x_wconf 90' lang='lat' dir='ltr'><strong>creari,sed</strong></span> <span class='ocrx_word' id='word_1_292' title='bbox 3007 2046 3099 2108; x_wconf 90' lang='lat' dir='ltr'><strong>sic</strong></span> <span class='ocrx_word' id='word_1_293' title='bbox 3133 2046 3480 2127; x_wconf 88' lang='lat' dir='ltr'><strong>procedere</strong></span> 
     </span>
     <span class='ocr_line' id='line_1_52' title="bbox 1975 2141 3482 2224; baseline 0.003 -22"><span class='ocrx_word' id='word_1_294' title='bbox 1975 2141 2255 2204; x_wconf 90' lang='lat' dir='ltr'><strong>animam</strong></span> <span class='ocrx_word' id='word_1_295' title='bbox 2288 2141 2488 2222; x_wconf 91' lang='lat' dir='ltr'><strong>geniti</strong></span> <span class='ocrx_word' id='word_1_296' title='bbox 2524 2141 2604 2205; x_wconf 90' lang='lat' dir='ltr'><strong>ab</strong></span> <span class='ocrx_word' id='word_1_297' title='bbox 2645 2143 2859 2205; x_wconf 91' lang='lat' dir='ltr'><strong>anima</strong></span> <span class='ocrx_word' id='word_1_298' title='bbox 2895 2144 3281 2224; x_wconf 82' lang='lat' dir='ltr'><strong>generantiS,</strong></span> <span class='ocrx_word' id='word_1_299' title='bbox 3315 2144 3482 2207; x_wconf 88' lang='lat' dir='ltr'><strong>sicut</strong></span> 
     </span>
     <span class='ocr_line' id='line_1_53' title="bbox 1979 2241 3481 2323; baseline 0.003 -22"><span class='ocrx_word' id='word_1_300' title='bbox 1979 2246 2043 2302; x_wconf 91' lang='lat' dir='ltr'><strong>et</strong></span> <span class='ocrx_word' id='word_1_301' title='bbox 2097 2257 2332 2323; x_wconf 89' lang='lat' dir='ltr'><strong>corpus</strong></span> <span class='ocrx_word' id='word_1_302' title='bbox 2377 2241 2577 2322; x_wconf 87' lang='lat' dir='ltr'><strong>geniti</strong></span> <span class='ocrx_word' id='word_1_303' title='bbox 2626 2260 2663 2303; x_wconf 91' lang='lat' dir='ltr'><strong>a</strong></span> <span class='ocrx_word' id='word_1_304' title='bbox 2710 2242 3065 2304; x_wconf 89' lang='lat' dir='ltr'><strong>substantia</strong></span> <span class='ocrx_word' id='word_1_305' title='bbox 3119 2243 3481 2323; x_wconf 87' lang='lat' dir='ltr'><strong>generantis</strong></span> 
     </span>
     <span class='ocr_line' id='line_1_54' title="bbox 1977 2338 3484 2421; baseline 0.002 -21"><span class='ocrx_word' id='word_1_306' title='bbox 1977 2338 2374 2401; x_wconf 90' lang='lat' dir='ltr'><strong>descinditur</strong></span> <span class='ocrx_word' id='word_1_307' title='bbox 2425 2356 2438 2399; x_wconf 94' lang='lat'>:</span> <span class='ocrx_word' id='word_1_308' title='bbox 2491 2358 2632 2421; x_wconf 85' lang='lat' dir='ltr'><strong>quae</strong></span> <span class='ocrx_word' id='word_1_309' title='bbox 2688 2340 2924 2421; x_wconf 91' lang='lat' dir='ltr'><strong>positio</strong></span> <span class='ocrx_word' id='word_1_310' title='bbox 2979 2340 3206 2403; x_wconf 89' lang='lat' dir='ltr'><strong>ceteris</strong></span> <span class='ocrx_word' id='word_1_311' title='bbox 3267 2341 3484 2403; x_wconf 90' lang='lat' dir='ltr'><strong>rudior</strong></span> 
     </span>
    </p>
   </div>
   <div class='ocr_carea' id='block_1_11' title="bbox 1977 2436 3756 2518">
    <p class='ocr_par' dir='ltr' id='par_1_13' title="bbox 1977 2436 3756 2518">
     <span class='ocr_line' id='line_1_55' title="bbox 1977 2436 3756 2518; baseline 0.001 -20"><span class='ocrx_word' id='word_1_312' title='bbox 1977 2443 2095 2509; x_wconf 91' lang='lat' dir='ltr'><strong>est,</strong></span> <span class='ocrx_word' id='word_1_313' title='bbox 2128 2443 2192 2498; x_wconf 92' lang='lat' dir='ltr'><strong>et</strong></span> <span class='ocrx_word' id='word_1_314' title='bbox 2222 2436 2288 2498; x_wconf 90' lang='lat' dir='ltr'><strong>in</strong></span> <span class='ocrx_word' id='word_1_315' title='bbox 2318 2436 2530 2518; x_wconf 92' lang='lat' dir='ltr'><strong>primo</strong></span> <span class='ocrx_word' id='word_1_316' title='bbox 2569 2437 2720 2500; x_wconf 89' lang='lat' dir='ltr'><strong>satis</strong></span> <span class='ocrx_word' id='word_1_317' title='bbox 2759 2439 3099 2502; x_wconf 85' lang='lat' dir='ltr'><strong>destructa.</strong></span> <span class='ocrx_word' id='word_1_318' title='bbox 3135 2439 3480 2504; x_wconf 88' lang='lat' dir='ltr'><strong>Enimvero</strong></span> <span class='ocrx_word' id='word_1_319' title='bbox 3507 2458 3591 2499; x_wconf 75' lang='lat' dir='ltr'><strong>art.</strong></span> <span class='ocrx_word' id='word_1_320' title='bbox 3615 2468 3756 2507; x_wconf 77' lang='lat' dir='ltr'><strong>xcvm.</strong></span> 
     </span>
    </p>
   </div>
   <div class='ocr_carea' id='block_1_12' title="bbox 3506 2534 3616 2563">
    <p class='ocr_par' dir='ltr' id='par_1_14' title="bbox 3506 2534 3616 2563">
     <span class='ocr_line' id='line_1_56' title="bbox 3506 2534 3616 2563; baseline 0 0"><span class='ocrx_word' id='word_1_321' title='bbox 3506 2534 3616 2563; x_wconf 66' lang='lat'>101¹-</span> 
     </span>
    </p>
   </div>
   <div class='ocr_carea' id='block_1_13' title="bbox 1976 2534 3482 3209">
    <p class='ocr_par' dir='ltr' id='par_1_15' title="bbox 1976 2534 3482 3209">
     <span class='ocr_line' id='line_1_57' title="bbox 1976 2534 3480 2617; baseline 0.003 -22"><span class='ocrx_word' id='word_1_322' title='bbox 1976 2534 2258 2596; x_wconf 89' lang='lat' dir='ltr'><strong>animam</strong></span> <span class='ocrx_word' id='word_1_323' title='bbox 2291 2534 2524 2597; x_wconf 87' lang='lat' dir='ltr'><strong>Christi</strong></span> <span class='ocrx_word' id='word_1_324' title='bbox 2555 2534 2800 2598; x_wconf 86' lang='lat' dir='ltr'><strong>dixerat</strong></span> <span class='ocrx_word' id='word_1_325' title='bbox 2829 2535 3130 2617; x_wconf 91' lang='lat' dir='ltr'><strong>Origenes</strong></span> <span class='ocrx_word' id='word_1_326' title='bbox 3171 2536 3252 2598; x_wconf 90' lang='lat' dir='ltr'><strong>ab</strong></span> <span class='ocrx_word' id='word_1_327' title='bbox 3295 2537 3480 2600; x_wconf 87' lang='lat' dir='ltr'><strong>initio</strong></span> 
     </span>
     <span class='ocr_line' id='line_1_58' title="bbox 1978 2619 3478 2698; baseline 0.001 -3"><span class='ocrx_word' id='word_1_328' title='bbox 1978 2650 2125 2695; x_wconf 92' lang='lat' dir='ltr'><strong>cum</strong></span> <span class='ocrx_word' id='word_1_329' title='bbox 2193 2619 2424 2695; x_wconf 72' lang='lat' dir='ltr'><strong>cete‘ris</strong></span> <span class='ocrx_word' id='word_1_330' title='bbox 2491 2633 3034 2697; x_wconf 86' lang='lat' dir='ltr'><strong>intellectualibus</strong></span> <span class='ocrx_word' id='word_1_331' title='bbox 3101 2635 3478 2698; x_wconf 89' lang='lat' dir='ltr'><strong>substantiis</strong></span> 
     </span>
     <span class='ocr_line' id='line_1_59' title="bbox 1978 2732 3482 2815; baseline 0.002 -22"><span class='ocrx_word' id='word_1_332' title='bbox 1978 2738 2275 2805; x_wconf 89' lang='lat' dir='ltr'><strong>creatam,</strong></span> <span class='ocrx_word' id='word_1_333' title='bbox 2323 2738 2384 2793; x_wconf 87' lang='lat' dir='ltr'><strong>et</strong></span> <span class='ocrx_word' id='word_1_334' title='bbox 2420 2750 2456 2793; x_wconf 90' lang='lat' dir='ltr'><strong>a</strong></span> <span class='ocrx_word' id='word_1_335' title='bbox 2497 2732 2704 2795; x_wconf 91' lang='lat' dir='ltr'><strong>Verbo</strong></span> <span class='ocrx_word' id='word_1_336' title='bbox 2742 2740 3158 2815; x_wconf 91' lang='lat' dir='ltr'><strong>assumptam,</strong></span> <span class='ocrx_word' id='word_1_337' title='bbox 3197 2734 3482 2797; x_wconf 90' lang='lat' dir='ltr'><strong>tandem-</strong></span> 
     </span>
     <span class='ocr_line' id='line_1_60' title="bbox 1977 2829 3480 2914; baseline 0.003 -23"><span class='ocrx_word' id='word_1_338' title='bbox 1977 2847 2098 2911; x_wconf 91' lang='lat' dir='ltr'><strong>que</strong></span> <span class='ocrx_word' id='word_1_339' title='bbox 2159 2829 2224 2891; x_wconf 94' lang='lat' dir='ltr'><strong>in</strong></span> <span class='ocrx_word' id='word_1_340' title='bbox 2283 2829 2416 2892; x_wconf 90' lang='lat' dir='ltr'><strong>fine</strong></span> <span class='ocrx_word' id='word_1_341' title='bbox 2473 2830 2878 2905; x_wconf 82' lang='lat' dir='ltr'><strong>saeculorum,</strong></span> <span class='ocrx_word' id='word_1_342' title='bbox 2951 2831 3103 2894; x_wconf 91' lang='lat' dir='ltr'><strong>dum</strong></span> <span class='ocrx_word' id='word_1_343' title='bbox 3171 2832 3480 2914; x_wconf 90' lang='lat' dir='ltr'><strong>temporis</strong></span> 
     </span>
     <span class='ocr_line' id='line_1_61' title="bbox 1977 2928 3480 3011; baseline 0.001 -20"><span class='ocrx_word' id='word_1_344' title='bbox 1977 2928 2238 2991; x_wconf 88' lang='lat' dir='ltr'><strong>advenit</strong></span> <span class='ocrx_word' id='word_1_345' title='bbox 2282 2928 2700 3010; x_wconf 84' lang='lat' dir='ltr'><strong>praeordinata</strong></span> <span class='ocrx_word' id='word_1_346' title='bbox 2748 2930 3102 3011; x_wconf 86' lang='lat' dir='ltr'><strong>plenitudo,</strong></span> <span class='ocrx_word' id='word_1_347' title='bbox 3145 2949 3335 2994; x_wconf 89' lang='lat' dir='ltr'><strong>carne</strong></span> <span class='ocrx_word' id='word_1_348' title='bbox 3387 2932 3480 2993; x_wconf 87' lang='lat' dir='ltr'><strong>in·</strong></span> 
     </span>
     <span class='ocr_line' id='line_1_62' title="bbox 2246 3027 3481 3092; baseline 0.002 -3"><span class='ocrx_word' id='word_1_349' title='bbox 2246 3045 2260 3089; x_wconf 92' lang='lat'>:</span> <span class='ocrx_word' id='word_1_350' title='bbox 2306 3034 2372 3090; x_wconf 90' lang='lat' dir='ltr'><strong>et</strong></span> <span class='ocrx_word' id='word_1_351' title='bbox 2418 3027 2539 3091; x_wconf 90' lang='lat' dir='ltr'><strong>hoc</strong></span> <span class='ocrx_word' id='word_1_352' title='bbox 2592 3027 2781 3091; x_wconf 90' lang='lat' dir='ltr'><strong>modo</strong></span> <span class='ocrx_word' id='word_1_353' title='bbox 2823 3030 3096 3092; x_wconf 90' lang='lat' dir='ltr'><strong>asseruit</strong></span> <span class='ocrx_word' id='word_1_354' title='bbox 3138 3029 3337 3092; x_wconf 88' lang='lat' dir='ltr'><strong>Deum</strong></span> <span class='ocrx_word' id='word_1_355' title='bbox 3387 3029 3481 3091; x_wconf 90' lang='lat' dir='ltr'><strong>in-</strong></span> 
     </span>
     <span class='ocr_line' id='line_1_63' title="bbox 1978 3125 3476 3209; baseline 0.002 -22"><span class='ocrx_word' id='word_1_356' title='bbox 1978 3132 2330 3188; x_wconf 91' lang='lat' dir='ltr'><strong>carnatum.</strong></span> <span class='ocrx_word' id='word_1_357' title='bbox 2364 3125 2510 3189; x_wconf 85' lang='lat' dir='ltr'><strong>Tale</strong></span> <span class='ocrx_word' id='word_1_358' title='bbox 2541 3133 2639 3188; x_wconf 89' lang='lat' dir='ltr'><strong>est</strong></span> <span class='ocrx_word' id='word_1_359' title='bbox 2675 3127 2869 3207; x_wconf 91' lang='lat' dir='ltr'><strong>igitur</strong></span> <span class='ocrx_word' id='word_1_360' title='bbox 2897 3127 3186 3209; x_wconf 91' lang='lat' dir='ltr'><strong>Origenis</strong></span> <span class='ocrx_word' id='word_1_361' title='bbox 3229 3128 3476 3209; x_wconf 86' lang='lat' dir='ltr'><strong>dogma.</strong></span> 
     </span>
    </p>
   </div>
   <div class='ocr_carea' id='block_1_14' title="bbox 2305 3388 3150 3455">
    <p class='ocr_par' dir='ltr' id='par_1_16' title="bbox 2305 3388 3150 3455">
     <span class='ocr_line' id='line_1_64' title="bbox 2305 3388 3150 3455; baseline 0.002 -2"><span class='ocrx_word' id='word_1_362' title='bbox 2305 3388 2793 3455; x_wconf 86' lang='lat' dir='ltr'>ARTICULUS</span> <span class='ocrx_word' id='word_1_363' title='bbox 2840 3390 3150 3455; x_wconf 89' lang='lat' dir='ltr'>XLVIII.</span> 
     </span>
    </p>
   </div>
   <div class='ocr_carea' id='block_1_15' title="bbox 2116 3529 3336 3695">
    <p class='ocr_par' dir='ltr' id='par_1_17' title="bbox 2116 3529 3336 3695">
     <span class='ocr_line' id='line_1_65' title="bbox 2116 3529 3336 3608; baseline 0.002 -19"><span class='ocrx_word' id='word_1_364' title='bbox 2116 3530 2204 3589; x_wconf 78' lang='lat' dir='ltr'><strong>Ec</strong></span> <span class='ocrx_word' id='word_1_365' title='bbox 2253 3537 2343 3587; x_wconf 81' lang='lat' dir='ltr'><strong>est</strong></span> <span class='ocrx_word' id='word_1_366' title='bbox 2392 3529 2596 3606; x_wconf 70' lang='lat' dir='ltr'><strong>liujus</strong></span> <span class='ocrx_word' id='word_1_367' title='bbox 2634 3530 2984 3605; x_wconf 78' lang='lat' dir='ltr'><strong>positionis</strong></span> <span class='ocrx_word' id='word_1_368' title='bbox 3032 3532 3336 3608; x_wconf 71' lang='lat' dir='ltr'><strong>Oriyenis</strong></span> 
     </span>
     <span class='ocr_line' id='line_1_66' title="bbox 2516 3619 2950 3695; baseline 0.007 -19"><span class='ocrx_word' id='word_1_369' title='bbox 2516 3619 2950 3695; x_wconf 75' lang='lat' dir='ltr'><strong>impuqnaciO.</strong></span> 
     </span>
    </p>
   </div>
   <div class='ocr_carea' id='block_1_16' title="bbox 2121 3817 3479 3899">
    <p class='ocr_par' dir='ltr' id='par_1_18' title="bbox 2121 3817 3479 3899">
     <span class='ocr_line' id='line_1_67' title="bbox 2121 3817 3479 3899; baseline 0.004 -19"><span class='ocrx_word' id='word_1_370' title='bbox 2121 3817 2425 3891; x_wconf 86' lang='lat' dir='ltr'>ENIQUE,</span> <span class='ocrx_word' id='word_1_371' title='bbox 2473 3825 2693 3880; x_wconf 90' lang='lat' dir='ltr'><strong>contra</strong></span> <span class='ocrx_word' id='word_1_372' title='bbox 2744 3818 3124 3899; x_wconf 89' lang='lat' dir='ltr'><strong>positionem</strong></span> <span class='ocrx_word' id='word_1_373' title='bbox 3177 3820 3359 3883; x_wconf 90' lang='lat' dir='ltr'><strong>istam</strong></span> <span class='ocrx_word' id='word_1_374' title='bbox 3414 3822 3479 3886; x_wconf 90' lang='lat' dir='ltr'><strong>in</strong></span> 
     </span>
    </p>
   </div>
   <div class='ocr_carea' id='block_1_17' title="bbox 2150 3913 3742 3998">
    <p class='ocr_par' dir='ltr' id='par_1_19' title="bbox 2150 3913 3742 3998">
     <span class='ocr_line' id='line_1_68' title="bbox 2150 3913 3742 3998; baseline 0.006 -22"><span class='ocrx_word' id='word_1_375' title='bbox 2150 3916 2361 3998; x_wconf 87' lang='lat' dir='ltr'><strong>primo</strong></span> <span class='ocrx_word' id='word_1_376' title='bbox 2389 3915 2464 3977; x_wconf 87' lang='lat' dir='ltr'><strong>ad</strong></span> <span class='ocrx_word' id='word_1_377' title='bbox 2501 3913 2760 3995; x_wconf 87' lang='lat' dir='ltr'><strong>longum</strong></span> <span class='ocrx_word' id='word_1_378' title='bbox 2793 3916 3186 3998; x_wconf 89' lang='lat' dir='ltr'><strong>disputatum</strong></span> <span class='ocrx_word' id='word_1_379' title='bbox 3219 3926 3331 3981; x_wconf 88' lang='lat' dir='ltr'><strong>est.</strong></span> <span class='ocrx_word' id='word_1_380' title='bbox 3368 3920 3481 3983; x_wconf 90' lang='lat' dir='ltr'><strong>De·</strong></span> <span class='ocrx_word' id='word_1_381' title='bbox 3505 3944 3742 3985; x_wconf 63' lang='lat' dir='ltr'><strong>mmm.</strong></span> 
     </span>
    </p>
   </div>
   <div class='ocr_carea' id='block_1_18' title="bbox 1979 4011 3478 4185">
    <p class='ocr_par' dir='ltr' id='par_1_20' title="bbox 1979 4011 3478 4185">
     <span class='ocr_line' id='line_1_69' title="bbox 1982 4011 3475 4081; baseline 0.003 -6"><span class='ocrx_word' id='word_1_382' title='bbox 1982 4019 2401 4075; x_wconf 90' lang='lat' dir='ltr'><strong>monstratum</strong></span> <span class='ocrx_word' id='word_1_383' title='bbox 2435 4018 2532 4074; x_wconf 91' lang='lat' dir='ltr'><strong>est</strong></span> <span class='ocrx_word' id='word_1_384' title='bbox 2561 4011 2734 4073; x_wconf 90' lang='lat' dir='ltr'><strong>enim</strong></span> <span class='ocrx_word' id='word_1_385' title='bbox 2766 4013 3056 4076; x_wconf 90' lang='lat' dir='ltr'><strong>ordinem</strong></span> <span class='ocrx_word' id='word_1_386' title='bbox 3097 4033 3309 4078; x_wconf 92' lang='lat' dir='ltr'><strong>rerum</strong></span> <span class='ocrx_word' id='word_1_387' title='bbox 3350 4035 3475 4081; x_wconf 91' lang='lat' dir='ltr'><strong>non</strong></span> 
     </span>
     <span class='ocr_line' id='line_1_70' title="bbox 1979 4110 3478 4185; baseline 0.003 -12"><span class='ocrx_word' id='word_1_388' title='bbox 1979 4131 2057 4173; x_wconf 89' lang='lat' dir='ltr'><strong>ex</strong></span> <span class='ocrx_word' id='word_1_389' title='bbox 2127 4110 2495 4173; x_wconf 89' lang='lat' dir='ltr'><strong>diversitate</strong></span> <span class='ocrx_word' id='word_1_390' title='bbox 2564 4110 2962 4185; x_wconf 87' lang='lat' dir='ltr'><strong>meritorum,</strong></span> <span class='ocrx_word' id='word_1_391' title='bbox 3025 4112 3133 4174; x_wconf 90' lang='lat' dir='ltr'><strong>sed</strong></span> <span class='ocrx_word' id='word_1_392' title='bbox 3202 4132 3238 4175; x_wconf 88' lang='lat' dir='ltr'><strong>e</strong></span> <span class='ocrx_word' id='word_1_393' title='bbox 3303 4113 3478 4178; x_wconf 85' lang='lat' dir='ltr'><strong>fonte</strong></span> 
     </span>
    </p>
   </div>
   <div class='ocr_carea' id='block_1_19' title="bbox 354 4207 3481 4295">
    <p class='ocr_par' dir='ltr' id='par_1_21' title="bbox 354 4207 3481 4295">
     <span class='ocr_line' id='line_1_71' title="bbox 354 4207 3481 4295; baseline -0.001 -15"><span class='ocrx_word' id='word_1_394' title='bbox 354 4214 801 4280; x_wconf 88' lang='lat' dir='ltr'><strong>conditionem</strong></span> <span class='ocrx_word' id='word_1_395' title='bbox 847 4211 1031 4275; x_wconf 82' lang='lat' dir='ltr'><strong>factae</strong></span> <span class='ocrx_word' id='word_1_396' title='bbox 1082 4218 1234 4273; x_wconf 90' lang='lat' dir='ltr'><strong>sunt</strong></span> <span class='ocrx_word' id='word_1_397' title='bbox 1274 4229 1421 4273; x_wconf 89' lang='lat' dir='ltr'><strong>cum</strong></span> <span class='ocrx_word' id='word_1_398' title='bbox 1468 4209 1697 4272; x_wconf 90' lang='lat' dir='ltr'><strong>ceteris</strong></span> <span class='ocrx_word' id='word_1_399' title='bbox 1742 4211 1869 4292; x_wconf 89' lang='lat' dir='ltr'><strong>spi·</strong></span> <span class='ocrx_word' id='word_1_400' title='bbox 1901 4207 1951 4269; x_wconf 91' lang='lat' dir='ltr'>D</span> <span class='ocrx_word' id='word_1_401' title='bbox 1980 4218 2230 4273; x_wconf 84' lang='lat' dir='ltr'><strong>aeternae</strong></span> <span class='ocrx_word' id='word_1_402' title='bbox 2274 4207 2602 4291; x_wconf 83' lang='lat' dir='ltr'><strong>sapientiae</strong></span> <span class='ocrx_word' id='word_1_403' title='bbox 2645 4208 3048 4290; x_wconf 85' lang='lat' dir='ltr'><strong>profluxisse.</strong></span> <span class='ocrx_word' id='word_1_404' title='bbox 3083 4210 3350 4295; x_wconf 89' lang='lat' dir='ltr'><strong>Insuper</strong></span> <span class='ocrx_word' id='word_1_405' title='bbox 3377 4214 3481 4277; x_wconf 92' lang='lat' dir='ltr'><strong>de·</strong></span> 
     </span>
    </p>
   </div>
   <div class='ocr_carea' id='block_1_20' title="bbox 354 4308 1874 4981">
    <p class='ocr_par' dir='ltr' id='par_1_22' title="bbox 354 4308 1874 4981">
     <span class='ocr_line' id='line_1_72' title="bbox 354 4308 1871 4392; baseline -0.005 -14"><span class='ocrx_word' id='word_1_406' title='bbox 354 4314 623 4385; x_wconf 83' lang='lat' dir='ltr'><strong>ritibuS,</strong></span> <span class='ocrx_word' id='word_1_407' title='bbox 674 4319 738 4374; x_wconf 91' lang='lat' dir='ltr'><strong>et</strong></span> <span class='ocrx_word' id='word_1_408' title='bbox 790 4309 1079 4392; x_wconf 88' lang='lat' dir='ltr'><strong>ejusdem</strong></span> <span class='ocrx_word' id='word_1_409' title='bbox 1130 4308 1369 4390; x_wconf 89' lang='lat' dir='ltr'><strong>speciei</strong></span> <span class='ocrx_word' id='word_1_410' title='bbox 1430 4326 1579 4371; x_wconf 92' lang='lat' dir='ltr'><strong>cum</strong></span> <span class='ocrx_word' id='word_1_411' title='bbox 1628 4309 1871 4389; x_wconf 88' lang='lat' dir='ltr'><strong>angelis</strong></span> 
     </span>
     <span class='ocr_line' id='line_1_73' title="bbox 354 4406 1872 4489; baseline -0.005 -12"><span class='ocrx_word' id='word_1_412' title='bbox 354 4422 423 4477; x_wconf 91' lang='lat' dir='ltr'><strong>et</strong></span> <span class='ocrx_word' id='word_1_413' title='bbox 494 4409 899 4475; x_wconf 81' lang='lat' dir='ltr'><strong>daemonibus</strong></span> <span class='ocrx_word' id='word_1_414' title='bbox 968 4406 1463 4489; x_wconf 88' lang='lat' dir='ltr'><strong>coelestibusque</strong></span> <span class='ocrx_word' id='word_1_415' title='bbox 1534 4406 1872 4469; x_wconf 85' lang='lat' dir='ltr'><strong>animabus</strong></span> 
     </span>
     <span class='ocr_line' id='line_1_74' title="bbox 356 4505 1873 4591; baseline -0.007 -15"><span class='ocrx_word' id='word_1_416' title='bbox 356 4512 688 4577; x_wconf 88' lang='lat' dir='ltr'><strong>exsistunt</strong></span> <span class='ocrx_word' id='word_1_417' title='bbox 718 4527 733 4571; x_wconf 89' lang='lat'>:</span> <span class='ocrx_word' id='word_1_418' title='bbox 767 4508 1009 4591; x_wconf 89' lang='lat' dir='ltr'><strong>quippe</strong></span> <span class='ocrx_word' id='word_1_419' title='bbox 1039 4506 1255 4569; x_wconf 88' lang='lat' dir='ltr'><strong>divina</strong></span> <span class='ocrx_word' id='word_1_420' title='bbox 1284 4505 1682 4570; x_wconf 89' lang='lat' dir='ltr'><strong>ordinatione</strong></span> <span class='ocrx_word' id='word_1_421' title='bbox 1712 4506 1873 4569; x_wconf 86' lang='lat' dir='ltr'><strong>dixit</strong></span> 
     </span>
     <span class='ocr_line' id='line_1_75' title="bbox 354 4604 1869 4690; baseline -0.006 -14"><span class='ocrx_word' id='word_1_422' title='bbox 354 4612 617 4676; x_wconf 88' lang='lat' dir='ltr'><strong>animas</strong></span> <span class='ocrx_word' id='word_1_423' title='bbox 666 4606 1043 4690; x_wconf 89' lang='lat' dir='ltr'><strong>corporibus</strong></span> <span class='ocrx_word' id='word_1_424' title='bbox 1092 4604 1325 4679; x_wconf 79' lang='lat' dir='ltr'><strong>unitaS,</strong></span> <span class='ocrx_word' id='word_1_425' title='bbox 1377 4605 1488 4667; x_wconf 90' lang='lat' dir='ltr'><strong>sed</strong></span> <span class='ocrx_word' id='word_1_426' title='bbox 1537 4605 1602 4667; x_wconf 93' lang='lat' dir='ltr'><strong>in</strong></span> <span class='ocrx_word' id='word_1_427' title='bbox 1651 4624 1869 4668; x_wconf 89' lang='lat' dir='ltr'><strong>earum</strong></span> 
     </span>
     <span class='ocr_line' id='line_1_76' title="bbox 356 4702 1874 4793; baseline -0.006 -20"><span class='ocrx_word' id='word_1_428' title='bbox 356 4726 650 4793; x_wconf 89' lang='lat' dir='ltr'><strong>poenam,</strong></span> <span class='ocrx_word' id='word_1_429' title='bbox 685 4722 763 4769; x_wconf 90' lang='lat' dir='ltr'><strong>eo</strong></span> <span class='ocrx_word' id='word_1_430' title='bbox 799 4704 968 4786; x_wconf 92' lang='lat' dir='ltr'><strong>quod</strong></span> <span class='ocrx_word' id='word_1_431' title='bbox 1010 4709 1399 4786; x_wconf 89' lang='lat' dir='ltr'><strong>peccassent.</strong></span> <span class='ocrx_word' id='word_1_432' title='bbox 1436 4702 1611 4765; x_wconf 90' lang='lat' dir='ltr'><strong>Unde</strong></span> <span class='ocrx_word' id='word_1_433' title='bbox 1652 4721 1874 4765; x_wconf 90' lang='lat' dir='ltr'><strong>secun·</strong></span> 
     </span>
     <span class='ocr_line' id='line_1_77' title="bbox 354 4800 1873 4884; baseline -0.006 -13"><span class='ocrx_word' id='word_1_434' title='bbox 354 4810 520 4871; x_wconf 93' lang='lat' dir='ltr'><strong>dum</strong></span> <span class='ocrx_word' id='word_1_435' title='bbox 580 4818 757 4878; x_wconf 84' lang='lat' dir='ltr'><strong>eum,</strong></span> <span class='ocrx_word' id='word_1_436' title='bbox 812 4801 1187 4884; x_wconf 90' lang='lat' dir='ltr'><strong>corporibus</strong></span> <span class='ocrx_word' id='word_1_437' title='bbox 1246 4800 1427 4883; x_wconf 87' lang='lat' dir='ltr'><strong>quasi</strong></span> <span class='ocrx_word' id='word_1_438' title='bbox 1487 4800 1873 4883; x_wconf 89' lang='lat' dir='ltr'><strong>quibusdam</strong></span> 
     </span>
     <span class='ocr_line' id='line_1_78' title="bbox 355 4899 1872 4981; baseline -0.006 -11"><span class='ocrx_word' id='word_1_439' title='bbox 355 4902 739 4970; x_wconf 86' lang='lat' dir='ltr'><strong>carceribus</strong></span> <span class='ocrx_word' id='word_1_440' title='bbox 790 4899 1052 4963; x_wconf 83' lang='lat' dir='ltr'><strong>inclusae</strong></span> <span class='ocrx_word' id='word_1_441' title='bbox 1100 4905 1268 4962; x_wconf 91' lang='lat' dir='ltr'><strong>sunt.</strong></span> <span class='ocrx_word' id='word_1_442' title='bbox 1311 4899 1523 4973; x_wconf 90' lang='lat' dir='ltr'><strong>Porr0,</strong></span> <span class='ocrx_word' id='word_1_443' title='bbox 1572 4899 1872 4981; x_wconf 91' lang='lat' dir='ltr'><strong>quemad-</strong></span> 
     </span>
    </p>
   </div>
   <div class='ocr_carea' id='block_1_21' title="bbox 100 4996 1873 5081">
    <p class='ocr_par' dir='ltr' id='par_1_23' title="bbox 100 4996 1873 5081">
     <span class='ocr_line' id='line_1_79' title="bbox 100 4996 1873 5081; baseline -0.006 -11"><span class='ocrx_word' id='word_1_444' title='bbox 100 5030 179 5070; x_wconf 76' lang='grc' dir='ltr'>ιι-ι.</span> <span class='ocrx_word' id='word_1_445' title='bbox 206 5038 321 5069; x_wconf 77' lang='lat' dir='ltr'><strong>xm.</strong></span> <span class='ocrx_word' id='word_1_446' title='bbox 358 5004 633 5069; x_wconf 89' lang='lat' dir='ltr'><strong>modum</strong></span> <span class='ocrx_word' id='word_1_447' title='bbox 666 5002 733 5063; x_wconf 92' lang='lat' dir='ltr'><strong>in</strong></span> <span class='ocrx_word' id='word_1_448' title='bbox 766 4998 975 5081; x_wconf 88' lang='lat' dir='ltr'><strong>primo</strong></span> <span class='ocrx_word' id='word_1_449' title='bbox 1015 4998 1179 5060; x_wconf 91' lang='lat' dir='ltr'><strong>libro</strong></span> <span class='ocrx_word' id='word_1_450' title='bbox 1216 4996 1549 5059; x_wconf 89' lang='lat' dir='ltr'><strong>recitatum</strong></span> <span class='ocrx_word' id='word_1_451' title='bbox 1591 5004 1709 5070; x_wconf 90' lang='lat' dir='ltr'><strong>est,</strong></span> <span class='ocrx_word' id='word_1_452' title='bbox 1742 4996 1873 5059; x_wconf 89' lang='lat' dir='ltr'><strong>Pla-</strong></span> 
     </span>
    </p>
   </div>
   <div class='ocr_carea' id='block_1_22' title="bbox 350 5095 1872 5387">
    <p class='ocr_par' dir='ltr' id='par_1_24' title="bbox 350 5095 1872 5387">
     <span class='ocr_line' id='line_1_80' title="bbox 354 5095 1871 5167; baseline -0.007 0"><span class='ocrx_word' id='word_1_453' title='bbox 354 5102 564 5167; x_wconf 87' lang='lat' dir='ltr'><strong>tonici</strong></span> <span class='ocrx_word' id='word_1_454' title='bbox 612 5098 859 5162; x_wconf 88' lang='lat' dir='ltr'><strong>animas</strong></span> <span class='ocrx_word' id='word_1_455' title='bbox 904 5097 1216 5159; x_wconf 89' lang='lat' dir='ltr'><strong>humanas</strong></span> <span class='ocrx_word' id='word_1_456' title='bbox 1270 5103 1335 5158; x_wconf 88' lang='lat' dir='ltr'><strong>et</strong></span> <span class='ocrx_word' id='word_1_457' title='bbox 1377 5104 1643 5159; x_wconf 85' lang='lat' dir='ltr'><strong>aeternas</strong></span> <span class='ocrx_word' id='word_1_458' title='bbox 1692 5104 1755 5158; x_wconf 91' lang='lat' dir='ltr'><strong>et</strong></span> <span class='ocrx_word' id='word_1_459' title='bbox 1806 5095 1871 5157; x_wconf 92' lang='lat' dir='ltr'><strong>in</strong></span> 
     </span>
     <span class='ocr_line' id='line_1_81' title="bbox 350 5193 1871 5267; baseline -0.007 -2"><span class='ocrx_word' id='word_1_460' title='bbox 350 5198 781 5267; x_wconf 87' lang='lat' dir='ltr'><strong>multitudine</strong></span> <span class='ocrx_word' id='word_1_461' title='bbox 812 5214 927 5259; x_wconf 86' lang='lat' dir='ltr'><strong>sua</strong></span> <span class='ocrx_word' id='word_1_462' title='bbox 956 5194 1347 5257; x_wconf 88' lang='lat' dir='ltr'><strong>immortales</strong></span> <span class='ocrx_word' id='word_1_463' title='bbox 1385 5193 1702 5267; x_wconf 90' lang='lat' dir='ltr'><strong>dicebant,</strong></span> <span class='ocrx_word' id='word_1_464' title='bbox 1738 5211 1871 5257; x_wconf 90' lang='lat' dir='ltr'><strong>cor-</strong></span> 
     </span>
     <span class='ocr_line' id='line_1_82' title="bbox 350 5292 1872 5387; baseline -0.006 -22"><span class='ocrx_word' id='word_1_465' title='bbox 350 5300 763 5387; x_wconf 87' lang='lat' dir='ltr'><strong>poribusque</strong></span> <span class='ocrx_word' id='word_1_466' title='bbox 812 5294 1005 5370; x_wconf 87' lang='lat' dir='ltr'><strong>uniri,</strong></span> <span class='ocrx_word' id='word_1_467' title='bbox 1056 5301 1119 5356; x_wconf 90' lang='lat' dir='ltr'><strong>et</strong></span> <span class='ocrx_word' id='word_1_468' title='bbox 1166 5311 1387 5357; x_wconf 88' lang='lat' dir='ltr'><strong>rursus</strong></span> <span class='ocrx_word' id='word_1_469' title='bbox 1445 5292 1748 5377; x_wconf 87' lang='lat' dir='ltr'><strong>separari,</strong></span> <span class='ocrx_word' id='word_1_470' title='bbox 1798 5311 1872 5356; x_wconf 88' lang='lat' dir='ltr'><strong>ac</strong></span> 
     </span>
    </p>
   </div>
   <div class='ocr_carea' id='block_1_23' title="bbox 1982 4308 3711 4390">
    <p class='ocr_par' dir='ltr' id='par_1_25' title="bbox 1982 4308 3711 4390">
     <span class='ocr_line' id='line_1_83' title="bbox 1982 4308 3711 4390; baseline 0.006 -20"><span class='ocrx_word' id='word_1_471' title='bbox 1982 4308 2290 4371; x_wconf 90' lang='lat' dir='ltr'><strong>claratum</strong></span> <span class='ocrx_word' id='word_1_472' title='bbox 2340 4314 2435 4369; x_wconf 88' lang='lat' dir='ltr'><strong>est</strong></span> <span class='ocrx_word' id='word_1_473' title='bbox 2495 4314 2866 4390; x_wconf 90' lang='lat' dir='ltr'><strong>utcumque,</strong></span> <span class='ocrx_word' id='word_1_474' title='bbox 2918 4309 3286 4373; x_wconf 90' lang='lat' dir='ltr'><strong>rationalem</strong></span> <span class='ocrx_word' id='word_1_475' title='bbox 3350 4313 3482 4376; x_wconf 90' lang='lat' dir='ltr'><strong>ani·</strong></span> <span class='ocrx_word' id='word_1_476' title='bbox 3509 4340 3711 4380; x_wconf 63' lang='lat' dir='ltr'><strong>umen.</strong></span> 
     </span>
    </p>
   </div>
   <div class='ocr_carea' id='block_1_24' title="bbox 1982 4406 3482 4880">
    <p class='ocr_par' dir='ltr' id='par_1_26' title="bbox 1982 4406 3482 4880">
     <span class='ocr_line' id='line_1_84' title="bbox 1984 4406 3479 4494; baseline 0.003 -24"><span class='ocrx_word' id='word_1_477' title='bbox 1984 4426 2151 4470; x_wconf 89' lang='lat' dir='ltr'><strong>mam</strong></span> <span class='ocrx_word' id='word_1_478' title='bbox 2195 4423 2322 4469; x_wconf 91' lang='lat' dir='ltr'><strong>non</strong></span> <span class='ocrx_word' id='word_1_479' title='bbox 2364 4406 2802 4488; x_wconf 79' lang='lat' dir='ltr'><strong>praeexsistere</strong></span> <span class='ocrx_word' id='word_1_480' title='bbox 2845 4408 3068 4471; x_wconf 92' lang='lat' dir='ltr'><strong>unioni</strong></span> <span class='ocrx_word' id='word_1_481' title='bbox 3108 4409 3183 4471; x_wconf 91' lang='lat' dir='ltr'><strong>ad</strong></span> <span class='ocrx_word' id='word_1_482' title='bbox 3223 4429 3479 4494; x_wconf 81' lang='lat' dir='ltr'><strong>corpuS,</strong></span> 
     </span>
     <span class='ocr_line' id='line_1_85' title="bbox 1983 4504 3477 4592; baseline 0.003 -24"><span class='ocrx_word' id='word_1_483' title='bbox 1983 4524 2059 4568; x_wconf 92' lang='lat' dir='ltr'><strong>eo</strong></span> <span class='ocrx_word' id='word_1_484' title='bbox 2106 4504 2278 4587; x_wconf 92' lang='lat' dir='ltr'><strong>quod</strong></span> <span class='ocrx_word' id='word_1_485' title='bbox 2337 4504 2420 4566; x_wconf 90' lang='lat' dir='ltr'><strong>sit</strong></span> <span class='ocrx_word' id='word_1_486' title='bbox 2475 4504 2854 4568; x_wconf 88' lang='lat' dir='ltr'><strong>naturaliter</strong></span> <span class='ocrx_word' id='word_1_487' title='bbox 2909 4506 3116 4571; x_wconf 87' lang='lat' dir='ltr'><strong>forma</strong></span> <span class='ocrx_word' id='word_1_488' title='bbox 3175 4511 3477 4592; x_wconf 90' lang='lat' dir='ltr'><strong>corporis.</strong></span> 
     </span>
     <span class='ocr_line' id='line_1_86' title="bbox 1982 4604 3482 4686; baseline 0.003 -19"><span class='ocrx_word' id='word_1_489' title='bbox 1982 4604 2184 4667; x_wconf 88' lang='lat' dir='ltr'><strong>Habet</strong></span> <span class='ocrx_word' id='word_1_490' title='bbox 2211 4612 2424 4666; x_wconf 90' lang='lat' dir='ltr'><strong>autem</strong></span> <span class='ocrx_word' id='word_1_491' title='bbox 2458 4604 2690 4686; x_wconf 90' lang='lat' dir='ltr'><strong>positio</strong></span> <span class='ocrx_word' id='word_1_492' title='bbox 2721 4604 2854 4667; x_wconf 80' lang='lat' dir='ltr'><strong>haec</strong></span> <span class='ocrx_word' id='word_1_493' title='bbox 2885 4604 3280 4686; x_wconf 88' lang='lat' dir='ltr'><strong>objectiones</strong></span> <span class='ocrx_word' id='word_1_494' title='bbox 3320 4608 3482 4671; x_wconf 91' lang='lat' dir='ltr'><strong>mul-</strong></span> 
     </span>
     <span class='ocr_line' id='line_1_87' title="bbox 1983 4701 3482 4786; baseline 0.002 -21"><span class='ocrx_word' id='word_1_495' title='bbox 1983 4710 2094 4775; x_wconf 83' lang='lat' dir='ltr'><strong>tas,</strong></span> <span class='ocrx_word' id='word_1_496' title='bbox 2140 4711 2205 4765; x_wconf 92' lang='lat' dir='ltr'><strong>et</strong></span> <span class='ocrx_word' id='word_1_497' title='bbox 2259 4720 2376 4764; x_wconf 88' lang='lat' dir='ltr'><strong>nec</strong></span> <span class='ocrx_word' id='word_1_498' title='bbox 2421 4701 2574 4764; x_wconf 87' lang='lat' dir='ltr'><strong>fidei</strong></span> <span class='ocrx_word' id='word_1_499' title='bbox 2620 4720 2828 4783; x_wconf 88' lang='lat' dir='ltr'><strong>neque</strong></span> <span class='ocrx_word' id='word_1_500' title='bbox 2873 4702 3292 4786; x_wconf 83' lang='lat' dir='ltr'><strong>philosophiae</strong></span> <span class='ocrx_word' id='word_1_501' title='bbox 3335 4724 3482 4770; x_wconf 92' lang='lat' dir='ltr'><strong>con-</strong></span> 
     </span>
     <span class='ocr_line' id='line_1_88' title="bbox 1982 4800 3478 4880; baseline 0.003 -17"><span class='ocrx_word' id='word_1_502' title='bbox 1982 4819 2137 4863; x_wconf 90' lang='lat' dir='ltr'><strong>sona</strong></span> <span class='ocrx_word' id='word_1_503' title='bbox 2167 4808 2283 4863; x_wconf 89' lang='lat' dir='ltr'><strong>est.</strong></span> <span class='ocrx_word' id='word_1_504' title='bbox 2317 4800 2474 4863; x_wconf 86' lang='lat' dir='ltr'><strong>Nam</strong></span> <span class='ocrx_word' id='word_1_505' title='bbox 2508 4800 2574 4861; x_wconf 93' lang='lat' dir='ltr'><strong>in</strong></span> <span class='ocrx_word' id='word_1_506' title='bbox 2605 4800 2770 4862; x_wconf 90' lang='lat' dir='ltr'><strong>libro</strong></span> <span class='ocrx_word' id='word_1_507' title='bbox 2801 4800 3115 4865; x_wconf 89' lang='lat' dir='ltr'><strong>Geneseos</strong></span> <span class='ocrx_word' id='word_1_508' title='bbox 3152 4804 3478 4880; x_wconf 90' lang='lat' dir='ltr'><strong>docemur,</strong></span> 
     </span>
    </p>
   </div>
   <div class='ocr_carea' id='block_1_25' title="bbox 1983 4898 3760 4980">
    <p class='ocr_par' dir='ltr' id='par_1_27' title="bbox 1983 4898 3760 4980">
     <span class='ocr_line' id='line_1_89' title="bbox 1983 4898 3760 4980; baseline 0.002 -19"><span class='ocrx_word' id='word_1_509' title='bbox 1983 4900 2183 4961; x_wconf 88' lang='lat' dir='ltr'><strong>Deum</strong></span> <span class='ocrx_word' id='word_1_510' title='bbox 2230 4898 2505 4980; x_wconf 90' lang='lat' dir='ltr'><strong>spirasse</strong></span> <span class='ocrx_word' id='word_1_511' title='bbox 2548 4898 2941 4980; x_wconf 87' lang='lat' dir='ltr'><strong>spiraculum</strong></span> <span class='ocrx_word' id='word_1_512' title='bbox 2984 4900 3130 4963; x_wconf 83' lang='lat' dir='ltr'><strong>vitae</strong></span> <span class='ocrx_word' id='word_1_513' title='bbox 3171 4901 3232 4962; x_wconf 93' lang='lat' dir='ltr'><strong>in</strong></span> <span class='ocrx_word' id='word_1_514' title='bbox 3278 4903 3478 4966; x_wconf 89' lang='lat' dir='ltr'><strong>Adam</strong></span> <span class='ocrx_word' id='word_1_515' title='bbox 3511 4916 3760 4969; x_wconf 73' lang='lat' dir='ltr'><strong>Gen.u.·1.</strong></span> 
     </span>
    </p>
   </div>
   <div class='ocr_carea' id='block_1_26' title="bbox 1981 4996 3480 5359">
    <p class='ocr_par' dir='ltr' id='par_1_28' title="bbox 1981 4996 3480 5359">
     <span class='ocr_line' id='line_1_90' title="bbox 1983 4996 3478 5079; baseline 0.003 -20"><span class='ocrx_word' id='word_1_516' title='bbox 1983 5004 2124 5079; x_wconf 92' lang='lat' dir='ltr'><strong>post</strong></span> <span class='ocrx_word' id='word_1_517' title='bbox 2169 4996 2453 5078; x_wconf 86' lang='lat' dir='ltr'><strong>corporis</strong></span> <span class='ocrx_word' id='word_1_518' title='bbox 2499 4996 3004 5078; x_wconf 90' lang='lat' dir='ltr'><strong>productionem.</strong></span> <span class='ocrx_word' id='word_1_519' title='bbox 3038 4998 3360 5075; x_wconf 83' lang='lat' dir='ltr'><strong>Praeterea,</strong></span> <span class='ocrx_word' id='word_1_520' title='bbox 3401 5001 3478 5064; x_wconf 91' lang='lat' dir='ltr'><strong>ad</strong></span> 
     </span>
     <span class='ocr_line' id='line_1_91' title="bbox 1982 5094 3479 5177; baseline 0.003 -20"><span class='ocrx_word' id='word_1_521' title='bbox 1982 5095 2145 5157; x_wconf 88' lang='lat' dir='ltr'><strong>hanc</strong></span> <span class='ocrx_word' id='word_1_522' title='bbox 2198 5094 2582 5177; x_wconf 90' lang='lat' dir='ltr'><strong>positionem</strong></span> <span class='ocrx_word' id='word_1_523' title='bbox 2629 5094 2940 5175; x_wconf 87' lang='lat' dir='ltr'><strong>sequitur,</strong></span> <span class='ocrx_word' id='word_1_524' title='bbox 2991 5111 3214 5159; x_wconf 86' lang='lat' dir='ltr'><strong>omnes</strong></span> <span class='ocrx_word' id='word_1_525' title='bbox 3262 5116 3479 5162; x_wconf 89' lang='lat' dir='ltr'><strong>rerum</strong></span> 
     </span>
     <span class='ocr_line' id='line_1_92' title="bbox 1981 5191 3475 5276; baseline 0.002 -19"><span class='ocrx_word' id='word_1_526' title='bbox 1981 5193 2320 5276; x_wconf 89' lang='lat' dir='ltr'><strong>specificas</strong></span> <span class='ocrx_word' id='word_1_527' title='bbox 2376 5191 2776 5255; x_wconf 90' lang='lat' dir='ltr'><strong>differentias</strong></span> <span class='ocrx_word' id='word_1_528' title='bbox 2831 5192 3255 5257; x_wconf 87' lang='lat' dir='ltr'><strong>accidentales</strong></span> <span class='ocrx_word' id='word_1_529' title='bbox 3312 5214 3475 5273; x_wconf 92' lang='lat' dir='ltr'><strong>esse,</strong></span> 
     </span>
     <span class='ocr_line' id='line_1_93' title="bbox 1981 5288 3480 5359; baseline 0.003 -4"><span class='ocrx_word' id='word_1_530' title='bbox 1981 5292 2208 5355; x_wconf 89' lang='lat' dir='ltr'><strong>saltem</strong></span> <span class='ocrx_word' id='word_1_531' title='bbox 2240 5291 2305 5354; x_wconf 95' lang='lat' dir='ltr'><strong>in</strong></span> <span class='ocrx_word' id='word_1_532' title='bbox 2337 5288 2879 5355; x_wconf 89' lang='lat' dir='ltr'><strong>intellectualibus</strong></span> <span class='ocrx_word' id='word_1_533' title='bbox 2910 5292 3173 5355; x_wconf 88' lang='lat' dir='ltr'><strong>naturis.</strong></span> <span class='ocrx_word' id='word_1_534' title='bbox 3206 5292 3335 5357; x_wconf 84' lang='lat' dir='ltr'><strong>Hoc</strong></span> <span class='ocrx_word' id='word_1_535' title='bbox 3373 5313 3480 5359; x_wconf 86' lang='lat' dir='ltr'><strong>au—</strong></span> 
     </span>
    </p>
   </div>
  </div>
 </body>
</html>
