4300 6259
812 481 934 546 280

1351 501 1431 546 DE
1472 501 1700 548 mmm:
1743 498 2125 546 cnms'nANAE
2167 497 2471 554 THEOMAE,
2522 499 2698 544 LIBER
2740 499 2779 543 1.
2826 516 2906 528 --·
2947 499 3087 545 ΛΒΤ.
3132 498 3370 545 XXXVIII

813 676 1026 732 autem
1085 669 1151 732 in
1211 670 1419 753 primo
1468 677 1614 733 ente
1659 669 1852 732 habet
1897 669 2018 731 hoc
2066 667 2383 742 locum‚·A
2416 668 2670 732 lectuali
2702 669 2953 750 gaudio,
2977 668 3117 732 sine
3146 669 3471 732 voluntate
3502 684 3633 730 non
3662 663 3929 727 contin-

812 786 1016 848 quum
1048 787 1256 850 neque
1287 788 1400 850 per
1429 769 1872 832 necessitatem
1915 773 2153 840 causet,
2186 785 2303 829 nec

813 863 881 925 in
942 884 1154 928 rerum
1211 868 1628 949 productione
1684 866 1927 949 aliquid
1987 866 2108 948 ipsi
2169 884 2307 947 per-

814 962 1110 1028 fectionis
1150 966 1462 1028 adveniat.

1101 1227 1590 1293 ARTICULUS
1636 1229 2016 1292 XXXVIII.

821 1376 1004 1442 Quod
1050 1376 1355 1434 divinum
1402 1394 1514 1434 ens
1561 1375 1647 1434 sic
1697 1378 1956 1442 volens;
1994 1383 2053 1434 ec
2093 1393 2311 1452 quem-

899 1467 1250 1524 admodum
1297 1465 1361 1522 εί
1407 1466 1589 1524 insit·
1617 1467 1915 1524 voluntas
1963 1464 2313 1523 immobilis

898 1555 1392 1628 complacentioe.

962 1750 1144 1812 MNIS
1175 1768 1362 1831 porro
1400 1750 1603 1813 virtus
1635 1757 1699 1813 et
1729 1758 1953 1813 natura
1992 1751 2313 1833 propriam

2415 767 2523 847 git.
2560 767 2900 831 Enimvero
2933 767 3098 830 Deus
3126 767 3418 831 omnium
3450 785 3643 830 causa
3675 772 3774 827 est
3800 781 3931 846 per

2414 866 2845 948 exemplarem
2890 866 3175 947 ipsorum
3220 866 3555 938 rationem,
3598 881 3728 925 non
3776 859 3931 942 qui·

2416 965 2561 1027 dem
2591 964 2671 1026 ab
2700 965 2915 1046 aliquo
2955 964 3259 1038 elicitam,
3293 965 3404 1027 sed
3443 982 3522 1026 ex
3561 981 3631 1026 se
3668 969 3733 1023 ct
3771 981 3808 1023 a
3850 977 3930 1020 se

2418 1072 2812 1145 conceptam,
2848 1070 2919 1125 ut
2960 1065 3183 1126 dicunt
3224 1063 3417 1136 Plato,
3449 1060 3809 1124 Avicebron
3856 1065 3933 1120 et

2417 1161 2689 1223 Boetius.
2738 1162 2813 1224 Et
2853 1162 2973 1224 hoc
3017 1168 3161 1224 ante
3204 1168 3533 1224 ostensum
3574 1165 3693 1221 est.
3739 1154 3931 1230 Quod

2417 1268 2631 1322 autem
2680 1260 2773 1322 sic
2812 1267 3049 1334 causat,
3090 1260 3447 1323 voluntarie
3484 1265 3705 1322 causat
3750 1273 3765 1317 τ
3806 1255 3932 1317 de-

2419 1359 2722 1421 terminat
2748 1360 2921 1422 enim
2952 1367 3245 1421 naturam
3276 1359 3375 1420 sui
3414 1357 3588 1431 facti,
3620 1364 3687 1418 et
3714 1353 3933 1417 libere

2422 1457 2602 1537 eligit
2649 1458 2711 1518 in
2753 1475 2880 1538 quo
2921 1456 3330 1539 perfectionis
3368 1456 3565 1537 gradu
3607 1453 3934 1516 effectum

2426 1556 2787 1617 constituet.
2843 1555 3000 1628 Quia
3042 1555 3283 1618 etenim
3321 1552 3634 1637 perfectio
3670 1551 3785 1614 Dei
3822 1556 3943 1612 est

2426 1671 2685 1736 prorsus
2717 1653 2993 1727 infinita,
3025 1660 3089 1715 et
3129 1671 3319 1715 omne
3363 1658 3691 1714 causat-um
3722 1649 3947 1711 deter-

2432 1753 2741 1815 minatum
2786 1758 2899 1815 ,θεῖ
2946 1751 3021 1813 ad
3075 1750 3489 1833 perfectionis
3546 1748 3943 1819 terminum,

993 1849 1449 1931 perfectionem
1481 1849 1825 1931 appetit,et
1854 1851 2007 1911 dum
2039 1850 2315 1911 nondum
2354 1853 2400 1914 B
2433 1849 2589 1930 fingi
2640 1867 2768 1910 non
2825 1856 3030 1930 potest
3078 1867 3193 1910 cur
3239 1848 3433 1928 hujus
3490 1846 3949 1908 determinatae

820 1965 961 2008 eam
992 1946 1204 2020 habet,
1238 1947 1441 2028 ipsam
1473 1948 1743 2029 adipisci
1783 1948 2026 2028 satagit.
2064 1949 2139 2008 Et
2178 1948 2315 2030 qui-

821 2045 968 2106 dem
1026 2063 1168 2124 quae
1227 2045 1354 2106 vita
1411 2054 1646 2118 carent,
1700 2046 1971 2107 naturali
2028 2046 2318 2127 appetitu

822 2142 944 2204 hoc
993 2142 1258 2214 faciunt,
1310 2152 1610 2224 tanquam
1664 2151 1889 2205 natura
1936 2145 2012 2204 ad
2064 2145 2183 2205 hoc
2230 2145 2319 2205 in-

773 2291 776 2294 .
823 2240 1128 2300 stinctum
1161 2240 1780 2322 imprimente.Opus
1812 2242 2110 2323 equidem
2143 2251 2319 2303 natu-

824 2357 907 2399 rae
938 2346 1035 2398 est
1063 2355 1222 2418 opus
1254 2338 1712 2418 intelligentiae,
1747 2341 2098 2401 secundum
2130 2342 2318 2402 Aver-

822 2452 997 2497 roem
1026 2451 1039 2496 :
1065 2436 1368 2516 quoniam
1400 2442 1469 2497 ut
1500 2436 1668 2498 idem
1691 2437 1799 2510 ait,
1827 2444 2048 2498 natura
2079 2438 2319 2517 regitur

818 2533 900 2594 ab
937 2540 1161 2613 agente
1203 2532 1530 2595 infallibili
1570 2541 1634 2596 et
1672 2552 1796 2597 non
1842 2542 2114 2608 errante,
2148 2537 2317 2616 quod

819 2639 914 2693 est
947 2630 1386 2711 intelligentia.
1423 2631 1484 2694 Si
1517 2649 1667 2712 ergo
1700 2640 1924 2694 natura
1966 2633 2048 2695 ob
2087 2633 2318 2695 intelli-

818 2729 1048 2809 gentiae
1081 2728 1592 2811 impressionem,
1632 2730 1956 2811 propriam
1990 2731 2323 2811 perfectio-

823 2845 969 2889 nem
1013 2826 1350 2900 desiderat,
1396 2827 1674 2908 amplius
1715 2829 1776 2889 id
1830 2828 2042 2910 ipsum
2093 2829 2324 2891 intelli-

823 2925 1051 3005 gentiae
1102 2932 1465 3005 competere
1522 2943 1783 2988 necesse
1841 2944 2100 3006 prorsus
2158 2934 2255 2988 est
2306 2945 2320 2988 ε

2429 1947 2841 2030 perfectionis
2890 1947 2974 2008 sit
3019 1946 3314 2020 effectus,
3360 1946 3485 2008 nisi
3535 1952 3795 2027 propter
3832 1961 3951 2004 or·

2428 2046 2820 2108 dinationem
2892 2044 3339 2107 universaliter
3413 2043 3659 2124 agentis
3734 2041 3947 2103 intel·

2432 2145 2650 2206 lectus.

2509 2243 2796 2323 Insuper,
2850 2240 3212 2302 intellectus
3260 2258 3389 2302 non
3448 2239 3580 2302 exit
3634 2239 3701 2299 in
3758 2255 3949 2319 opus

2429 2339 2552 2401 nisi
2602 2357 2716 2420 per
2774 2337 3186 2400 voluntatem.
3238 2336 3409 2399 Nihil
3470 2337 3641 2398 enim
3705 2343 3951 2398 causat

2430 2437 2551 2498 nisi
2612 2443 2871 2518 propter
2928 2435 3131 2497 finem
3188 2434 3489 2516 aliquem.
3543 2434 3714 2496 Finis
3772 2451 3949 2494 vero

2430 2543 2491 2598 et
2535 2535 2773 2597 bonum
2817 2534 3208 2607 coincidunt,
3241 2533 3594 2595 secundum
3625 2532 3945 2594 Aristote-

2431 2635 2576 2695 lem.
2626 2633 2743 2694 Sed
2795 2631 2946 2693 finis
2991 2649 3103 2693 seu
3153 2631 3416 2703 bonum,
3456 2638 3550 2694 est
3595 2630 3945 2711 objectum

2433 2730 2797 2804 voluntatiS,
2832 2730 3000 2792 sicut
3027 2748 3251 2791 verum
3289 2729 3668 2792 intellectus.
3700 2729 3949 2792 Neces-

2434 2847 2500 2891 se
2544 2837 2640 2890 est
2681 2846 2830 2908 ergo
2876 2826 3305 2889 intellectuale
3335 2845 3551 2907 agana,
3581 2835 3945 2908 antequam

2436 2928 2497 2988 in
2559 2945 2721 3009 opus
2768 2926 3149 3006 egrediatur,
3200 2927 3439 2988 moveri
3488 2945 3525 2986 a
3572 2925 3777 2988 forma
3826 2927 3945 2987 sui

826 3022 1067 3103 quippe
1116 3029 1188 3083 ut
1245 3023 1310 3084 in
1371 3023 1536 3084 libro
1595 3023 1939 3093 Causarum
1999 3024 2322 3098 scribitur,
2362 3023 2405 3086 C
2435 3026 2669 3107 operiS,
2704 3043 2846 3104 quae
2889 3025 2952 3085 in
2995 3023 3133 3106 ipso
3174 3031 3270 3086 est
3308 3024 3428 3086 sub
3468 3025 3709 3087 ratione
3748 3023 3941 3086 boni.

827 3136 1016 3182 omne
1060 3137 1222 3201 opus
1266 3119 1701 3200 intelligentiae
1751 3129 1846 3182 est
1892 3138 2053 3201 opus
2103 3122 2327 3202 primae

829 3236 1052 3280 causae.
1067 3217 1348 3280 Primum
1381 3218 1574 3298 igitur
1605 3218 2163 3282 vehementissime
2195 3238 2329 3300 pro-

829 3314 1035 3396 priam
1086 3315 1542 3397 perfectionem
1594 3323 1764 3378 amat
1815 3334 1828 3377 :
1883 3323 1979 3378 θεῖ
2025 3335 2174 3397 ergo
2224 3336 2326 3381 vo-

829 3413 986 3476 lens,
1042 3413 1235 3475 Amor
1282 3412 1454 3475 enim
1514 3421 1577 3475 et
1633 3414 1955 3495 appetitus
2014 3433 2141 3476 non
2203 3417 2325 3478 nisi

829 3511 1140 3573 voluntati
1173 3511 1580 3573 conveniunt.
1601 3512 2150 3583 Praeterea,omnis
2182 3533 2325 3575 cau-

828 3628 897 3670 sa
950 3608 1323 3670 naturaliter
1371 3609 1580 3690 diligit
1636 3627 1798 3691 opus
1856 3629 2086 3688 suum3
2136 3628 2325 3674 omne

828 3723 1084 3788 quoque
1114 3706 1438 3788 paternale
1477 3715 1541 3768 et
1581 3706 1929 3768 fecundum
1971 3717 2141 3768 amat
2185 3727 2325 3789 pro-

828 3804 1041 3885 prium
1100 3822 1383 3885 germen.
1448 3803 1714 3885 Signum
1773 3822 1924 3867 vero
1981 3804 2176 3885 hujus
2233 3815 2329 3868 est

830 3903 1162 3964 conversio
1193 3902 1430 3964 causati
1471 3902 1549 3964 ad
1590 3921 1867 3974 causam,
1901 3911 1964 3964 et
1996 3905 2329 3984 providen-

829 4001 918 4062 tia
947 4020 1060 4063 seu
1091 4000 1421 4063 conversio
1453 4018 1657 4063 causae
1697 4001 1775 4061 ad
1815 4010 2166 4063 causatum.
2200 4003 2328 4065 Pri-

835 4117 1008 4160 mum
1070 4105 1308 4170 autem,
1357 4098 1648 4161 omnium
1709 4104 1806 4160 θεῖ
1862 4096 2099 4161 fontale
2161 4101 2329 4180 prin-

2437 3123 2539 3187 Sic
2571 3131 2782 3184 autem
2825 3123 3068 3184 moveri
3098 3141 3133 3183 a
3166 3122 3369 3184 forma
3413 3121 3798 3194 intellectuS‚
3833 3131 3947 3185 est

2439 3221 2768 3305 proprium
2818 3220 3152 3294 voluntati,
3205 3240 3345 3302 quae
3395 3227 3685 3283 movetur
3728 3241 3767 3282 a
3812 3239 3947 3284 suo

2436 3319 2686 3399 objecto
2728 3317 2848 3379 sub
2893 3318 3134 3380 ratione
3181 3317 3569 3398 appetibilis.
3618 3319 3941 3400 Denique,

2436 3417 2676 3479 bonum
2707 3416 3126 3490 intellectum,
3158 3424 3254 3478 est
3292 3415 3615 3496 objectum
3644 3417 3947 3480 volunta-

2436 3515 2517 3577 tis
2545 3521 2831 3596 :oportet
2862 3531 3010 3594 ergo
3043 3521 3112 3575 ut
3140 3514 3383 3576 bonum
3415 3514 3837 3588 intellectum,
3862 3515 3941 3576 in

2438 3621 2742 3694 quantum
2775 3611 3168 3691 hujusmodi,
3187 3613 3270 3674 sit
3298 3611 3588 3674 volitum.
3609 3612 3943 3694 Quidquid

2438 3711 2609 3772 enim
2649 3709 3153 3790 apprehenditur
3182 3709 3301 3771 sub
3334 3711 3576 3772 ratione
3616 3710 3789 3784 boni,
3822 3729 3943 3792 ap-

2436 3807 2854 3890 prehenditur
2887 3813 2953 3869 ut
2980 3807 3661 3889 appetibile,quoniam
3696 3808 3945 3870 bonum

2437 3913 2535 3967 est
2575 3906 2744 3987 quod
2784 3905 2999 3968 omnia
3042 3911 3369 3986 appetunt.
3404 3905 3672 3967 Divinus
3714 3914 3937 3969 autem

2439 4003 2799 4066 intellectus
2844 4003 3168 4083 cognoscit
3206 4021 3273 4064 se
3312 4010 3374 4064 et
3412 4020 3603 4066 omne
3638 4020 3752 4066 ens
3793 4024 3943 4086 per-

2439 4102 2622 4165 fecte.
2678 4101 2839 4181 Ergo
2882 4101 3235 4163 secundum
3283 4101 3734 4183 proprietatem
3780 4102 3941 4165 boni

833 4197 1095 4278 cipium.
1144 4194 1368 4257 Omnia
1431 4195 1624 4275 igitur
1680 4203 1850 4258 amat
1893 4213 1906 4257 :
1951 4197 2172 4259 volens
2232 4206 2329 4260 θεῖ
2359 4203 2408 4265 D
2437 4198 2722 4279 agnoscit
2750 4217 2817 4260 se
2849 4199 3059 4279 ipsum
3082 4215 3095 4258 τ
3116 4216 3183 4260 εθ
3213 4216 3362 4279 ergo
3393 4199 3485 4260 sic
3515 4199 3941 4282 comprehen-

831 4312 1000 4375 ergo.

911 4391 1594 4474 AmpliuS,secundum
1624 4391 2026 4454 Aristotelem
2061 4393 2124 4455 in
2159 4394 2329 4457 Ethi-

830 4491 944 4564 ciS,
997 4491 1191 4553 homo
1241 4488 1775 4571 contemplativus
1826 4496 1922 4552 est
1967 4493 2323 4554 amantissi-

828 4608 970 4652 mus
1003 4587 1148 4650 Deo.
1182 4587 1399 4669 Ipsum
1432 4587 1625 4667 igitur
1651 4594 1820 4650 amat
1851 4587 2016 4651 Deus
2055 4607 2069 4650 :
2109 4589 2323 4671 itaque

819 4687 1042 4750 volens
1071 4692 1170 4748 est
1196 4685 1382 4746 Deus.
1417 4684 1660 4758 Adhuc,
1694 4686 1860 4748 Deus
1891 4685 2321 4750 substantiali-

817 4793 916 4849 ter
949 4785 1102 4847 felix
1133 4791 1229 4846 est
1258 4791 1322 4845 et
1350 4783 1614 4846 omnino
1644 4783 2081 4859 felicissimuS,
2116 4793 2187 4847 ut
2226 4787 2318 4848 in-

817 4883 914 4945 fra
951 4883 1319 4944 deducetur.
1355 4880 1555 4944 Omne
1597 4889 1809 4943 autem
1855 4883 2024 4962 quod
2073 4882 2319 4945 intelle-

816 4980 1112 5044 ctualiter
1153 4979 1306 5041 felix
1349 4986 1466 5053 est,
1504 4979 1864 5058 jucundum
1911 4979 2176 5042 omnino
2221 4990 2317 5044 cst

814 5086 880 5142 et
921 5077 1177 5160 penitus
1220 5076 1597 5158 gaudiosum
1643 5093 1656 5138 :
1697 5085 1794 5140 est
1837 5077 2010 5141 enim
2055 5085 2313 5142 conten-

814 5186 953 5239 tum
987 5176 1052 5237 in
1083 5174 1268 5237 bonis
1309 5192 1450 5254 quae
1496 5173 1707 5248 habet,
1741 5194 1859 5238 nec
1897 5175 2070 5238 aliud
2112 5185 2305 5258 optat.

815 5275 982 5338 Deus
1013 5289 1160 5354 ergo
1191 5271 1472 5351 gaudens
1502 5278 1616 5333 est.
1649 5271 1770 5336 Sed
1806 5274 2081 5355 gaudere
2123 5275 2308 5338 intel-

2437 4315 2580 4358 sum
2623 4296 2762 4358 vult
2802 4302 2865 4357 et
2904 4302 3091 4357 amat.

2516 4395 2776 4464 RursuS‚
2811 4393 3239 4456 voluntarium
3271 4401 3368 4456 est
3394 4401 3459 4456 et
3483 4395 3755 4458 volendo
3780 4415 3937 4478 ope-

2436 4511 2602 4565 ranS,
2652 4491 2837 4572 cujus
2886 4491 3278 4572 principium
3328 4499 3424 4554 est
3470 4492 3535 4554 in
3583 4494 3936 4577 semetipso

2434 4590 2859 4652 constituente
2889 4589 3138 4670 singula
3166 4589 3233 4651 in
3272 4590 3506 4672 quibus
3546 4600 3643 4654 est
3682 4602 3866 4656 actus
3910 4613 3925 4656 τ

2432 4689 2553 4751 hoc
2601 4707 2835 4770 nempe
2897 4689 3103 4769 primo
3162 4689 3437 4752 maxime
3486 4693 3805 4765 convenit,
3858 4703 3929 4754 ut

4004 1185 4225 1223 amm

3962 1257 4115 1288 mlu-

2429 4795 2755 4850 ostensum
2801 4793 2916 4858 θεῖ,
2950 4805 3150 4868 quum
3195 4805 3310 4867 per
3352 4787 3662 4851 rationem
3700 4797 3767 4852 et
3807 4793 3929 4854 sci·
3962 4829 4007 4868 μ
4030 4817 4115 4857 ετε
4136 4817 4182 4860 c.

2429 4885 2667 4948 entiam
2698 4903 2734 4946 a
2763 4903 2831 4946 se
2872 4891 2935 4946 θῖ
2980 4884 3045 4945 in
3084 4902 3151 4946 se
3190 4884 3623 4958 exsistentem,
3655 4887 3741 4949 sit
3782 4889 3927 4950 uni-

2427 5001 2758 5046 versorum
2787 4981 3047 5044 fontana
3077 5000 3285 5044 causa.
3318 4983 3599 5046 Primum
3630 5003 3783 5066 ergo
3822 5005 3929 5050 vo·

2429 5080 2563 5144 lens
2606 5087 2723 5153 θεῖ,
2767 5087 2831 5142 θῖ
2874 5079 3219 5142 liberrimae
3260 5079 3628 5157 voluntatiS,
3679 5083 3927 5148 faciens

2422 5177 2639 5241 omnia
2696 5184 2955 5258 propter
3012 5177 3431 5259 semetipsum
3489 5179 3571 5241 ob
3630 5200 3927 5263 superre-

2419 5277 2812 5340 dundantem
2868 5294 3000 5339 suae
3059 5274 3359 5338 bonitatis
3419 5275 3917 5358 plenitudinem.
