4300 6259
29 4260 42 4281 ¹*
58 4258 258 4303 secunda

804 528 1228 576 unanimum
1267 526 1726 576 Pultosorch.
1773 545 1853 557 --
1895 527 1974 574 DE
2013 528 2442 578 umarmrstca
2484 530 2789 579 annuum

694 702 1216 769 PROPOSITIO
1259 702 1444 768 XIV.

351 885 882 969 ,Substantia
969 887 1229 968 pr1mo
1320 900 1412 952 ac
1501 886 1819 965 proprie

325 986 670 1067 sumpta,
727 984 1026 1051 dicitur
1095 997 1224 1050 res
1290 997 1432 1065 per
1496 997 1580 1049 se
1640 982 1821 1049 sub-

321 1083 638 1153 sistens,

400 1180 577 1254 Quod
625 1187 742 1253 est,
789 1180 1096 1263 quoniam
1143 1178 1497 1242 substantia
1546 1185 1609 1241 et
1653 1177 1818 1241 acci·

319 1279 476 1342 dens
506 1278 803 1341 dividunt
830 1280 1197 1342 immediate
1227 1286 1291 1341 et
1321 1277 1576 1361 proprie
1608 1277 1818 1359 ipsum

318 1396 456 1451 enS,
499 1377 828 1459 analogica
871 1395 998 1441 non
1039 1378 1312 1441 univoca
1361 1376 1693 1439 divisione.
1741 1375 1818 1437 Et

319 1476 486 1538 sicut
513 1476 808 1539 accidens
837 1484 936 1539 est
965 1476 1134 1559 quod
1162 1475 1344 1539 alteri
1378 1474 1562 1549 inest,
1599 1474 1813 1537 inniti-

321 1584 422 1637 tur
452 1593 524 1638 ac
555 1576 820 1639 inhaeret
851 1575 1198 1639 inhaesione
1230 1573 1662 1649 informativa,
1685 1592 1812 1637 non

319 1674 708 1757 participans
753 1674 832 1737 dc
879 1674 1153 1755 subjecti
1205 1673 1304 1737 sui
1353 1672 1678 1752 essentia;
1719 1673 1810 1735 sic

317 1772 675 1835 substantia
722 1772 958 1835 dicitur
1001 1790 1102 1834 res
1161 1791 1274 1855 per
1317 1790 1384 1835 se
1429 1771 1808 1847 subsistens,

3348 517 3427 581 33

1846 697 1898 760 Α
1930 699 2180 775 teriam,
2241 701 2536 777 formam,
2604 711 2795 787 atque
2863 704 3289 786 compositum
3347 723 3427 768 ex

1931 803 2219 880 utroque.
2265 800 2503 863 Rursus
2553 802 2859 864 dividitur
2898 802 2963 865 in
3004 801 3423 865 substantiam

1929 903 2306 977 separatam,
2340 906 2491 980 puta
2523 900 3008 982 incorporalem,
3043 900 3427 964 immateria-

1929 990 2161 1065 lem,et
2192 994 2255 1055 in
2292 993 2711 1057 substantiam
2744 997 3156 1078 corporalem.
3178 998 3246 1059 In
3278 997 3425 1059 sub-

1927 1091 2223 1153 stantiam
2282 1110 2538 1175 quoque
2586 1095 2851 1157 omnino
2900 1094 3421 1171 intellectualem,

1928 1196 1998 1249 ut
2026 1198 2178 1251 sunt
2208 1190 2685 1272 intelligentiae3
2719 1194 2783 1255 in
2817 1192 3238 1256 substantiam
3284 1213 3425 1277 par·

1925 1286 2040 1349 tim
2111 1287 2607 1353 intellectualem
2670 1291 3033 1374 partimque
3100 1291 3425 1356 irrationa-

1925 1384 2067 1456 lem,
2102 1386 2410 1475 videlicet·
2433 1389 2805 1453 rationalem
2847 1390 3229 1469 humanam;
3263 1399 3327 1453 et
3358 1392 3420 1454 in

1923 1483 2345 1547 substantiam
2387 1485 2841 1562 irrationalem,
2876 1507 3017 1570 quae
3057 1488 3223 1551 ultra
3262 1488 3425 1551 mul·

1922 1581 2229 1664 tipliciter
2259 1592 2467 1665 potest
2494 1585 2835 1649 subdividi.

2001 1681 2325 1745 Postremo
2354 1682 2651 1747 Albertus
2692 1692 2959 1747 testatur
2996 1694 3241 1767 septem
3282 1705 3422 1750 esse

1922 1779 2308 1843 substantias
2369 1781 2719 1863 simpliceS,
2770 1802 2912 1865 quae
2970 1791 3120 1845 sunt
3170 1802 3183 1847 ε
3232 1803 3423 1849 causa

316 1871 501 1933 alteri
547 1871 908 1934 adventicia
959 1888 1086 1933 non
1137 1869 1472 1934 inhaerens.
1517 1870 1674 1932 Hinc
1713 1889 1808 1931 es·
1839 1874 1884 1937 B
1925 1879 2155 1961 prima,
2192 1879 2633 1961 intelligentia,
2678 1882 2913 1953 anima,
2964 1882 3246 1956 materia,
3295 1882 3421 1945 for-

317 1969 616 2033 sentiales
671 1976 882 2051 partes
939 1969 1333 2043 substantiae,
1387 1987 1513 2031 non
1555 1970 1810 2051 proprie

316 2067 427 2130 sed
475 2068 804 2130 reductive
862 2068 1269 2151 appellantur
1323 2067 1694 2131 substantiae
1751 2074 1814 2129 et

319 2167 384 2229 in
435 2166 930 2249 praedicamento
977 2167 1352 2230 substantiae
1395 2166 1810 2239 collocantur,

319 2273 390 2327 ut
445 2265 711 2328 materia
765 2274 829 2328 et
889 2265 1095 2329 forma
1151 2264 1589 2328 substantialis
1645 2264 1814 2345 ejus-

317 2363 464 2427 dcm
501 2381 515 2427 ε
549 2366 718 2447 quod
762 2373 826 2428 et
863 2365 942 2426 dc
985 2362 1402 2445 integralibus
1442 2362 1816 2425 substantiae

319 2462 606 2545 partibus
649 2462 1039 2526 verificatur.

397 2562 586 2625 Porro
605 2561 1026 2624 substantiam
1045 2560 1464 2645 Philosophus
1495 2560 1726 2624 dividit
1755 2559 1816 2621 in

317 2659 740 2723 substantiam
777 2660 1242 2743 primam,puta
1273 2659 1818 2732 individuum,cu-

313 2758 418 2839 jus
449 2766 546 2821 est
575 2759 784 2841 primo
815 2758 1342 2841 potissimumque
1371 2756 1660 2820 substare
1689 2764 1814 2819 tam

319 2857 594 2939 propriae
632 2857 871 2939 speciei
911 2874 983 2919 ac
1021 2858 1262 2938 generi,
1295 2875 1484 2939 quam
1525 2856 1817 2920 acciden-

319 2953 555 3017 talibus
584 2954 850 3034 formis3
883 2954 948 3016 in
981 2954 1400 3017 substantiam
1433 2972 1688 3036 quoque
1718 2972 1812 3015 se-

1924 1997 2048 2051 ma,
2081 1977 2315 2041 coelum
2348 1986 2408 2041 et
2440 1978 2852 2041 elementum.
2888 1980 3121 2043 Verum
3156 1981 3255 2043 his
3286 2001 3423 2064 sep-

1923 2082 2052 2137 tem
2104 2075 2485 2158 simplicitas
2528 2078 2710 2141 valde
2754 2077 3157 2141 dissimiliter
3198 2096 3423 2143 conve-

1921 2174 2037 2247 nit,
2083 2175 2213 2237 imo
2244 2174 2632 2257 quibusdam
2672 2194 2894 2238 eorum
2928 2194 3053 2239 non
3095 2176 3421 2259 analogice

1923 2280 2195 2347 tantum,
2230 2273 2339 2337 sed
2386 2282 2449 2337 et
2496 2291 2755 2357 prorsus
2798 2276 3141 2357 aequivoce.
3170 2276 3421 2338 Etenim

1925 2372 2130 2452 prima
2171 2390 2362 2433 causa
2406 2372 2680 2453 simplex
2727 2373 3033 2435 asseritur
3074 2392 3189 2455 per
3224 2374 3421 2437 totius

1925 2470 2411 2551 potentialitatis
2455 2476 2519 2533 et
2561 2470 3067 2551 imperfectionis
3114 2472 3423 2536 exclusio-

1925 2586 2069 2629 nem
2098 2585 2114 2646 ;
2147 2568 2413 2630 materia
2444 2585 2617 2643 vere,
2652 2586 2765 2650 per
2804 2570 2997 2632 totius
3039 2568 3422 2633 actualitatis

1923 2673 2113 2749 atque
2182 2665 2595 2749 perfectionis
2666 2669 3011 2729 carentiam
3049 2685 3066 2746 ;
3136 2667 3420 2731 coelestia

1923 2782 2179 2847 quoque
2227 2782 2492 2848 corpora
2540 2773 2604 2829 et
2651 2766 2989 2839 elementa,
3031 2785 3108 2830 ex
3160 2768 3421 2830 materia

1923 2870 1986 2927 et
2016 2864 2223 2926 forma
2252 2864 2607 2946 composita
2636 2864 3170 2938 demonstrantur,
3204 2885 3422 2947 quam-

1923 2961 2020 3023 vis
2081 2964 2554 3044 comparatione
2614 2964 2958 3025 mixtorum
3012 2964 3421 3044 quodammo-

319 3053 620 3125 cundam,
655 3060 724 3115 ut
752 3059 902 3115 sunt
931 3052 1180 3135 species
1217 3060 1280 3115 et
1317 3070 1550 3133 genera
1588 3052 1810 3133 praedi-
1848 3056 1892 3119 C
1922 3059 2004 3122 do
2033 3059 2356 3142 simplicia
2398 3066 2635 3143 queant
2662 3060 2809 3123 dici.
2847 3060 3124 3143 Corpora
3155 3063 3417 3124 demum

315 3152 590 3213 camenti
643 3151 1036 3225 substantiae,
1097 3170 1240 3233 quae
1295 3150 1692 3224 secundario,
1747 3149 1810 3211 id

313 3257 414 3311 est
443 3250 508 3312 in
537 3250 886 3312 individuis
917 3257 980 3312 et
1010 3266 1126 3331 per
1165 3248 1498 3311 individua
1535 3267 1670 3323 sua,
1713 3266 1812 3311 ac-

313 3347 679 3411 cidentibus
735 3365 846 3411 seu
907 3348 1100 3411 ctiam
1168 3346 1608 3429 superioribus
1675 3346 1810 3409 suis

313 3445 626 3509 substant.
661 3446 822 3509 Hinc
853 3464 1088 3509 nomen
1120 3445 1514 3519 substantiae,
1544 3452 1734 3529 prout
1773 3464 1811 3507 a

311 3544 664 3607 substando
690 3552 973 3618 vocatur,
1006 3543 1234 3626 primis
1272 3543 1644 3607 substantiis
1685 3543 1813 3625 pri-

315 3661 422 3707 mo
467 3650 659 3726 atque
708 3642 1043 3726 potissime
1093 3642 1420 3724 congruit3
1461 3643 1573 3705 sed
1623 3649 1813 3725 prout

312 3762 349 3804 a
380 3742 863 3805 substantiando
907 3740 1295 3814 nominatur,
1327 3740 1627 3803 secundis
1671 3740 1813 3803 sub·

311 3841 564 3903 stantiis
604 3840 818 3921 potius
858 3838 1166 3921 competit
1199 3856 1212 3900 :
1246 3838 1492 3921 species
1535 3858 1810 3920 namque

311 3946 376 4002 et
419 3956 668 4019 genera,
709 3955 848 4000 esse
887 3936 1268 4019 specificam
1317 3955 1392 3999 ac
1439 3936 1806 4018 gencricum

313 4037 674 4119 largiuntur
736 4035 1092 4099 formaliter
1151 4035 1502 4098 individuis
1561 4035 1683 4097 sub
1741 4054 1810 4099 se

313 4137 648 4201 contentis.

1923 3158 2207 3221 coelestia
2247 3159 2549 3221 dixerunt
2591 3159 2955 3241 philosophi
2998 3160 3295 3223 animata.

2311 3366 2834 3434 PROPOSITIO
2880 3368 3030 3432 XV.

1999 3550 2157 3617 Ena
2198 3552 2281 3617 et
2322 3565 2491 3617 esse
2534 3552 3098 3633 multipliciter
3130 3554 3420 3635 accipi-

1917 3651 2168 3716 untur
2217 3662 2307 3715 ac
2356 3649 2853 3716 dividuntur.

1999 3746 2140 3809 Haec
2171 3746 2413 3829 quippe
2443 3748 2965 3811 communissima
2994 3756 3057 3811 et
3085 3749 3420 3814 absolutis·

1917 3844 2083 3907 sima
2111 3851 2281 3917 sunt,
2316 3862 2435 3907 nec
2476 3865 2589 3927 per
2628 3847 2841 3929 priora
2881 3854 2945 3910 et
2978 3848 3419 3912 communiora

1917 3941 2132 4004 valent
2164 3940 2505 4003 notificari.
2552 3943 2683 4005 lmo
2714 3962 2827 4005 ens
2859 3952 2958 4005 est
2986 3944 3267 4026 primum
3296 3947 3419 4026 (se-

1918 4040 2201 4102 cundum
2232 4040 2652 4122 Avicennam)
2680 4041 2847 4123 quod
2876 4042 3046 4104 cadit
3073 4042 3139 4104 in
3171 4043 3417 4107 intelle·

1919 4145 2112 4201 ctum.
2149 4138 2303 4201 Esse
2340 4156 2617 4222 quoque,
2654 4147 2724 4201 ut
2762 4140 2827 4202 in
2867 4139 3031 4203 libro
3074 4140 3152 4203 de
3197 4140 3415 4207 Causis

391 4236 660 4317 Insuper
687 4232 1042 4297 substantia
1070 4232 1369 4296 rationis*
1389 4232 1666 4295 sumitur
1694 4251 1810 4316 pro
1837 4236 1889 4303 D
1919 4253 2295 4319 expressum
2344 4244 2459 4311 est,
2512 4237 2721 4320 prima
2767 4243 2865 4300 est
2910 4256 3125 4301 rerum
3185 4249 3417 4303 creata·

313 4335 454 4416 ipsa
496 4334 586 4397 rei
631 4333 927 4406 essentia,
968 4340 1077 4395 aut
1118 4332 1312 4395 etiam
1351 4349 1469 4416 pro
1504 4350 1810 4413 quacum-

312 4452 438 4518 que
469 4433 732 4497 cntitate
767 4450 781 4494 :
817 4439 886 4493 ut
915 4449 1114 4514 quum
1155 4449 1384 4495 nomen
1425 4430 1811 4495 describitur

311 4551 454 4596 esse
511 4551 658 4615 pars
714 4530 1017 4595 orationis
1077 4529 1495 4592 substantiam
1555 4530 1806 4613 signifi-

313 4652 485 4696 cans.
519 4630 888 4695 Substantia
916 4647 1171 4712 quoque
1199 4635 1461 4692 vocatur
1493 4630 1810 4711 possessio

133 4764 208 4801 xv,
269 4784 280 4794 .
313 4750 428 4795 seu
459 4730 728 4794 facultas
763 4746 778 4791 z
813 4737 882 4791 ut
910 4747 1113 4812 quum
1147 4729 1210 4789 in
1243 4727 1586 4809 Evangelio
1629 4736 1812 4811 pater

37 5146 117 5190 1²2.
137 5158 284 5199 unu,

313 4830 544 4911 legitur
575 4828 730 4890 filiis
760 4827 892 4890 suis
921 4826 1174 4889 dedisse
1203 4826 1636 4889 substantiam.
1658 4827 1809 4889 Rur-

313 4946 422 4989 sus
462 4925 816 4989 substantia
853 4926 1130 4987 sumitur
1176 4942 1294 5007 pro
1342 4924 1554 4986 stabili
1603 4924 1809 4987 consi-

311 5026 566 5099 stentia,
617 5043 728 5088 seu
787 5024 1078 5105 vigorosa
1124 5025 1582 5107 permanentia,
1629 5025 1812 5105 Juxta

313 5124 471 5187 illud
502 5122 733 5187 Psalmi
768 5140 782 5184 ε
814 5122 1059 5185 Infixus
1089 5142 1233 5185 sum
1265 5123 1330 5185 in
1363 5122 1518 5185 limo
1548 5123 1809 5205 profun-

311 5226 400 5298 di,
433 5232 498 5286 et
541 5241 668 5286 non
711 5230 810 5285 cst
849 5221 1222 5285 substantia.

391 5323 696 5386 Praeterea
737 5320 938 5383 dividi
977 5320 1138 5383 solet
1175 5319 1530 5384 substantia
1569 5322 1634 5384 in
1677 5341 1806 5386 ma-

556 5456 620 5507 T.
658 5456 737 5506 33.

1920 4353 2100 4415 rum;
2143 4341 2210 4397 et
2256 4352 2385 4398 non
2432 4343 2529 4398 est
2583 4336 2770 4399 latius
2830 4354 3039 4419 neque
3088 4337 3268 4420 prius
3314 4357 3413 4415 eo,

1919 4433 2222 4516 quoniam
2266 4452 2407 4497 esse
2451 4443 2547 4498 cst
2589 4442 2735 4498 ante
2784 4435 3023 4509 vivere,
3070 4437 3305 4501 sentire
3352 4445 3415 4501 et

1919 4532 2296 4614 intelligere.
2332 4533 2785 4597 Verumtamen
2826 4542 3095 4617 possunt
3132 4535 3267 4599 haec
3304 4536 3417 4599 ali·

1919 4649 2048 4714 quo
2091 4631 2281 4693 modo
2326 4631 2603 4694 describi
2646 4638 2711 4696 et
2756 4632 3097 4707 notificari,
3142 4634 3414 4699 dicendo

1918 4730 2088 4812 quod
2118 4749 2233 4790 ens
2270 4737 2368 4792 est
2410 4730 2581 4811 quod
2626 4730 2818 4794 habet
2858 4732 3075 4813 aliquo
3104 4734 3291 4795 modo
3320 4734 3414 4796 di-

1919 4828 2216 4891 stantiam
2278 4847 2353 4891 ac
2410 4845 2737 4891 recessum
2794 4848 2831 4891 a
2886 4830 3111 4904 nihilo,
3172 4830 3415 4896 habens

1920 4927 2073 5009 quid
2140 4926 2491 5010 positivum
2561 4926 2901 4990 nihileitati
2970 4930 3359 4993 contrarium
3394 4948 3410 5007 ;

1917 5046 2047 5087 esse
2094 5042 2269 5099 vero,
2320 5033 2415 5087 est
2454 5024 2705 5107 primus
2750 5033 2927 5088 actus
2972 5025 3176 5109 ipsius
3220 5031 3409 5105 entia,

1916 5133 2095 5189 actus
2146 5124 2367 5205 utique
2426 5123 2887 5197 substantivuS,
2937 5124 3296 5192 immanens
3349 5138 3413 5194 et

1918 5224 2173 5307 quietus
2210 5240 2225 5285 ε
2261 5223 2429 5285 unde
2467 5229 2532 5287 et
2560 5240 2721 5298 esse,
2756 5221 3024 5287 verbum
3061 5226 3411 5293 substanti·

1916 5341 2069 5386 vum
2110 5329 2392 5386 vocatur.

3128 5460 3157 5511 3
