4300 6259
868 462 989 529 422
1470 486 1549 532 DE
1590 486 1815 533 nummu
1855 484 2236 532 cumsrtANAE:
2278 483 2578 539 rumam,
2624 483 2800 530 LIBER
2841 485 2903 530 11.
2950 504 3029 513 —
3069 485 3209 532 ΛΒΤ.
3254 485 3382 531 XXX

582 668 618 714 11
638 668 743 714 eor.
757 683 846 721 xm,
872 652 1138 716 Patriae
1171 656 1351 731 Filio,
1375 657 1595 719 dicens
1626 657 1703 719 ad
1736 655 2133 720 Corinthios:
2159 654 2370 719 Gratia
2399 652 2452 716 A
2481 655 2714 716 stantia
2760 656 2958 717 Patris
3011 641 3266 737 genitus
3311 661 3428 717 est.
3483 654 3548 716 Si
3595 662 3792 717 autem
3835 656 3932 719 hoc
4213 531 4216 719 Ι

582 736 649 776 ¹³·
874 751 1126 816 Domini
1172 755 1370 817 nostri
1398 756 1544 817 Jesu
1578 754 1831 827 Christi,
1863 762 1929 817 et
1966 754 2193 816 caritas
2235 754 2368 825 Dei,
2481 752 2750 827 dicatur,
2797 754 3087 835 sequitur
3131 753 3303 835 quod
3344 761 3476 816 tota
3519 751 3712 815 Patris
3751 762 3938 816 natura
4213 762 4215 765 ⁴

873 857 939 913 et
968 853 1463 917 communicatio
1502 852 1713 916 Sancti
1754 853 2051 936 SpirituS,
2085 853 2169 915 sit
2208 872 2370 915 sem·
2481 851 2565 911 sit
2605 851 2926 913 transfusa
2966 852 3029 913 in
3069 852 3300 914 Filium
3338 868 3352 913 :
3387 850 3624 913 desinit
3657 870 3796 932 ergo
3825 870 3939 913 esse

875 968 989 1032 per
1033 970 1180 1013 cum
1211 952 1511 1015 omnibus
1555 952 1759 1015 vobis.
2485 950 2549 1011 in
2593 949 2790 1011 Patre.
2826 950 2888 1013 Si
2936 968 3086 1013 vero
3131 950 3276 1033 quis
3320 950 3512 1021 dicat,
3547 950 3712 1032 quod
3755 958 3944 1011 natura

608 1056 846 1107 Rom-vm·
954 1049 1199 1112 Dicitur
1255 1051 1466 1114 denuo
1515 1051 1789 1133 Spiritus
1840 1051 2107 1113 Sanctus
2169 1068 2370 1123 orare,
2483 1048 2698 1111 divina
2730 1066 2844 1130 per
2884 1048 3364 1111 exuberantiam
3411 1048 3747 1130 quamdam
3789 1048 3946 1110 elilu-

582 1120 650 1161 ²⁰‘
873 1147 1026 1228 quia
1082 1166 1196 1211 nos
1255 1148 1409 1211 facit
1473 1157 1726 1212 orantes
1781 1167 1794 1211 :
1848 1150 2017 1212 sicut
2076 1148 2373 1231 superius
2482 1154 2546 1207 at
2595 1165 2632 1208 a
2678 1146 2856 1208 Patre
2912 1146 2975 1209 in
3027 1146 3283 1221 Filium,
3346 1146 3514 1209 sicut
3567 1145 3776 1209 effluit
3813 1165 3948 1228 aqua

597 1262 674 1305 nh.
692 1262 743 1312 ιι,
764 1266 845 1307 ut.
872 1253 1199 1309 ostensum
1249 1255 1347 1310 est
1389 1248 1651 1311 modum
1699 1266 1839 1310 esse
1889 1247 2232 1329 Scriptura}
2280 1266 2374 1309 sa·
2481 1244 2679 1307 sontis
2729 1245 2791 1306 in
2837 1245 3070 1319 rivum,
3121 1254 3186 1308 et
3233 1245 3376 1308 fons
3425 1262 3552 1307 non
3603 1254 3945 1324 evacuatur3

578 1339 679 1369 ¹¹¹¹·
876 1362 1019 1417 crae,
1066 1353 1136 1406 ut
1178 1345 1241 1407 id
1290 1347 1417 1409 Deo
1462 1345 1849 1408 attribuatur
1897 1346 2065 1427 quod
2106 1345 2260 1408 facit
2308 1345 2372 1407 in
2484 1342 2738 1403 videtur
2784 1341 2903 1405 hoc
2953 1359 3079 1405 non
3128 1360 3316 1425 posse
3365 1342 3492 1404 dici
3555 1359 3568 1403 :
3625 1342 3770 1423 quia
3812 1342 3948 1404 sicut

873 1441 1152 1505 homine.
1205 1444 1382 1517 Quod
1440 1461 1592 1506 vero
1652 1443 1929 1525 Spiritus
1980 1444 2090 1506 Dei
2140 1443 2375 1506 dicitur
2484 1440 2701 1502 divina
2730 1448 2956 1502 natura
2985 1440 3186 1503 dividi
3217 1459 3344 1503 non
3389 1448 3618 1521 potest,
3653 1439 3736 1502 ita
3771 1458 3946 1521 neque

871 1540 1025 1603 ferri
1063 1548 1174 1603 aut
1213 1541 1598 1615 contristari,
1641 1542 1734 1603 sic
1777 1542 2019 1605 dictum
2065 1549 2163 1604 est
2211 1542 2376 1604 sicut
2483 1538 2698 1619 augeri
2734 1528 3044 1621 competit
3083 1540 3164 1601 ei.
3199 1540 3466 1602 Videtur
3503 1556 3653 1619 ergo
3687 1539 3844 1621 qnod
3871 1539 3946 1601 Fi·

870 1639 1036 1701 Deus
1080 1639 1315 1702 dicitur
1363 1641 1674 1722 poenitere
1717 1648 1783 1703 et
1826 1640 2037 1713 irasci,
2082 1659 2208 1704 non
2263 1659 2375 1721 per
2485 1636 2608 1698 lius
2639 1637 2749 1699 Dei
2791 1656 2918 1700 non
2959 1638 3040 1699 sit
3078 1637 3368 1718 ejusdem
3409 1644 3652 1699 naturae
3689 1656 3826 1699 cum
3863 1637 3948 1699 Pa-

872 1736 1237 1819 passionum
1270 1737 1565 1812 affectuS,
1590 1738 1699 1801 sed
1734 1758 1847 1820 per
1878 1738 2372 1802 similitudinem
2483 1743 2578 1797 tre
2629 1755 2835 1817 neque
2894 1755 3080 1799 verus
3124 1737 3313 1808 DeuS,
3359 1736 3532 1817 quod
3589 1742 3686 1798 est
3733 1734 3948 1798 Arianae

869 1834 1182 1897 effectus:
1218 1836 1366 1899 licet
1404 1854 1532 1899 non
1574 1836 1653 1898 de
1694 1836 1934 1919 Spiritu
1976 1837 2226 1911 Sancte,
2261 1838 2369 1899 sed
2403 1836 2449 1897 B
2487 1834 2872 1915 impietatis;
2925 1842 3035 1896 aut
3091 1834 3260 1915 quod
3312 1852 3438 1897 non
3499 1834 3582 1896 sit
3629 1833 3950 1915 supposita·

868 1933 946 1993 de
967 1934 1401 2015 aere,quidam
1433 1934 1753 2015 accipiant
1782 1934 1901 1997 hoc
1932 1935 2099 2016 quod
2131 1936 2370 1997 dictum
2483 1931 2628 1994 liter
2676 1932 3014 1994 distinctus
3074 1951 3111 1993 a
3169 1933 3367 2005 Patre,
3419 1932 3588 1995 sicut
3633 1932 3813 1994 finxit
3861 1932 3950 1993 Sa-

606 2048 710 2092 Gen.
742 2064 769 2101 ι,
800 2052 837 2092 2.
868 2031 1275 2113 est,Spiritus
1301 2032 1549 2095 Domini
1581 2032 1906 2094 ferebatur
1932 2051 2125 2115 super
2149 2052 2364 2115 aquaS.
2483 2029 2758 2092 belliana
2790 2030 3138 2111 loquacitas
3161 2048 3176 2109 ;
3198 2038 3306 2092 aut
3339 2031 3508 2113 quod
3541 2030 3836 2103 Christus,
3857 2030 3952 2111 qui

867 2128 1111 2190 Dicitur
1142 2128 1404 2211 insuper
1434 2130 1710 2212 Spiritus
1742 2131 2009 2192 Sanctus
2040 2130 2226 2192 nobis
2264 2132 2368 2193 da·
2483 2128 2591 2190 Dei
2627 2127 2819 2189 Filius
2852 2128 3110 2203 dicitur,
3139 2128 3223 2191 sit
3253 2148 3452 2211 purus
3484 2129 3695 2203 homo,
3713 2136 3772 2191 et
3800 2128 3954 2190 filius
4219 2184 4221 2193 ,

869 2226 918 2287 ri
952 2245 988 2287 a
1017 2226 1194 2289 Patre
1222 2246 1295 2289 ac
1327 2228 1507 2301 Filio,
1542 2228 1693 2309 quia
1724 2229 1844 2291 hoe
1878 2229 2087 2311 ipsum
2133 2237 2204 2290 ut
2235 2230 2370 2312 Spi-
2481 2226 2591 2288 Dei
2653 2244 2776 2290 non
2829 2245 2942 2308 per
3002 2235 3242 2289 naturae
3297 2227 3652 2298 veritatem,
3710 2226 3810 2289 sed
3863 2226 3954 2287 ad-

867 2324 1027 2386 ritus
1085 2325 1353 2388 Sanctus
1412 2335 1657 2388 mentes
1716 2336 1963 2389 nostras
2026 2327 2364 2399 inhabitet,
2480 2323 2760 2405 optionis
2803 2324 3094 2405 gratiam,
3140 2325 3306 2387 sicut
3355 2324 3659 2388 Photinus
3699 2342 3955 2387 asserere

865 2422 1095 2504 recipit
1160 2422 1241 2485 ab
1310 2433 1581 2506 utroque
1646 2442 1659 2486 :
1721 2444 1759 2487 a
1825 2424 2063 2507 quibus
2130 2426 2368 2507 accipit
2479 2441 2672 2484 ausus
2716 2430 2829 2483 est.

864 2519 1176 2602 quidquid
1208 2529 1323 2595 est,
1359 2530 1567 2603 potest
1595 2542 1668 2583 ae
1710 2523 1916 2585 habet.
1954 2524 2081 2585 Nec
2124 2523 2209 2586 ob
2248 2524 2366 2586 hoc
2557 2521 2881 2594 Praeterea,
2916 2521 3096 2583 Pater
3124 2529 3220 2584 est
3252 2522 3389 2604 ipsa
3419 2522 3636 2584 divina
3663 2521 3954 2595 essentia;

862 2619 1111 2681 ostendi
1155 2627 1362 2701 potest
1402 2620 1612 2682 minor
1650 2638 1788 2683 esse
1831 2621 2008 2683 Patre
2055 2622 2363 2702 Filioque,
2478 2617 2674 2681 Filius
2707 2636 2984 2701 quoque,
3020 2619 3072 2681 si
3105 2620 3272 2682 Deus
3303 2628 3420 2695 est,
3455 2627 3553 2682 est
3591 2620 3724 2701 ipsa
3757 2620 3956 2681 divina

864 2718 973 2779 sed
1007 2717 1176 2798 qnod
1209 2718 1521 2798 originem
1556 2718 1635 2780 ab
1666 2719 1757 2781 eis
1790 2719 2097 2791 habeat,a
2127 2720 2366 2801 quibus
2475 2717 2751 2779 essentia
2804 2734 2818 2778 :
2872 2735 3000 2779 non
3058 2718 3281 2799 utique
3338 2717 3483 2791 alia,
3547 2718 3654 2781 sed
3711 2735 3956 2779 numero

863 2814 1058 2877 totius
1091 2814 1442 2878 divinitatis
1474 2817 1944 2897 plenitudinem
1988 2818 2279 2899 suscipit.
2477 2815 2721 2877 eadem.
2773 2816 2997 2877 Divina
3037 2823 3252 2879 autem
3295 2817 3572 2879 essentia
3613 2824 3708 2879 est
3749 2823 3954 2877 natura

2478 2913 2928 2976 intellectualis
2973 2933 3088 2997 per
3131 2934 3198 2977 se
3241 2914 3622 2988 subsistenS‚
3655 2934 3844 2998 quum
3883 2913 3954 2975 sit
4223 2972 4225 2993 ,

2401 3012 2444 3076 C
2479 3030 2676 3092 purus
2724 3019 2788 3074 et
2837 3012 2901 3073 in
2949 3032 3017 3075 se
3067 3020 3238 3075 stans
3286 3020 3490 3086 aetuS,
3537 3022 3607 3075 ut
3655 3014 3716 3075 in
3765 3014 3954 3094 primo
3976 3038 4167 3075 utum.
4223 3006 4225 3011 ’

1238 3086 1727 3151 ARTICULUS
1774 3087 1996 3152 XXX·
2479 3109 2923 3192 multipliciter
2971 3110 3309 3193 probatum
3359 3118 3458 3173 est
3499 3130 3512 3173 ε
3557 3121 3776 3175 natura
3819 3129 3954 3174 vero

862 3225 1176 3285 Rationes
1204 3244 1348 3303 quse
1377 3234 1607 3284 contra
1645 3234 1959 3285 oeternam
1998 3230 2367 3302 yeneratio-
2477 3209 2926 3271 intellectualis
2959 3209 3022 3271 in
3053 3229 3121 3272 se
3151 3210 3530 3283 subsistens,
3563 3219 3662 3273 est
3691 3228 3952 3293 persona.

944 3332 1089 3371 nem
1140 3322 1201 3372 ec
1250 3314 1722 3388 processionem
1772 3316 2068 3375 divinam
2132 3317 2368 3375 induci
2475 3306 2655 3368 Patet·
2711 3326 2861 3388 ergo
2920 3317 2983 3370 et
3029 3308 3250 3379 Filius,
3301 3316 3411 3370 aut
3471 3310 3858 3372 conveniunt
3901 3309 3954 3369 in

937 3411 1235 3477 possunt,
1275 3403 1581 3461 continet.
2480 3423 2769 3487 persona,
2816 3406 2984 3467 sicut
3028 3406 3189 3468 dixit
3231 3406 3588 3487 Sabellius3
3633 3415 3742 3471 aut
3781 3408 3958 3470 Filius

2477 3512 2572 3565 est
2602 3512 2910 3579 creatura,
2946 3512 3016 3565 ut
3053 3504 3330 3586 ponebat
3365 3505 3574 3569 Arius.
3625 3506 3700 3568 Et
3737 3506 3824 3568 sic
3861 3506 3960 3568 tol·

1011 3599 1321 3672 UIDQUID
1366 3608 1728 3680 generatur,
1770 3600 1902 3662 exit
1942 3602 2041 3681 (ut
2088 3602 2368 3683 videtur)
2479 3601 2716 3664 leretur
2753 3622 2902 3665 vera
2941 3603 3266 3683 generatio
3311 3602 3376 3665 in
3409 3604 3539 3667 Deo
3575 3622 3588 3667 :
3625 3605 3791 3686 quod
3822 3623 3958 3686 prze-

872 3594 1003 3795 Ο
1038 3698 1117 3759 de
1169 3698 1454 3779 potentia
1502 3699 1565 3760 in
1616 3706 1827 3761 actum
1881 3716 1895 3761 ε
1945 3717 2089 3761 nam
2143 3719 2367 3762 secun·
2479 3700 2754 3763 inductis
2797 3719 2925 3763 non
2968 3709 3292 3763 consonat.

866 3796 1020 3857 dum
1054 3814 1121 3857 se
1164 3796 1377 3876 ipsum
1419 3814 1545 3858 non
1588 3795 1777 3859 habet
1816 3816 1954 3859 esse
2000 3805 2063 3859 et
2104 3798 2367 3860 actuali·
2557 3799 2800 3872 Adhuc,
2836 3800 3004 3881 quod
3050 3807 3147 3861 est
3190 3799 3584 3883 principium
3629 3802 3959 3863 individua·

866 3901 1083 3965 tatem,
1135 3912 1344 3976 neque
1402 3913 1481 3957 ex
1541 3914 1607 3956 se
1660 3895 1821 3977 ipse,
1874 3896 1983 3958 sed
2044 3896 2275 3979 recipit
2333 3915 2369 3957 a
2480 3896 2692 3969 tionis,
2729 3898 2890 3961 inest
2935 3898 2993 3960 ei
3035 3898 3363 3961 dumtaxat
3400 3900 3570 3980 quod
3613 3918 3731 3982 per
3774 3900 3960 3981 ipsum

864 3998 1207 4072 generante
1266 4000 1557 4054 naturam
1617 3999 1678 4053 et
1736 3991 2236 4056 subsistentiam.
2299 3995 2365 4057 ln
2481 3996 2936 4058 individuatur.
2972 3996 3126 4059 Nam
3160 3997 3330 4078 quod
3364 3997 3664 4079 pluribus
3703 4016 3963 4061 commu-

869 4089 995 4151 Deo
1024 4097 1259 4162 autem,
1301 4090 1408 4170 qui
1442 4098 1537 4152 cst
1570 4109 1767 4170 purus
1797 4098 1975 4152 actus
2012 4092 2366 4153 secundum
2482 4112 2560 4155 ne
2601 4102 2696 4155 est
2736 4112 2846 4155 seu
2883 4094 3066 4167 inest,
3111 4095 3640 4159 individuationis
3682 4096 3965 4179 principi·

574 4206 767 4255 utam,
796 4218 838 4248 x.
865 4188 1439 4250 demonstrationes
1500 4188 1689 4269 primi
1751 4187 1925 4261 libri,
1978 4208 2105 4251 non
2159 4198 2366 4272 potest
2397 4194 2446 4256 D
2482 4211 2588 4253 um
2629 4211 2768 4255 esse
2807 4193 3052 4274 nequit.
3090 4194 3254 4257 Deus
3291 4203 3507 4257 autem
3546 4196 3963 4259 individuatur

866 4304 1005 4347 esse
1050 4286 1492 4366 hujuscemodi
1543 4286 1773 4349 exitus.
1826 4287 1928 4349 Sic
1978 4288 2151 4349 enim
2202 4296 2368 4351 esset
2478 4310 2592 4372 per
2637 4290 2839 4372 ipsam
2885 4310 3066 4353 suam
3115 4292 3457 4355 essentiam
3507 4310 3520 4355 :
3570 4294 3960 4375 quemadmo-

865 4383 931 4445 in
981 4383 1109 4446 Deo
1160 4383 1561 4446 considerare
1610 4403 1737 4448 non
1782 4404 1921 4447 esse
1966 4393 2112 4449 ante
2161 4405 2300 4449 esse
2347 4404 2360 4448 :
2476 4390 2628 4450 dum
2677 4389 2740 4451 in
2787 4390 2998 4470 primo
3045 4390 3337 4453 habitum
3381 4398 3478 4454 est
3519 4399 3584 4454 et
3624 4401 4112 4463 ostensum-am

862 4481 1031 4564 quod
1077 4498 1203 4543 non
1249 4482 1579 4563 contingit.
2476 4486 2644 4567 quod
2690 4487 2854 4549 Deus
2897 4506 3011 4570 per
3055 4489 3258 4571 ipsam
3298 4508 3481 4552 suam
3524 4509 3748 4571 puram
3795 4490 3958 4552 boni·

940 4580 1265 4652 Praeterea‚
1327 4598 1528 4661 quum
1587 4580 1804 4643 divina
1862 4589 2086 4643 natura
2150 4582 2362 4644 multi·
2473 4591 2664 4646 tatem
2705 4584 2784 4647 ab
2824 4586 3125 4648 omnibus
3165 4587 3472 4649 dividitur
3512 4597 3576 4650 et
3616 4588 3680 4649 in
3727 4606 3794 4651 se
3831 4588 3958 4669 ipso

860 4677 1083 4759 plicari
1126 4694 1253 4739 non
1285 4677 1509 4759 possit,
1545 4677 1596 4739 si
1630 4679 1795 4740 Deus
1832 4686 2093 4758 generat
2125 4680 2358 4742 Filium
2475 4681 2927 4745 individuatur.
2978 4684 3203 4746 Divina
3248 4703 3481 4767 nempe
3523 4687 3800 4749 essentia
3845 4704 3958 4747 non

858 4774 1358 4847 connaturalem,
1394 4793 1654 4837 necesse
1686 4782 1782 4837 est
1812 4776 2101 4838 eamdem
2137 4796 2359 4841 nume·
2471 4787 2568 4841 est
2610 4778 2814 4843 forma
2864 4783 2927 4844 in
2980 4783 3266 4857 materia,
3316 4790 3387 4845 ut
3436 4785 3519 4846 sit
3562 4785 3627 4847 in
3673 4786 3800 4847 Deo
3848 4803 3961 4845 ma-

856 4892 927 4937 ro
960 4880 1252 4935 naturam
1298 4873 1359 4935 in
1391 4873 1568 4935 Patre
1609 4881 1671 4934 et
1702 4873 1859 4936 Filio
1892 4874 2095 4937 fateri.
2134 4876 2360 4939 Divina
2471 4877 2630 4940 teria
2678 4878 3202 4941 individuationis
3251 4880 3446 4962 origo.
3499 4882 3570 4944 In
3621 4883 3752 4946 Deo
3798 4883 3958 4945 Patre

855 4974 1067 5036 denuo
1126 4981 1371 5045 natura,
1422 4991 1622 5054 quum
1684 4973 1766 5033 sit
1827 4973 2238 5055 impartibilis
2298 4984 2362 5037 et
2471 4976 2664 5056 igitur
2720 4976 2938 5039 divina
2983 4978 3260 5041 essentia
3307 4987 3403 5042 est
3449 4979 3960 5043 individuationis

856 5071 1155 5154 simplex,
1190 5077 1320 5131 tota
1347 5078 1443 5132 est
1484 5070 1877 5152 ubicumque
1918 5070 2133 5134 fuerit.
2170 5072 2361 5153 Opor-
2467 5073 2644 5136 ratio.
2672 5074 2792 5137 Sed
2825 5075 2995 5156 quod
3026 5074 3551 5140 individuationis
3581 5078 3956 5161 principium

856 5177 947 5233 tet
977 5187 1126 5249 ergo
1156 5169 1323 5250 quod
1354 5168 1549 5230 Filius
1571 5169 1680 5230 Dei
1713 5170 2001 5232 eamdem
2033 5176 2356 5252 totamque
2467 5180 2584 5245 est,
2604 5171 2667 5234 in
2699 5172 2824 5235 alio
2855 5173 3189 5255 supposito
3220 5194 3360 5237 esse
3391 5195 3517 5239 non
3545 5185 3757 5259 potest
3785 5196 3959 5260 quam

856 5267 1055 5330 Patris
1096 5274 1385 5328 naturam
1430 5266 1764 5348 receperit,
1798 5267 1849 5329 si
1896 5287 2043 5331 vere
2086 5288 2165 5331 ex
2209 5268 2354 5332 sub·
2470 5270 2535 5332 in
2578 5288 2654 5334 eo
2691 5271 2860 5353 quod
2901 5289 3016 5353 per
3057 5272 3270 5355 ipsum
3312 5272 3774 5350 individuatur,
3805 5275 3960 5340 sicut
