<?xml version="1.0" encoding="UTF-8"?>
<!DOCTYPE html PUBLIC "-//W3C//DTD XHTML 1.0 Transitional//EN"
    "http://www.w3.org/TR/xhtml1/DTD/xhtml1-transitional.dtd">
<html xmlns="http://www.w3.org/1999/xhtml" xml:lang="en" lang="en">
 <head>
  <title>
</title>
<meta http-equiv="Content-Type" content="text/html;charset=utf-8" />
  <meta name='ocr-system' content='tesseract 3.04.00' />
  <meta name='ocr-capabilities' content='ocr_page ocr_carea ocr_par ocr_line ocrx_word'/>
</head>
<body>
  <div class='ocr_page' id='page_1' title='image "./doctorisecstati05unkngoog_0370.png"; bbox 0 0 4300 6259; ppageno 0'>
   <div class='ocr_carea' id='block_1_1' title="bbox 751 2845 830 2888">
    <p class='ocr_par' dir='ltr' id='par_1_1' title="bbox 751 2845 830 2888">
     <span class='ocr_line' id='line_1_1' title="bbox 751 2845 830 2888; baseline 0 -12"><span class='ocrx_word' id='word_1_1' title='bbox 751 2845 830 2888; x_wconf 55' lang='lat' dir='ltr'><strong>ivn</strong></span> 
     </span>
    </p>
   </div>
   <div class='ocr_carea' id='block_1_2' title="bbox 853 463 974 532">
    <p class='ocr_par' dir='ltr' id='par_1_2' title="bbox 853 463 974 532">
     <span class='ocr_line' id='line_1_2' title="bbox 853 463 974 532; baseline -0.05 -1"><span class='ocrx_word' id='word_1_2' title='bbox 853 463 974 532; x_wconf 77' lang='lat'><strong>350</strong></span> 
     </span>
    </p>
   </div>
   <div class='ocr_carea' id='block_1_3' title="bbox 1455 472 3373 533">
    <p class='ocr_par' dir='ltr' id='par_1_3' title="bbox 1455 472 3373 533">
     <span class='ocr_line' id='line_1_3' title="bbox 1455 472 3373 533; baseline 0 -8"><span class='ocrx_word' id='word_1_3' title='bbox 1455 479 1535 526; x_wconf 75' lang='lat' dir='ltr'><strong>DE</strong></span> <span class='ocrx_word' id='word_1_4' title='bbox 1574 477 1802 524; x_wconf 68' lang='lat' dir='ltr'><strong>nummu</strong></span> <span class='ocrx_word' id='word_1_5' title='bbox 1843 474 2225 524; x_wconf 68' lang='lat' dir='ltr'><strong>cnmsrlANAE</strong></span> <span class='ocrx_word' id='word_1_6' title='bbox 2264 472 2565 533; x_wconf 61' lang='lat' dir='ltr'><strong>mmmm,</strong></span> <span class='ocrx_word' id='word_1_7' title='bbox 2612 475 2787 524; x_wconf 71' lang='lat' dir='ltr'><strong>unna</strong></span> <span class='ocrx_word' id='word_1_8' title='bbox 2830 476 2870 522; x_wconf 87' lang='lat'><strong>1.</strong></span> <span class='ocrx_word' id='word_1_9' title='bbox 2916 495 2996 506; x_wconf 92' lang='grc'><strong>--</strong></span> <span class='ocrx_word' id='word_1_10' title='bbox 3038 478 3180 525; x_wconf 72' lang='grc' dir='ltr'><strong>ΛΒΤ.</strong></span> <span class='ocrx_word' id='word_1_11' title='bbox 3222 475 3373 525; x_wconf 83' lang='lat' dir='ltr'><strong>xcm</strong></span> 
     </span>
    </p>
   </div>
   <div class='ocr_carea' id='block_1_4' title="bbox 856 644 3935 732">
    <p class='ocr_par' dir='ltr' id='par_1_4' title="bbox 856 644 3935 732">
     <span class='ocr_line' id='line_1_4' title="bbox 856 644 3935 732; baseline -0.001 -21"><span class='ocrx_word' id='word_1_12' title='bbox 856 668 1066 732; x_wconf 87' lang='lat' dir='ltr'><strong>neque</strong></span> <span class='ocrx_word' id='word_1_13' title='bbox 1096 649 1354 732; x_wconf 84' lang='lat' dir='ltr'><strong>proprie</strong></span> <span class='ocrx_word' id='word_1_14' title='bbox 1385 669 1586 712; x_wconf 90' lang='lat' dir='ltr'><strong>unum</strong></span> <span class='ocrx_word' id='word_1_15' title='bbox 1618 648 1995 722; x_wconf 81' lang='lat' dir='ltr'><strong>subsistens,</strong></span> <span class='ocrx_word' id='word_1_16' title='bbox 2028 647 2181 728; x_wconf 88' lang='lat' dir='ltr'><strong>quia</strong></span> <span class='ocrx_word' id='word_1_17' title='bbox 2210 664 2355 729; x_wconf 89' lang='lat' dir='ltr'><strong>pars</strong></span> <span class='ocrx_word' id='word_1_18' title='bbox 2384 645 2435 708; x_wconf 80' lang='lat' dir='ltr'>A</span> <span class='ocrx_word' id='word_1_19' title='bbox 2468 663 2607 710; x_wconf 89' lang='lat' dir='ltr'><strong>esse</strong></span> <span class='ocrx_word' id='word_1_20' title='bbox 2675 655 2739 709; x_wconf 90' lang='lat' dir='ltr'><strong>et</strong></span> <span class='ocrx_word' id='word_1_21' title='bbox 2796 647 3307 722; x_wconf 78' lang='lat' dir='ltr'><strong>immaterialem,</strong></span> <span class='ocrx_word' id='word_1_22' title='bbox 3368 646 3680 730; x_wconf 84' lang='lat' dir='ltr'><strong>compulit</strong></span> <span class='ocrx_word' id='word_1_23' title='bbox 3744 644 3935 708; x_wconf 87' lang='lat' dir='ltr'><strong>dicere</strong></span> 
     </span>
    </p>
   </div>
   <div class='ocr_carea' id='block_1_5' title="bbox 845 746 2356 1811">
    <p class='ocr_par' dir='ltr' id='par_1_5' title="bbox 845 746 2356 1811">
     <span class='ocr_line' id='line_1_5' title="bbox 851 746 2356 830; baseline -0.003 -20"><span class='ocrx_word' id='word_1_24' title='bbox 851 756 916 811; x_wconf 89' lang='lat' dir='ltr'><strong>et</strong></span> <span class='ocrx_word' id='word_1_25' title='bbox 969 755 1176 812; x_wconf 89' lang='lat' dir='ltr'><strong>totum</strong></span> <span class='ocrx_word' id='word_1_26' title='bbox 1237 767 1355 812; x_wconf 91' lang='lat' dir='ltr'><strong>nec</strong></span> <span class='ocrx_word' id='word_1_27' title='bbox 1412 757 1562 810; x_wconf 89' lang='lat' dir='ltr'><strong>sunt</strong></span> <span class='ocrx_word' id='word_1_28' title='bbox 1621 747 1876 830; x_wconf 90' lang='lat' dir='ltr'><strong>penitus</strong></span> <span class='ocrx_word' id='word_1_29' title='bbox 1925 746 2096 808; x_wconf 91' lang='lat' dir='ltr'><strong>idem</strong></span> <span class='ocrx_word' id='word_1_30' title='bbox 2145 763 2356 825; x_wconf 89' lang='lat' dir='ltr'><strong>neque</strong></span> 
     </span>
     <span class='ocr_line' id='line_1_6' title="bbox 851 843 2353 926; baseline -0.004 -17"><span class='ocrx_word' id='word_1_31' title='bbox 851 847 1112 911; x_wconf 90' lang='lat' dir='ltr'><strong>omnino</strong></span> <span class='ocrx_word' id='word_1_32' title='bbox 1142 847 1428 926; x_wconf 84' lang='lat' dir='ltr'><strong>diversa3</strong></span> <span class='ocrx_word' id='word_1_33' title='bbox 1461 846 1671 909; x_wconf 89' lang='lat' dir='ltr'><strong>denuo</strong></span> <span class='ocrx_word' id='word_1_34' title='bbox 1700 844 1978 925; x_wconf 88' lang='lat' dir='ltr'><strong>adjiciat,</strong></span> <span class='ocrx_word' id='word_1_35' title='bbox 2013 843 2182 925; x_wconf 89' lang='lat' dir='ltr'><strong>quod</strong></span> <span class='ocrx_word' id='word_1_36' title='bbox 2214 859 2353 904; x_wconf 90' lang='lat' dir='ltr'><strong>esse</strong></span> 
     </span>
     <span class='ocr_line' id='line_1_7' title="bbox 850 942 2352 1024; baseline -0.003 -17"><span class='ocrx_word' id='word_1_37' title='bbox 850 945 932 1007; x_wconf 90' lang='lat' dir='ltr'><strong>sit</strong></span> <span class='ocrx_word' id='word_1_38' title='bbox 975 946 1043 1006; x_wconf 91' lang='lat' dir='ltr'><strong>in</strong></span> <span class='ocrx_word' id='word_1_39' title='bbox 1093 945 1306 1008; x_wconf 86' lang='lat' dir='ltr'><strong>anima</strong></span> <span class='ocrx_word' id='word_1_40' title='bbox 1348 945 1516 1007; x_wconf 89' lang='lat' dir='ltr'><strong>sicut</strong></span> <span class='ocrx_word' id='word_1_41' title='bbox 1563 943 1630 1005; x_wconf 93' lang='lat' dir='ltr'><strong>in</strong></span> <span class='ocrx_word' id='word_1_42' title='bbox 1674 961 1748 1005; x_wconf 89' lang='lat' dir='ltr'><strong>co</strong></span> <span class='ocrx_word' id='word_1_43' title='bbox 1797 942 1964 1024; x_wconf 88' lang='lat' dir='ltr'><strong>quod</strong></span> <span class='ocrx_word' id='word_1_44' title='bbox 2013 959 2140 1004; x_wconf 91' lang='lat' dir='ltr'><strong>non</strong></span> <span class='ocrx_word' id='word_1_45' title='bbox 2194 959 2352 1022; x_wconf 91' lang='lat' dir='ltr'><strong>pure</strong></span> 
     </span>
     <span class='ocr_line' id='line_1_8' title="bbox 849 1041 2351 1126; baseline -0.003 -21"><span class='ocrx_word' id='word_1_46' title='bbox 849 1061 1058 1125; x_wconf 90' lang='lat' dir='ltr'><strong>neque</strong></span> <span class='ocrx_word' id='word_1_47' title='bbox 1088 1043 1370 1126; x_wconf 82' lang='lat' dir='ltr'><strong>perfecte</strong></span> <span class='ocrx_word' id='word_1_48' title='bbox 1401 1042 1714 1114; x_wconf 85' lang='lat' dir='ltr'><strong>subsistit,</strong></span> <span class='ocrx_word' id='word_1_49' title='bbox 1750 1041 1814 1103; x_wconf 91' lang='lat' dir='ltr'><strong>in</strong></span> <span class='ocrx_word' id='word_1_50' title='bbox 1847 1041 2108 1103; x_wconf 90' lang='lat' dir='ltr'><strong>homine</strong></span> <span class='ocrx_word' id='word_1_51' title='bbox 2136 1046 2351 1102; x_wconf 90' lang='lat' dir='ltr'><strong>autem</strong></span> 
     </span>
     <span class='ocr_line' id='line_1_9' title="bbox 848 1139 2347 1223; baseline -0.004 -19"><span class='ocrx_word' id='word_1_52' title='bbox 848 1142 1014 1204; x_wconf 89' lang='lat' dir='ltr'><strong>sicut</strong></span> <span class='ocrx_word' id='word_1_53' title='bbox 1063 1142 1130 1203; x_wconf 90' lang='lat' dir='ltr'><strong>in</strong></span> <span class='ocrx_word' id='word_1_54' title='bbox 1170 1140 1452 1223; x_wconf 75' lang='lat' dir='ltr'><strong>perfecte</strong></span> <span class='ocrx_word' id='word_1_55' title='bbox 1503 1139 1892 1202; x_wconf 86' lang='lat' dir='ltr'><strong>subsistente</strong></span> <span class='ocrx_word' id='word_1_56' title='bbox 1940 1156 1954 1200; x_wconf 77' lang='lat' dir='ltr'><strong>t</strong></span> <span class='ocrx_word' id='word_1_57' title='bbox 1999 1139 2169 1200; x_wconf 84' lang='lat' dir='ltr'><strong>istud</strong></span> <span class='ocrx_word' id='word_1_58' title='bbox 2221 1156 2347 1199; x_wconf 91' lang='lat' dir='ltr'><strong>non</strong></span> 
     </span>
     <span class='ocr_line' id='line_1_10' title="bbox 846 1235 2347 1321; baseline -0.004 -19"><span class='ocrx_word' id='word_1_59' title='bbox 846 1240 1013 1304; x_wconf 89' lang='lat' dir='ltr'><strong>tollit</strong></span> <span class='ocrx_word' id='word_1_60' title='bbox 1042 1240 1174 1302; x_wconf 89' lang='lat' dir='ltr'><strong>vim</strong></span> <span class='ocrx_word' id='word_1_61' title='bbox 1218 1238 1808 1321; x_wconf 79' lang='lat' dir='ltr'><strong>argumentationis.</strong></span> <span class='ocrx_word' id='word_1_62' title='bbox 1845 1237 2000 1310; x_wconf 87' lang='lat' dir='ltr'><strong>Quia</strong></span> <span class='ocrx_word' id='word_1_63' title='bbox 2035 1236 2211 1299; x_wconf 91' lang='lat' dir='ltr'><strong>enim</strong></span> <span class='ocrx_word' id='word_1_64' title='bbox 2255 1235 2347 1296; x_wconf 89' lang='lat' dir='ltr'><strong>in-</strong></span> 
     </span>
     <span class='ocr_line' id='line_1_11' title="bbox 847 1335 2346 1401; baseline -0.004 0"><span class='ocrx_word' id='word_1_65' title='bbox 847 1338 1230 1401; x_wconf 90' lang='lat' dir='ltr'><strong>tellectualis</strong></span> <span class='ocrx_word' id='word_1_66' title='bbox 1279 1338 1494 1400; x_wconf 89' lang='lat' dir='ltr'><strong>anima</strong></span> <span class='ocrx_word' id='word_1_67' title='bbox 1541 1335 1706 1399; x_wconf 91' lang='lat' dir='ltr'><strong>redit</strong></span> <span class='ocrx_word' id='word_1_68' title='bbox 1751 1335 1828 1397; x_wconf 90' lang='lat' dir='ltr'><strong>ad</strong></span> <span class='ocrx_word' id='word_1_69' title='bbox 1873 1354 1940 1398; x_wconf 89' lang='lat' dir='ltr'><strong>se</strong></span> <span class='ocrx_word' id='word_1_70' title='bbox 1992 1335 2346 1397; x_wconf 87' lang='lat' dir='ltr'><strong>secundum</strong></span> 
     </span>
     <span class='ocr_line' id='line_1_12' title="bbox 845 1434 2345 1518; baseline -0.005 -18"><span class='ocrx_word' id='word_1_71' title='bbox 845 1456 985 1500; x_wconf 87' lang='lat' dir='ltr'><strong>esse</strong></span> <span class='ocrx_word' id='word_1_72' title='bbox 1028 1443 1089 1499; x_wconf 91' lang='lat' dir='ltr'><strong>et</strong></span> <span class='ocrx_word' id='word_1_73' title='bbox 1133 1454 1339 1518; x_wconf 84' lang='lat' dir='ltr'><strong>agere,</strong></span> <span class='ocrx_word' id='word_1_74' title='bbox 1387 1443 1509 1498; x_wconf 90' lang='lat' dir='ltr'><strong>stat</strong></span> <span class='ocrx_word' id='word_1_75' title='bbox 1551 1453 1667 1517; x_wconf 90' lang='lat' dir='ltr'><strong>per</strong></span> <span class='ocrx_word' id='word_1_76' title='bbox 1709 1434 2049 1496; x_wconf 87' lang='lat' dir='ltr'><strong>essentiam</strong></span> <span class='ocrx_word' id='word_1_77' title='bbox 2099 1451 2278 1494; x_wconf 90' lang='lat' dir='ltr'><strong>suam</strong></span> <span class='ocrx_word' id='word_1_78' title='bbox 2331 1450 2345 1494; x_wconf 88' lang='lat'>:</span> 
     </span>
     <span class='ocr_line' id='line_1_13' title="bbox 846 1529 2353 1616; baseline -0.005 -18"><span class='ocrx_word' id='word_1_79' title='bbox 846 1541 909 1598; x_wconf 84' lang='lat' dir='ltr'><strong>et</strong></span> <span class='ocrx_word' id='word_1_80' title='bbox 951 1535 1065 1608; x_wconf 92' lang='lat' dir='ltr'><strong>sic,</strong></span> <span class='ocrx_word' id='word_1_81' title='bbox 1099 1533 1267 1596; x_wconf 91' lang='lat' dir='ltr'><strong>sicut</strong></span> <span class='ocrx_word' id='word_1_82' title='bbox 1305 1533 1554 1616; x_wconf 90' lang='lat' dir='ltr'><strong>operari</strong></span> <span class='ocrx_word' id='word_1_83' title='bbox 1598 1531 1910 1593; x_wconf 88' lang='lat' dir='ltr'><strong>veraciter</strong></span> <span class='ocrx_word' id='word_1_84' title='bbox 1954 1529 2353 1610; x_wconf 75' lang='lat' dir='ltr'><strong>subjectetur</strong></span> 
     </span>
     <span class='ocr_line' id='line_1_14' title="bbox 847 1627 2347 1710; baseline -0.004 -15"><span class='ocrx_word' id='word_1_85' title='bbox 847 1633 912 1694; x_wconf 90' lang='lat' dir='ltr'><strong>in</strong></span> <span class='ocrx_word' id='word_1_86' title='bbox 952 1651 1048 1706; x_wconf 91' lang='lat' dir='ltr'><strong>ea,</strong></span> <span class='ocrx_word' id='word_1_87' title='bbox 1083 1632 1176 1695; x_wconf 90' lang='lat' dir='ltr'><strong>sic</strong></span> <span class='ocrx_word' id='word_1_88' title='bbox 1217 1639 1280 1694; x_wconf 90' lang='lat' dir='ltr'><strong>et</strong></span> <span class='ocrx_word' id='word_1_89' title='bbox 1319 1649 1458 1694; x_wconf 90' lang='lat' dir='ltr'><strong>esse</strong></span> <span class='ocrx_word' id='word_1_90' title='bbox 1499 1630 1799 1693; x_wconf 83' lang='lat' dir='ltr'><strong>convenit</strong></span> <span class='ocrx_word' id='word_1_91' title='bbox 1843 1628 1986 1710; x_wconf 89' lang='lat' dir='ltr'><strong>ipsi.</strong></span> <span class='ocrx_word' id='word_1_92' title='bbox 2031 1627 2347 1710; x_wconf 80' lang='lat' dir='ltr'><strong>AmpliuS,</strong></span> 
     </span>
     <span class='ocr_line' id='line_1_15' title="bbox 847 1725 2350 1811; baseline -0.004 -18"><span class='ocrx_word' id='word_1_93' title='bbox 847 1730 901 1794; x_wconf 91' lang='lat' dir='ltr'><strong>si</strong></span> <span class='ocrx_word' id='word_1_94' title='bbox 947 1731 1137 1793; x_wconf 90' lang='lat' dir='ltr'><strong>homo</strong></span> <span class='ocrx_word' id='word_1_95' title='bbox 1181 1729 1423 1811; x_wconf 89' lang='lat' dir='ltr'><strong>aliquid</strong></span> <span class='ocrx_word' id='word_1_96' title='bbox 1477 1728 1733 1792; x_wconf 85' lang='lat' dir='ltr'><strong>realiter</strong></span> <span class='ocrx_word' id='word_1_97' title='bbox 1775 1727 1964 1789; x_wconf 90' lang='lat' dir='ltr'><strong>addat</strong></span> <span class='ocrx_word' id='word_1_98' title='bbox 2013 1726 2179 1788; x_wconf 87' lang='lat' dir='ltr'><strong>ultra</strong></span> <span class='ocrx_word' id='word_1_99' title='bbox 2220 1725 2350 1788; x_wconf 91' lang='lat' dir='ltr'><strong>ani-</strong></span> 
     </span>
    </p>
   </div>
   <div class='ocr_carea' id='block_1_6' title="bbox 2460 743 4009 1802">
    <p class='ocr_par' dir='ltr' id='par_1_6' title="bbox 2463 743 3932 926">
     <span class='ocr_line' id='line_1_16' title="bbox 2463 743 3932 826; baseline -0.001 -20"><span class='ocrx_word' id='word_1_100' title='bbox 2463 745 2633 826; x_wconf 90' lang='lat' dir='ltr'><strong>quod</strong></span> <span class='ocrx_word' id='word_1_101' title='bbox 2664 761 2792 807; x_wconf 91' lang='lat' dir='ltr'><strong>non</strong></span> <span class='ocrx_word' id='word_1_102' title='bbox 2824 753 2992 808; x_wconf 89' lang='lat' dir='ltr'><strong>esset</strong></span> <span class='ocrx_word' id='word_1_103' title='bbox 3022 746 3407 810; x_wconf 90' lang='lat' dir='ltr'><strong>intrinsecus</strong></span> <span class='ocrx_word' id='word_1_104' title='bbox 3436 753 3616 808; x_wconf 89' lang='lat' dir='ltr'><strong>actus</strong></span> <span class='ocrx_word' id='word_1_105' title='bbox 3656 743 3932 816; x_wconf 89' lang='lat' dir='ltr'><strong>hominis,</strong></span> 
     </span>
     <span class='ocr_line' id='line_1_17' title="bbox 2464 842 3570 926; baseline 0.001 -22"><span class='ocrx_word' id='word_1_106' title='bbox 2464 842 2573 904; x_wconf 90' lang='lat' dir='ltr'><strong>sed</strong></span> <span class='ocrx_word' id='word_1_107' title='bbox 2616 842 2828 924; x_wconf 91' lang='lat' dir='ltr'><strong>potius</strong></span> <span class='ocrx_word' id='word_1_108' title='bbox 2869 843 3226 907; x_wconf 90' lang='lat' dir='ltr'><strong>substantia</strong></span> <span class='ocrx_word' id='word_1_109' title='bbox 3264 850 3570 926; x_wconf 86' lang='lat' dir='ltr'><strong>separata.</strong></span> 
     </span>
    </p>

    <p class='ocr_par' dir='ltr' id='par_1_7' title="bbox 2460 939 4009 1802">
     <span class='ocr_line' id='line_1_18' title="bbox 2543 939 4009 1012; baseline -0.001 -11"><span class='ocrx_word' id='word_1_110' title='bbox 2543 940 2731 1004; x_wconf 91' lang='lat' dir='ltr'><strong>Porro</strong></span> <span class='ocrx_word' id='word_1_111' title='bbox 2780 942 2989 1004; x_wconf 91' lang='lat' dir='ltr'><strong>omnis</strong></span> <span class='ocrx_word' id='word_1_112' title='bbox 3036 943 3311 1005; x_wconf 88' lang='lat' dir='ltr'><strong>essentia</strong></span> <span class='ocrx_word' id='word_1_113' title='bbox 3352 942 3415 1005; x_wconf 90' lang='lat' dir='ltr'><strong>in</strong></span> <span class='ocrx_word' id='word_1_114' title='bbox 3465 960 3535 1004; x_wconf 91' lang='lat' dir='ltr'><strong>se</strong></span> <span class='ocrx_word' id='word_1_115' title='bbox 3582 939 3934 1012; x_wconf 88' lang='lat' dir='ltr'><strong>subsistens,</strong></span> <span class='ocrx_word' id='word_1_116' title='bbox 3957 969 4009 999; x_wconf 56' lang='lat' dir='ltr'><strong>v.</strong></span> 
     </span>
     <span class='ocr_line' id='line_1_19' title="bbox 2462 1037 3937 1121; baseline 0 -21"><span class='ocrx_word' id='word_1_117' title='bbox 2462 1045 2557 1100; x_wconf 89' lang='lat' dir='ltr'><strong>est</strong></span> <span class='ocrx_word' id='word_1_118' title='bbox 2588 1039 2707 1102; x_wconf 92' lang='lat' dir='ltr'><strong>hoc</strong></span> <span class='ocrx_word' id='word_1_119' title='bbox 2748 1039 2991 1121; x_wconf 88' lang='lat' dir='ltr'><strong>aliquid</strong></span> <span class='ocrx_word' id='word_1_120' title='bbox 3020 1047 3085 1102; x_wconf 90' lang='lat' dir='ltr'><strong>et</strong></span> <span class='ocrx_word' id='word_1_121' title='bbox 3115 1040 3529 1103; x_wconf 88' lang='lat' dir='ltr'><strong>individualis</strong></span> <span class='ocrx_word' id='word_1_122' title='bbox 3564 1057 3578 1100; x_wconf 74' lang='grc' dir='ltr'>ε</span> <span class='ocrx_word' id='word_1_123' title='bbox 3611 1056 3748 1102; x_wconf 90' lang='lat' dir='ltr'><strong>esse</strong></span> <span class='ocrx_word' id='word_1_124' title='bbox 3782 1037 3937 1100; x_wconf 88' lang='lat' dir='ltr'><strong>enim</strong></span> 
     </span>
     <span class='ocr_line' id='line_1_20' title="bbox 2462 1134 3941 1220; baseline -0.001 -22"><span class='ocrx_word' id='word_1_125' title='bbox 2462 1143 2525 1198; x_wconf 90' lang='lat' dir='ltr'><strong>et</strong></span> <span class='ocrx_word' id='word_1_126' title='bbox 2564 1136 2934 1211; x_wconf 88' lang='lat' dir='ltr'><strong>subsistere,</strong></span> <span class='ocrx_word' id='word_1_127' title='bbox 2976 1156 3103 1201; x_wconf 92' lang='lat' dir='ltr'><strong>non</strong></span> <span class='ocrx_word' id='word_1_128' title='bbox 3143 1137 3449 1220; x_wconf 90' lang='lat' dir='ltr'><strong>competit</strong></span> <span class='ocrx_word' id='word_1_129' title='bbox 3498 1137 3622 1199; x_wconf 87' lang='lat' dir='ltr'><strong>nisi</strong></span> <span class='ocrx_word' id='word_1_130' title='bbox 3670 1134 3941 1215; x_wconf 85' lang='lat' dir='ltr'><strong>hujusce-</strong></span> 
     </span>
     <span class='ocr_line' id='line_1_21' title="bbox 2464 1233 3938 1298; baseline -0.002 -2"><span class='ocrx_word' id='word_1_131' title='bbox 2464 1235 2634 1297; x_wconf 89' lang='lat' dir='ltr'><strong>modi</strong></span> <span class='ocrx_word' id='word_1_132' title='bbox 2668 1234 2879 1297; x_wconf 90' lang='lat' dir='ltr'><strong>rebus.</strong></span> <span class='ocrx_word' id='word_1_133' title='bbox 2902 1235 3021 1298; x_wconf 90' lang='lat' dir='ltr'><strong>Sed</strong></span> <span class='ocrx_word' id='word_1_134' title='bbox 3055 1235 3508 1298; x_wconf 89' lang='lat' dir='ltr'><strong>intellectualis</strong></span> <span class='ocrx_word' id='word_1_135' title='bbox 3538 1235 3743 1298; x_wconf 85' lang='lat' dir='ltr'><strong>forma</strong></span> <span class='ocrx_word' id='word_1_136' title='bbox 3769 1233 3938 1296; x_wconf 89' lang='lat' dir='ltr'><strong>estin</strong></span> 
     </span>
     <span class='ocr_line' id='line_1_22' title="bbox 2462 1331 3943 1416; baseline -0.003 -20"><span class='ocrx_word' id='word_1_137' title='bbox 2462 1352 2529 1396; x_wconf 91' lang='lat' dir='ltr'><strong>se</strong></span> <span class='ocrx_word' id='word_1_138' title='bbox 2560 1341 2731 1395; x_wconf 89' lang='lat' dir='ltr'><strong>stans</strong></span> <span class='ocrx_word' id='word_1_139' title='bbox 2770 1350 2783 1395; x_wconf 93' lang='lat'>:</span> <span class='ocrx_word' id='word_1_140' title='bbox 2822 1335 2992 1415; x_wconf 90' lang='lat' dir='ltr'><strong>quod</strong></span> <span class='ocrx_word' id='word_1_141' title='bbox 3023 1335 3341 1416; x_wconf 89' lang='lat' dir='ltr'><strong>posterius</strong></span> <span class='ocrx_word' id='word_1_142' title='bbox 3388 1333 3743 1397; x_wconf 89' lang='lat' dir='ltr'><strong>certissime</strong></span> <span class='ocrx_word' id='word_1_143' title='bbox 3770 1331 3943 1394; x_wconf 88' lang='lat' dir='ltr'><strong>dedu-</strong></span> 
     </span>
     <span class='ocr_line' id='line_1_23' title="bbox 2462 1430 3939 1514; baseline -0.002 -20"><span class='ocrx_word' id='word_1_144' title='bbox 2462 1439 2659 1494; x_wconf 88' lang='lat' dir='ltr'><strong>cetur.</strong></span> <span class='ocrx_word' id='word_1_145' title='bbox 2694 1431 2805 1494; x_wconf 88' lang='lat' dir='ltr'><strong>Est</strong></span> <span class='ocrx_word' id='word_1_146' title='bbox 2830 1449 2981 1513; x_wconf 85' lang='lat' dir='ltr'><strong>ergo</strong></span> <span class='ocrx_word' id='word_1_147' title='bbox 3011 1432 3131 1496; x_wconf 92' lang='lat' dir='ltr'><strong>hoc</strong></span> <span class='ocrx_word' id='word_1_148' title='bbox 3160 1433 3404 1514; x_wconf 88' lang='lat' dir='ltr'><strong>aliquid</strong></span> <span class='ocrx_word' id='word_1_149' title='bbox 3436 1441 3501 1496; x_wconf 92' lang='lat' dir='ltr'><strong>et</strong></span> <span class='ocrx_word' id='word_1_150' title='bbox 3529 1430 3939 1495; x_wconf 85' lang='lat' dir='ltr'><strong>individualis.</strong></span> 
     </span>
     <span class='ocr_line' id='line_1_24' title="bbox 2464 1528 3944 1613; baseline -0.003 -19"><span class='ocrx_word' id='word_1_151' title='bbox 2464 1532 2583 1594; x_wconf 90' lang='lat' dir='ltr'><strong>Sed</strong></span> <span class='ocrx_word' id='word_1_152' title='bbox 2624 1530 2837 1592; x_wconf 90' lang='lat' dir='ltr'><strong>dicere</strong></span> <span class='ocrx_word' id='word_1_153' title='bbox 2880 1531 3075 1594; x_wconf 90' lang='lat' dir='ltr'><strong>talem</strong></span> <span class='ocrx_word' id='word_1_154' title='bbox 3121 1532 3545 1594; x_wconf 83' lang='lat' dir='ltr'><strong>substantiam</strong></span> <span class='ocrx_word' id='word_1_155' title='bbox 3591 1547 3775 1613; x_wconf 92' lang='lat' dir='ltr'><strong>posse</strong></span> <span class='ocrx_word' id='word_1_156' title='bbox 3816 1528 3944 1591; x_wconf 87' lang='lat' dir='ltr'><strong>fieri</strong></span> 
     </span>
     <span class='ocr_line' id='line_1_25' title="bbox 2460 1626 3944 1711; baseline -0.003 -19"><span class='ocrx_word' id='word_1_157' title='bbox 2460 1637 2673 1692; x_wconf 88' lang='lat' dir='ltr'><strong>actum</strong></span> <span class='ocrx_word' id='word_1_158' title='bbox 2733 1630 3017 1711; x_wconf 90' lang='lat' dir='ltr'><strong>corporis</strong></span> <span class='ocrx_word' id='word_1_159' title='bbox 3077 1638 3141 1692; x_wconf 90' lang='lat' dir='ltr'><strong>et</strong></span> <span class='ocrx_word' id='word_1_160' title='bbox 3197 1630 3553 1693; x_wconf 85' lang='lat' dir='ltr'><strong>formaliter</strong></span> <span class='ocrx_word' id='word_1_161' title='bbox 3610 1626 3944 1692; x_wconf 89' lang='lat' dir='ltr'><strong>communi-</strong></span> 
     </span>
     <span class='ocr_line' id='line_1_26' title="bbox 2464 1726 3945 1802; baseline -0.001 -13"><span class='ocrx_word' id='word_1_162' title='bbox 2464 1726 2759 1802; x_wconf 89' lang='lat' dir='ltr'><strong>cabilem,</strong></span> <span class='ocrx_word' id='word_1_163' title='bbox 2793 1735 2890 1790; x_wconf 89' lang='lat' dir='ltr'><strong>est</strong></span> <span class='ocrx_word' id='word_1_164' title='bbox 2922 1728 3262 1791; x_wconf 90' lang='lat' dir='ltr'><strong>manifeste</strong></span> <span class='ocrx_word' id='word_1_165' title='bbox 3303 1738 3525 1792; x_wconf 90' lang='lat' dir='ltr'><strong>contra</strong></span> <span class='ocrx_word' id='word_1_166' title='bbox 3560 1745 3815 1791; x_wconf 89' lang='lat' dir='ltr'><strong>omnem</strong></span> <span class='ocrx_word' id='word_1_167' title='bbox 3852 1727 3945 1788; x_wconf 88' lang='lat' dir='ltr'><strong>do·</strong></span> 
     </span>
    </p>
   </div>
   <div class='ocr_carea' id='block_1_7' title="bbox 847 1821 3945 1910">
    <p class='ocr_par' dir='ltr' id='par_1_8' title="bbox 847 1821 3945 1910">
     <span class='ocr_line' id='line_1_27' title="bbox 847 1821 3945 1910; baseline -0.002 -19"><span class='ocrx_word' id='word_1_168' title='bbox 847 1848 1017 1891; x_wconf 88' lang='lat' dir='ltr'><strong>mam</strong></span> <span class='ocrx_word' id='word_1_169' title='bbox 1076 1828 1244 1910; x_wconf 90' lang='lat' dir='ltr'><strong>quod</strong></span> <span class='ocrx_word' id='word_1_170' title='bbox 1314 1828 1398 1890; x_wconf 92' lang='lat' dir='ltr'><strong>sit</strong></span> <span class='ocrx_word' id='word_1_171' title='bbox 1464 1825 1900 1889; x_wconf 89' lang='lat' dir='ltr'><strong>substantialis</strong></span> <span class='ocrx_word' id='word_1_172' title='bbox 1970 1845 2114 1907; x_wconf 90' lang='lat' dir='ltr'><strong>pars</strong></span> <span class='ocrx_word' id='word_1_173' title='bbox 2182 1824 2345 1906; x_wconf 87' lang='lat' dir='ltr'><strong>ejus,</strong></span> <span class='ocrx_word' id='word_1_174' title='bbox 2378 1821 2427 1886; x_wconf 90' lang='lat' dir='ltr'>B</span> <span class='ocrx_word' id='word_1_175' title='bbox 2463 1827 2735 1889; x_wconf 88' lang='lat' dir='ltr'><strong>ctrinam</strong></span> <span class='ocrx_word' id='word_1_176' title='bbox 2785 1827 3161 1891; x_wconf 85' lang='lat' dir='ltr'><strong>Aristotelis.</strong></span> <span class='ocrx_word' id='word_1_177' title='bbox 3213 1829 3343 1890; x_wconf 89' lang='lat' dir='ltr'><strong>Hoc</strong></span> <span class='ocrx_word' id='word_1_178' title='bbox 3393 1827 3569 1890; x_wconf 87' lang='lat' dir='ltr'><strong>enim</strong></span> <span class='ocrx_word' id='word_1_179' title='bbox 3618 1825 3945 1889; x_wconf 84' lang='lat' dir='ltr'><strong>admiratus</strong></span> 
     </span>
    </p>
   </div>
   <div class='ocr_carea' id='block_1_8' title="bbox 846 1923 2357 2992">
    <p class='ocr_par' dir='ltr' id='par_1_9' title="bbox 846 1923 2357 2992">
     <span class='ocr_line' id='line_1_28' title="bbox 846 1923 2349 2009; baseline -0.004 -20"><span class='ocrx_word' id='word_1_180' title='bbox 846 1927 1302 2009; x_wconf 86' lang='lat' dir='ltr'><strong>comprehendi</strong></span> <span class='ocrx_word' id='word_1_181' title='bbox 1349 1943 1474 1989; x_wconf 88' lang='lat' dir='ltr'><strong>non</strong></span> <span class='ocrx_word' id='word_1_182' title='bbox 1519 1932 1749 2008; x_wconf 89' lang='lat' dir='ltr'><strong>potest,</strong></span> <span class='ocrx_word' id='word_1_183' title='bbox 1797 1924 1966 2006; x_wconf 89' lang='lat' dir='ltr'><strong>quod</strong></span> <span class='ocrx_word' id='word_1_184' title='bbox 2012 1923 2181 1985; x_wconf 90' lang='lat' dir='ltr'><strong>idem</strong></span> <span class='ocrx_word' id='word_1_185' title='bbox 2233 1941 2349 1984; x_wconf 90' lang='lat' dir='ltr'><strong>nu-</strong></span> 
     </span>
     <span class='ocr_line' id='line_1_29' title="bbox 849 2022 2353 2103; baseline -0.004 -15"><span class='ocrx_word' id='word_1_186' title='bbox 849 2043 1026 2088; x_wconf 88' lang='lat' dir='ltr'><strong>mero</strong></span> <span class='ocrx_word' id='word_1_187' title='bbox 1075 2043 1216 2088; x_wconf 87' lang='lat' dir='ltr'><strong>esse</strong></span> <span class='ocrx_word' id='word_1_188' title='bbox 1264 2024 1348 2086; x_wconf 90' lang='lat' dir='ltr'><strong>sit</strong></span> <span class='ocrx_word' id='word_1_189' title='bbox 1394 2032 1597 2087; x_wconf 85' lang='lat' dir='ltr'><strong>totum</strong></span> <span class='ocrx_word' id='word_1_190' title='bbox 1649 2023 1716 2084; x_wconf 91' lang='lat' dir='ltr'><strong>in</strong></span> <span class='ocrx_word' id='word_1_191' title='bbox 1763 2022 2002 2095; x_wconf 87' lang='lat' dir='ltr'><strong>anima,</strong></span> <span class='ocrx_word' id='word_1_192' title='bbox 2054 2039 2198 2103; x_wconf 80' lang='lat' dir='ltr'><strong>quae</strong></span> <span class='ocrx_word' id='word_1_193' title='bbox 2256 2027 2353 2082; x_wconf 90' lang='lat' dir='ltr'><strong>est</strong></span> 
     </span>
     <span class='ocr_line' id='line_1_30' title="bbox 849 2120 2351 2206; baseline -0.003 -21"><span class='ocrx_word' id='word_1_194' title='bbox 849 2142 1017 2206; x_wconf 78' lang='lat' dir='ltr'><strong>parS,</strong></span> <span class='ocrx_word' id='word_1_195' title='bbox 1064 2131 1128 2186; x_wconf 89' lang='lat' dir='ltr'><strong>et</strong></span> <span class='ocrx_word' id='word_1_196' title='bbox 1176 2123 1241 2184; x_wconf 88' lang='lat' dir='ltr'><strong>in</strong></span> <span class='ocrx_word' id='word_1_197' title='bbox 1292 2122 1574 2194; x_wconf 90' lang='lat' dir='ltr'><strong>homine,</strong></span> <span class='ocrx_word' id='word_1_198' title='bbox 1618 2121 1730 2203; x_wconf 90' lang='lat' dir='ltr'><strong>qui</strong></span> <span class='ocrx_word' id='word_1_199' title='bbox 1770 2130 1866 2182; x_wconf 91' lang='lat' dir='ltr'><strong>est</strong></span> <span class='ocrx_word' id='word_1_200' title='bbox 1905 2120 2235 2182; x_wconf 86' lang='lat' dir='ltr'><strong>materiam</strong></span> <span class='ocrx_word' id='word_1_201' title='bbox 2286 2127 2351 2182; x_wconf 90' lang='lat' dir='ltr'><strong>et</strong></span> 
     </span>
     <span class='ocr_line' id='line_1_31' title="bbox 851 2219 2353 2302; baseline -0.003 -18"><span class='ocrx_word' id='word_1_202' title='bbox 851 2223 1116 2284; x_wconf 81' lang='lat' dir='ltr'><strong>formam</strong></span> <span class='ocrx_word' id='word_1_203' title='bbox 1147 2219 2153 2302; x_wconf 81' lang='lat' dir='ltr'><strong>comprehendens.Perfectiones</strong></span> <span class='ocrx_word' id='word_1_204' title='bbox 2182 2219 2353 2280; x_wconf 90' lang='lat' dir='ltr'><strong>enim</strong></span> 
     </span>
     <span class='ocr_line' id='line_1_32' title="bbox 851 2319 2354 2402; baseline -0.003 -18"><span class='ocrx_word' id='word_1_205' title='bbox 851 2328 915 2384; x_wconf 89' lang='lat' dir='ltr'><strong>et</strong></span> <span class='ocrx_word' id='word_1_206' title='bbox 956 2329 1135 2383; x_wconf 90' lang='lat' dir='ltr'><strong>actus</strong></span> <span class='ocrx_word' id='word_1_207' title='bbox 1178 2327 1242 2382; x_wconf 88' lang='lat' dir='ltr'><strong>et</strong></span> <span class='ocrx_word' id='word_1_208' title='bbox 1283 2339 1426 2402; x_wconf 82' lang='lat' dir='ltr'><strong>quae</strong></span> <span class='ocrx_word' id='word_1_209' title='bbox 1471 2319 1887 2401; x_wconf 87' lang='lat' dir='ltr'><strong>recipiuntur,</strong></span> <span class='ocrx_word' id='word_1_210' title='bbox 1933 2326 2354 2381; x_wconf 87' lang='lat' dir='ltr'><strong>numerantur</strong></span> 
     </span>
     <span class='ocr_line' id='line_1_33' title="bbox 852 2416 2348 2482; baseline -0.003 0"><span class='ocrx_word' id='word_1_211' title='bbox 852 2427 916 2482; x_wconf 90' lang='lat' dir='ltr'><strong>et</strong></span> <span class='ocrx_word' id='word_1_212' title='bbox 962 2418 1484 2482; x_wconf 82' lang='lat' dir='ltr'><strong>diversificantur</strong></span> <span class='ocrx_word' id='word_1_213' title='bbox 1530 2416 1972 2479; x_wconf 88' lang='lat' dir='ltr'><strong>numeratione</strong></span> <span class='ocrx_word' id='word_1_214' title='bbox 2021 2424 2084 2478; x_wconf 90' lang='lat' dir='ltr'><strong>et</strong></span> <span class='ocrx_word' id='word_1_215' title='bbox 2140 2416 2348 2479; x_wconf 84' lang='lat' dir='ltr'><strong>diver-</strong></span> 
     </span>
     <span class='ocr_line' id='line_1_34' title="bbox 853 2515 2353 2600; baseline -0.001 -20"><span class='ocrx_word' id='word_1_216' title='bbox 853 2519 1037 2580; x_wconf 88' lang='lat' dir='ltr'><strong>sitate</strong></span> <span class='ocrx_word' id='word_1_217' title='bbox 1088 2515 1614 2600; x_wconf 82' lang='lat' dir='ltr'><strong>perfectibilium,</strong></span> <span class='ocrx_word' id='word_1_218' title='bbox 1663 2523 1728 2578; x_wconf 91' lang='lat' dir='ltr'><strong>et</strong></span> <span class='ocrx_word' id='word_1_219' title='bbox 1784 2515 2237 2598; x_wconf 89' lang='lat' dir='ltr'><strong>potentiarum,</strong></span> <span class='ocrx_word' id='word_1_220' title='bbox 2290 2524 2353 2578; x_wconf 90' lang='lat' dir='ltr'><strong>et</strong></span> 
     </span>
     <span class='ocr_line' id='line_1_35' title="bbox 855 2613 2355 2699; baseline -0.002 -20"><span class='ocrx_word' id='word_1_221' title='bbox 855 2615 1329 2699; x_wconf 88' lang='lat' dir='ltr'><strong>recipientium.</strong></span> <span class='ocrx_word' id='word_1_222' title='bbox 1383 2615 1534 2678; x_wconf 90' lang='lat' dir='ltr'><strong>Esse</strong></span> <span class='ocrx_word' id='word_1_223' title='bbox 1581 2630 1734 2676; x_wconf 89' lang='lat' dir='ltr'><strong>vero</strong></span> <span class='ocrx_word' id='word_1_224' title='bbox 1790 2621 1886 2676; x_wconf 88' lang='lat' dir='ltr'><strong>est</strong></span> <span class='ocrx_word' id='word_1_225' title='bbox 1933 2613 2241 2696; x_wconf 83' lang='lat' dir='ltr'><strong>perfectio</strong></span> <span class='ocrx_word' id='word_1_226' title='bbox 2290 2623 2355 2676; x_wconf 87' lang='lat' dir='ltr'><strong>et</strong></span> 
     </span>
     <span class='ocr_line' id='line_1_36' title="bbox 857 2712 2084 2794; baseline -0.004 -16"><span class='ocrx_word' id='word_1_227' title='bbox 857 2722 1036 2778; x_wconf 89' lang='lat' dir='ltr'><strong>actus</strong></span> <span class='ocrx_word' id='word_1_228' title='bbox 1066 2712 1473 2776; x_wconf 89' lang='lat' dir='ltr'><strong>subsistentis</strong></span> <span class='ocrx_word' id='word_1_229' title='bbox 1505 2713 1570 2774; x_wconf 91' lang='lat' dir='ltr'><strong>in</strong></span> <span class='ocrx_word' id='word_1_230' title='bbox 1601 2728 1729 2793; x_wconf 90' lang='lat' dir='ltr'><strong>quo</strong></span> <span class='ocrx_word' id='word_1_231' title='bbox 1759 2712 2084 2794; x_wconf 89' lang='lat' dir='ltr'><strong>recipitur.</strong></span> 
     </span>
     <span class='ocr_line' id='line_1_37' title="bbox 937 2810 2354 2884; baseline -0.003 -8"><span class='ocrx_word' id='word_1_232' title='bbox 937 2813 1262 2884; x_wconf 65' lang='lat' dir='ltr'><strong>Praeterea,</strong></span> <span class='ocrx_word' id='word_1_233' title='bbox 1307 2810 1469 2872; x_wconf 91' lang='lat' dir='ltr'><strong>nihil</strong></span> <span class='ocrx_word' id='word_1_234' title='bbox 1522 2810 1851 2873; x_wconf 90' lang='lat' dir='ltr'><strong>constituit</strong></span> <span class='ocrx_word' id='word_1_235' title='bbox 1900 2810 2075 2872; x_wconf 91' lang='lat' dir='ltr'><strong>aliud</strong></span> <span class='ocrx_word' id='word_1_236' title='bbox 2123 2810 2354 2873; x_wconf 89' lang='lat' dir='ltr'><strong>forma-</strong></span> 
     </span>
     <span class='ocr_line' id='line_1_38' title="bbox 860 2908 2357 2992; baseline -0.002 -18"><span class='ocrx_word' id='word_1_237' title='bbox 860 2912 1006 2974; x_wconf 89' lang='lat' dir='ltr'><strong>liter</strong></span> <span class='ocrx_word' id='word_1_238' title='bbox 1051 2911 1117 2973; x_wconf 91' lang='lat' dir='ltr'><strong>in</strong></span> <span class='ocrx_word' id='word_1_239' title='bbox 1169 2910 1406 2992; x_wconf 87' lang='lat' dir='ltr'><strong>specie,</strong></span> <span class='ocrx_word' id='word_1_240' title='bbox 1453 2909 1577 2971; x_wconf 89' lang='lat' dir='ltr'><strong>nisi</strong></span> <span class='ocrx_word' id='word_1_241' title='bbox 1622 2927 1736 2990; x_wconf 90' lang='lat' dir='ltr'><strong>per</strong></span> <span class='ocrx_word' id='word_1_242' title='bbox 1789 2909 1851 2970; x_wconf 90' lang='lat' dir='ltr'><strong>id</strong></span> <span class='ocrx_word' id='word_1_243' title='bbox 1904 2925 2032 2990; x_wconf 90' lang='lat' dir='ltr'><strong>quo</strong></span> <span class='ocrx_word' id='word_1_244' title='bbox 2075 2908 2169 2971; x_wconf 91' lang='lat' dir='ltr'><strong>illi</strong></span> <span class='ocrx_word' id='word_1_245' title='bbox 2212 2926 2357 2972; x_wconf 91' lang='lat' dir='ltr'><strong>con-</strong></span> 
     </span>
    </p>
   </div>
   <div class='ocr_carea' id='block_1_9' title="bbox 2461 1923 3953 2993">
    <p class='ocr_par' dir='ltr' id='par_1_10' title="bbox 2461 1923 3953 2993">
     <span class='ocr_line' id='line_1_39' title="bbox 2461 1923 3947 2008; baseline -0.003 -20"><span class='ocrx_word' id='word_1_246' title='bbox 2461 1933 2558 1988; x_wconf 89' lang='lat' dir='ltr'><strong>est</strong></span> <span class='ocrx_word' id='word_1_247' title='bbox 2586 1925 2955 1990; x_wconf 88' lang='lat' dir='ltr'><strong>Aristoteles</strong></span> <span class='ocrx_word' id='word_1_248' title='bbox 2984 1927 3062 1988; x_wconf 90' lang='lat' dir='ltr'><strong>de</strong></span> <span class='ocrx_word' id='word_1_249' title='bbox 3092 1926 3369 2001; x_wconf 90' lang='lat' dir='ltr'><strong>Platone,</strong></span> <span class='ocrx_word' id='word_1_250' title='bbox 3402 1926 3572 2008; x_wconf 89' lang='lat' dir='ltr'><strong>quod</strong></span> <span class='ocrx_word' id='word_1_251' title='bbox 3603 1925 3775 1988; x_wconf 91' lang='lat' dir='ltr'><strong>Plato</strong></span> <span class='ocrx_word' id='word_1_252' title='bbox 3803 1923 3947 1986; x_wconf 87' lang='lat' dir='ltr'><strong>dixit</strong></span> 
     </span>
     <span class='ocr_line' id='line_1_40' title="bbox 2463 2022 3947 2107; baseline -0.002 -21"><span class='ocrx_word' id='word_1_253' title='bbox 2463 2024 2634 2088; x_wconf 88' lang='lat' dir='ltr'><strong>ideas</strong></span> <span class='ocrx_word' id='word_1_254' title='bbox 2692 2043 2806 2087; x_wconf 93' lang='lat' dir='ltr'><strong>seu</strong></span> <span class='ocrx_word' id='word_1_255' title='bbox 2864 2025 3112 2107; x_wconf 91' lang='lat' dir='ltr'><strong>species</strong></span> <span class='ocrx_word' id='word_1_256' title='bbox 3169 2025 3599 2098; x_wconf 88' lang='lat' dir='ltr'><strong>sensibilium,</strong></span> <span class='ocrx_word' id='word_1_257' title='bbox 3649 2031 3715 2086; x_wconf 91' lang='lat' dir='ltr'><strong>et</strong></span> <span class='ocrx_word' id='word_1_258' title='bbox 3760 2022 3947 2086; x_wconf 90' lang='lat' dir='ltr'><strong>subsi-</strong></span> 
     </span>
     <span class='ocr_line' id='line_1_41' title="bbox 2462 2123 3945 2206; baseline -0.003 -20"><span class='ocrx_word' id='word_1_259' title='bbox 2462 2130 2628 2186; x_wconf 89' lang='lat' dir='ltr'><strong>stere</strong></span> <span class='ocrx_word' id='word_1_260' title='bbox 2678 2123 2744 2185; x_wconf 94' lang='lat' dir='ltr'><strong>in</strong></span> <span class='ocrx_word' id='word_1_261' title='bbox 2794 2143 2863 2186; x_wconf 91' lang='lat' dir='ltr'><strong>se</strong></span> <span class='ocrx_word' id='word_1_262' title='bbox 2906 2142 3018 2186; x_wconf 90' lang='lat' dir='ltr'><strong>seu</strong></span> <span class='ocrx_word' id='word_1_263' title='bbox 3065 2132 3386 2206; x_wconf 90' lang='lat' dir='ltr'><strong>separatas</strong></span> <span class='ocrx_word' id='word_1_264' title='bbox 3436 2124 3594 2198; x_wconf 86' lang='lat' dir='ltr'><strong>fore,</strong></span> <span class='ocrx_word' id='word_1_265' title='bbox 3640 2130 3705 2186; x_wconf 91' lang='lat' dir='ltr'><strong>et</strong></span> <span class='ocrx_word' id='word_1_266' title='bbox 3750 2129 3945 2184; x_wconf 89' lang='lat' dir='ltr'><strong>tamen</strong></span> 
     </span>
     <span class='ocr_line' id='line_1_42' title="bbox 2464 2220 3948 2305; baseline -0.002 -21"><span class='ocrx_word' id='word_1_267' title='bbox 2464 2221 2816 2284; x_wconf 87' lang='lat' dir='ltr'><strong>formaliter</strong></span> <span class='ocrx_word' id='word_1_268' title='bbox 2865 2222 3323 2285; x_wconf 90' lang='lat' dir='ltr'><strong>communicari</strong></span> <span class='ocrx_word' id='word_1_269' title='bbox 3377 2240 3584 2305; x_wconf 92' lang='lat' dir='ltr'><strong>posse,</strong></span> <span class='ocrx_word' id='word_1_270' title='bbox 3626 2229 3701 2305; x_wconf 24' lang='lat' dir='ltr'><strong>‘et</strong></span> <span class='ocrx_word' id='word_1_271' title='bbox 3748 2239 3843 2283; x_wconf 86' lang='lat' dir='ltr'><strong>res</strong></span> <span class='ocrx_word' id='word_1_272' title='bbox 3888 2220 3948 2282; x_wconf 93' lang='lat' dir='ltr'><strong>in</strong></span> 
     </span>
     <span class='ocr_line' id='line_1_43' title="bbox 2464 2317 3947 2402; baseline -0.001 -21"><span class='ocrx_word' id='word_1_273' title='bbox 2464 2321 2677 2402; x_wconf 90' lang='lat' dir='ltr'><strong>specie</strong></span> <span class='ocrx_word' id='word_1_274' title='bbox 2726 2321 3070 2384; x_wconf 82' lang='lat' dir='ltr'><strong>intrinsece</strong></span> <span class='ocrx_word' id='word_1_275' title='bbox 3118 2320 3524 2384; x_wconf 89' lang='lat' dir='ltr'><strong>constituere.</strong></span> <span class='ocrx_word' id='word_1_276' title='bbox 3571 2321 3811 2402; x_wconf 88' lang='lat' dir='ltr'><strong>Nempe</strong></span> <span class='ocrx_word' id='word_1_277' title='bbox 3850 2317 3947 2400; x_wconf 92' lang='lat' dir='ltr'><strong>qui</strong></span> 
     </span>
     <span class='ocr_line' id='line_1_44' title="bbox 2464 2418 3949 2499; baseline -0.001 -19"><span class='ocrx_word' id='word_1_278' title='bbox 2464 2419 2621 2480; x_wconf 90' lang='lat' dir='ltr'><strong>dicit</strong></span> <span class='ocrx_word' id='word_1_279' title='bbox 2650 2418 3149 2481; x_wconf 89' lang='lat' dir='ltr'><strong>intellectualem</strong></span> <span class='ocrx_word' id='word_1_280' title='bbox 3178 2419 3629 2493; x_wconf 90' lang='lat' dir='ltr'><strong>essentiam,et</strong></span> <span class='ocrx_word' id='word_1_281' title='bbox 3656 2425 3821 2481; x_wconf 89' lang='lat' dir='ltr'><strong>stare</strong></span> <span class='ocrx_word' id='word_1_282' title='bbox 3850 2435 3949 2499; x_wconf 90' lang='lat' dir='ltr'><strong>per</strong></span> 
     </span>
     <span class='ocr_line' id='line_1_45' title="bbox 2462 2518 3950 2592; baseline -0.002 -12"><span class='ocrx_word' id='word_1_283' title='bbox 2462 2518 2805 2580; x_wconf 86' lang='lat' dir='ltr'><strong>essentiam</strong></span> <span class='ocrx_word' id='word_1_284' title='bbox 2835 2537 3036 2592; x_wconf 88' lang='lat' dir='ltr'><strong>suam,</strong></span> <span class='ocrx_word' id='word_1_285' title='bbox 3070 2527 3133 2582; x_wconf 91' lang='lat' dir='ltr'><strong>et</strong></span> <span class='ocrx_word' id='word_1_286' title='bbox 3162 2525 3377 2580; x_wconf 90' lang='lat' dir='ltr'><strong>tamen</strong></span> <span class='ocrx_word' id='word_1_287' title='bbox 3407 2527 3621 2580; x_wconf 84' lang='lat' dir='ltr'><strong>actum</strong></span> <span class='ocrx_word' id='word_1_288' title='bbox 3658 2535 3799 2580; x_wconf 90' lang='lat' dir='ltr'><strong>esse</strong></span> <span class='ocrx_word' id='word_1_289' title='bbox 3838 2534 3950 2578; x_wconf 87' lang='lat' dir='ltr'><strong>ma-</strong></span> 
     </span>
     <span class='ocr_line' id='line_1_46' title="bbox 2465 2613 3950 2700; baseline -0.002 -22"><span class='ocrx_word' id='word_1_290' title='bbox 2465 2618 2661 2691; x_wconf 82' lang='lat' dir='ltr'><strong>teriae,</strong></span> <span class='ocrx_word' id='word_1_291' title='bbox 2696 2624 2760 2679; x_wconf 91' lang='lat' dir='ltr'><strong>et</strong></span> <span class='ocrx_word' id='word_1_292' title='bbox 2786 2635 2926 2680; x_wconf 89' lang='lat' dir='ltr'><strong>eam</strong></span> <span class='ocrx_word' id='word_1_293' title='bbox 2970 2618 3033 2680; x_wconf 92' lang='lat' dir='ltr'><strong>in</strong></span> <span class='ocrx_word' id='word_1_294' title='bbox 3073 2617 3289 2700; x_wconf 91' lang='lat' dir='ltr'><strong>specie</strong></span> <span class='ocrx_word' id='word_1_295' title='bbox 3330 2634 3659 2699; x_wconf 89' lang='lat' dir='ltr'><strong>reponere,</strong></span> <span class='ocrx_word' id='word_1_296' title='bbox 3694 2613 3950 2678; x_wconf 82' lang='lat' dir='ltr'><strong>Platonis</strong></span> 
     </span>
     <span class='ocr_line' id='line_1_47' title="bbox 2467 2714 3951 2798; baseline -0.003 -20"><span class='ocrx_word' id='word_1_297' title='bbox 2467 2715 3045 2778; x_wconf 90' lang='lat' dir='ltr'><strong>inconvenientiam</strong></span> <span class='ocrx_word' id='word_1_298' title='bbox 3086 2715 3343 2777; x_wconf 90' lang='lat' dir='ltr'><strong>videtur</strong></span> <span class='ocrx_word' id='word_1_299' title='bbox 3383 2732 3644 2798; x_wconf 90' lang='lat' dir='ltr'><strong>prorsus</strong></span> <span class='ocrx_word' id='word_1_300' title='bbox 3684 2714 3951 2777; x_wconf 86' lang='lat' dir='ltr'><strong>incurre-</strong></span> 
     </span>
     <span class='ocr_line' id='line_1_48' title="bbox 2466 2813 3952 2896; baseline -0.002 -20"><span class='ocrx_word' id='word_1_301' title='bbox 2466 2833 2555 2877; x_wconf 88' lang='lat' dir='ltr'><strong>re.</strong></span> <span class='ocrx_word' id='word_1_302' title='bbox 2590 2814 2652 2876; x_wconf 92' lang='lat' dir='ltr'><strong>Si</strong></span> <span class='ocrx_word' id='word_1_303' title='bbox 2684 2821 2899 2876; x_wconf 88' lang='lat' dir='ltr'><strong>autem</strong></span> <span class='ocrx_word' id='word_1_304' title='bbox 2930 2813 3076 2896; x_wconf 88' lang='lat' dir='ltr'><strong>quis</strong></span> <span class='ocrx_word' id='word_1_305' title='bbox 3107 2815 3511 2895; x_wconf 90' lang='lat' dir='ltr'><strong>respondeat,</strong></span> <span class='ocrx_word' id='word_1_306' title='bbox 3543 2814 3715 2895; x_wconf 89' lang='lat' dir='ltr'><strong>quod</strong></span> <span class='ocrx_word' id='word_1_307' title='bbox 3756 2813 3952 2876; x_wconf 88' lang='lat' dir='ltr'><strong>anima</strong></span> 
     </span>
     <span class='ocr_line' id='line_1_49' title="bbox 2466 2909 3953 2993; baseline -0.003 -19"><span class='ocrx_word' id='word_1_308' title='bbox 2466 2913 2817 2976; x_wconf 90' lang='lat' dir='ltr'><strong>secundum</strong></span> <span class='ocrx_word' id='word_1_309' title='bbox 2870 2911 3201 2974; x_wconf 85' lang='lat' dir='ltr'><strong>inferiores</strong></span> <span class='ocrx_word' id='word_1_310' title='bbox 3247 2911 3559 2993; x_wconf 89' lang='lat' dir='ltr'><strong>quosdam</strong></span> <span class='ocrx_word' id='word_1_311' title='bbox 3604 2911 3837 2993; x_wconf 80' lang='lat' dir='ltr'><strong>gradus</strong></span> <span class='ocrx_word' id='word_1_312' title='bbox 3878 2909 3953 2971; x_wconf 90' lang='lat' dir='ltr'><strong>sit</strong></span> 
     </span>
    </p>
   </div>
   <div class='ocr_carea' id='block_1_10' title="bbox 855 3006 3952 3093">
    <p class='ocr_par' dir='ltr' id='par_1_11' title="bbox 855 3006 3952 3093">
     <span class='ocr_line' id='line_1_50' title="bbox 855 3006 3952 3093; baseline -0 -21"><span class='ocrx_word' id='word_1_313' title='bbox 855 3010 1153 3091; x_wconf 89' lang='lat' dir='ltr'><strong>junctum</strong></span> <span class='ocrx_word' id='word_1_314' title='bbox 1192 3016 1289 3070; x_wconf 89' lang='lat' dir='ltr'><strong>est</strong></span> <span class='ocrx_word' id='word_1_315' title='bbox 1321 3024 1334 3069; x_wconf 90' lang='lat'>:</span> <span class='ocrx_word' id='word_1_316' title='bbox 1369 3007 1670 3089; x_wconf 89' lang='lat' dir='ltr'><strong>quoniam</strong></span> <span class='ocrx_word' id='word_1_317' title='bbox 1704 3007 1874 3089; x_wconf 89' lang='lat' dir='ltr'><strong>quod</strong></span> <span class='ocrx_word' id='word_1_318' title='bbox 1903 3006 2077 3069; x_wconf 91' lang='lat' dir='ltr'><strong>aliud</strong></span> <span class='ocrx_word' id='word_1_319' title='bbox 2108 3007 2175 3069; x_wconf 93' lang='lat' dir='ltr'><strong>in</strong></span> <span class='ocrx_word' id='word_1_320' title='bbox 2214 3026 2354 3089; x_wconf 87' lang='lat' dir='ltr'><strong>spe·</strong></span> <span class='ocrx_word' id='word_1_321' title='bbox 2386 3007 2431 3073; x_wconf 90' lang='lat' dir='ltr'>C</span> <span class='ocrx_word' id='word_1_322' title='bbox 2467 3011 2808 3092; x_wconf 83' lang='lat' dir='ltr'><strong>conjuncta</strong></span> <span class='ocrx_word' id='word_1_323' title='bbox 2868 3018 2932 3073; x_wconf 90' lang='lat' dir='ltr'><strong>et</strong></span> <span class='ocrx_word' id='word_1_324' title='bbox 2998 3009 3279 3073; x_wconf 82' lang='lat' dir='ltr'><strong>materiae</strong></span> <span class='ocrx_word' id='word_1_325' title='bbox 3347 3011 3681 3093; x_wconf 90' lang='lat' dir='ltr'><strong>impressa,</strong></span> <span class='ocrx_word' id='word_1_326' title='bbox 3744 3028 3952 3072; x_wconf 88' lang='lat' dir='ltr'><strong>secun·</strong></span> 
     </span>
    </p>
   </div>
   <div class='ocr_carea' id='block_1_11' title="bbox 853 3104 2361 4161">
    <p class='ocr_par' dir='ltr' id='par_1_12' title="bbox 853 3104 2361 4161">
     <span class='ocr_line' id='line_1_51' title="bbox 856 3104 2355 3190; baseline -0.002 -19"><span class='ocrx_word' id='word_1_327' title='bbox 856 3109 954 3171; x_wconf 91' lang='lat' dir='ltr'><strong>cie</strong></span> <span class='ocrx_word' id='word_1_328' title='bbox 1004 3107 1205 3190; x_wconf 91' lang='lat' dir='ltr'><strong>ponit,</strong></span> <span class='ocrx_word' id='word_1_329' title='bbox 1257 3113 1354 3169; x_wconf 90' lang='lat' dir='ltr'><strong>est</strong></span> <span class='ocrx_word' id='word_1_330' title='bbox 1402 3104 1608 3168; x_wconf 88' lang='lat' dir='ltr'><strong>forma</strong></span> <span class='ocrx_word' id='word_1_331' title='bbox 1666 3105 1840 3167; x_wconf 90' lang='lat' dir='ltr'><strong>illius</strong></span> <span class='ocrx_word' id='word_1_332' title='bbox 1888 3112 1952 3167; x_wconf 90' lang='lat' dir='ltr'><strong>et</strong></span> <span class='ocrx_word' id='word_1_333' title='bbox 1999 3106 2355 3168; x_wconf 90' lang='lat' dir='ltr'><strong>essentialis</strong></span> 
     </span>
     <span class='ocr_line' id='line_1_52' title="bbox 857 3203 2353 3288; baseline -0.001 -21"><span class='ocrx_word' id='word_1_334' title='bbox 857 3204 1185 3288; x_wconf 88' lang='lat' dir='ltr'><strong>perfectio.</strong></span> <span class='ocrx_word' id='word_1_335' title='bbox 1204 3205 1429 3267; x_wconf 86' lang='lat' dir='ltr'><strong>Forma</strong></span> <span class='ocrx_word' id='word_1_336' title='bbox 1458 3221 1610 3265; x_wconf 92' lang='lat' dir='ltr'><strong>vero</strong></span> <span class='ocrx_word' id='word_1_337' title='bbox 1640 3210 1736 3265; x_wconf 90' lang='lat' dir='ltr'><strong>est</strong></span> <span class='ocrx_word' id='word_1_338' title='bbox 1766 3222 1956 3265; x_wconf 92' lang='lat' dir='ltr'><strong>causa</strong></span> <span class='ocrx_word' id='word_1_339' title='bbox 1987 3203 2353 3278; x_wconf 89' lang='lat' dir='ltr'><strong>intrinseca,</strong></span> 
     </span>
     <span class='ocr_line' id='line_1_53' title="bbox 854 3301 2357 3384; baseline -0.001 -18"><span class='ocrx_word' id='word_1_340' title='bbox 854 3302 1211 3366; x_wconf 88' lang='lat' dir='ltr'><strong>secundum</strong></span> <span class='ocrx_word' id='word_1_341' title='bbox 1270 3301 1674 3364; x_wconf 87' lang='lat' dir='ltr'><strong>Aristotelem</strong></span> <span class='ocrx_word' id='word_1_342' title='bbox 1734 3301 2016 3364; x_wconf 90' lang='lat' dir='ltr'><strong>secundo</strong></span> <span class='ocrx_word' id='word_1_343' title='bbox 2065 3301 2357 3384; x_wconf 78' lang='lat' dir='ltr'><strong>Physico-</strong></span> 
     </span>
     <span class='ocr_line' id='line_1_54' title="bbox 853 3398 2354 3481; baseline -0.001 -18"><span class='ocrx_word' id='word_1_344' title='bbox 853 3400 1103 3463; x_wconf 90' lang='lat' dir='ltr'><strong>rum.Si</strong></span> <span class='ocrx_word' id='word_1_345' title='bbox 1133 3399 1328 3480; x_wconf 86' lang='lat' dir='ltr'><strong>igitur</strong></span> <span class='ocrx_word' id='word_1_346' title='bbox 1356 3417 1472 3481; x_wconf 90' lang='lat' dir='ltr'><strong>per</strong></span> <span class='ocrx_word' id='word_1_347' title='bbox 1501 3417 1642 3461; x_wconf 90' lang='lat' dir='ltr'><strong>esse</strong></span> <span class='ocrx_word' id='word_1_348' title='bbox 1673 3398 1978 3462; x_wconf 88' lang='lat' dir='ltr'><strong>rationale</strong></span> <span class='ocrx_word' id='word_1_349' title='bbox 2009 3407 2203 3480; x_wconf 87' lang='lat' dir='ltr'><strong>ponat</strong></span> <span class='ocrx_word' id='word_1_350' title='bbox 2228 3399 2354 3461; x_wconf 90' lang='lat' dir='ltr'><strong>ani-</strong></span> 
     </span>
     <span class='ocr_line' id='line_1_55' title="bbox 856 3497 2357 3580; baseline -0.002 -19"><span class='ocrx_word' id='word_1_351' title='bbox 856 3518 960 3561; x_wconf 89' lang='lat' dir='ltr'><strong>ma</strong></span> <span class='ocrx_word' id='word_1_352' title='bbox 1003 3517 1235 3580; x_wconf 91' lang='lat' dir='ltr'><strong>corpus</strong></span> <span class='ocrx_word' id='word_1_353' title='bbox 1281 3497 1344 3559; x_wconf 91' lang='lat' dir='ltr'><strong>in</strong></span> <span class='ocrx_word' id='word_1_354' title='bbox 1389 3497 1627 3579; x_wconf 89' lang='lat' dir='ltr'><strong>specie,</strong></span> <span class='ocrx_word' id='word_1_355' title='bbox 1676 3504 1828 3558; x_wconf 92' lang='lat' dir='ltr'><strong>tunc</strong></span> <span class='ocrx_word' id='word_1_356' title='bbox 1870 3497 2084 3560; x_wconf 90' lang='lat' dir='ltr'><strong>anima</strong></span> <span class='ocrx_word' id='word_1_357' title='bbox 2133 3515 2357 3559; x_wconf 90' lang='lat' dir='ltr'><strong>secun-</strong></span> 
     </span>
     <span class='ocr_line' id='line_1_56' title="bbox 855 3594 2353 3678; baseline -0.002 -19"><span class='ocrx_word' id='word_1_358' title='bbox 855 3598 1011 3659; x_wconf 91' lang='lat' dir='ltr'><strong>dum</strong></span> <span class='ocrx_word' id='word_1_359' title='bbox 1053 3596 1320 3678; x_wconf 82' lang='lat' dir='ltr'><strong>gradum</strong></span> <span class='ocrx_word' id='word_1_360' title='bbox 1367 3595 1692 3658; x_wconf 88' lang='lat' dir='ltr'><strong>rationalis</strong></span> <span class='ocrx_word' id='word_1_361' title='bbox 1739 3613 1851 3656; x_wconf 89' lang='lat' dir='ltr'><strong>seu</strong></span> <span class='ocrx_word' id='word_1_362' title='bbox 1902 3594 2353 3658; x_wconf 86' lang='lat' dir='ltr'><strong>intellectualis</strong></span> 
     </span>
     <span class='ocr_line' id='line_1_57' title="bbox 857 3693 2357 3778; baseline -0.003 -19"><span class='ocrx_word' id='word_1_363' title='bbox 857 3716 986 3759; x_wconf 82' lang='lat' dir='ltr'><strong>suae</strong></span> <span class='ocrx_word' id='word_1_364' title='bbox 1044 3694 1455 3778; x_wconf 88' lang='lat' dir='ltr'><strong>perfectionis</strong></span> <span class='ocrx_word' id='word_1_365' title='bbox 1511 3695 1635 3756; x_wconf 89' lang='lat' dir='ltr'><strong>erit</strong></span> <span class='ocrx_word' id='word_1_366' title='bbox 1690 3693 1940 3776; x_wconf 89' lang='lat' dir='ltr'><strong>corpori</strong></span> <span class='ocrx_word' id='word_1_367' title='bbox 1999 3693 2357 3756; x_wconf 88' lang='lat' dir='ltr'><strong>formaliter</strong></span> 
     </span>
     <span class='ocr_line' id='line_1_58' title="bbox 857 3792 2355 3876; baseline -0.001 -19"><span class='ocrx_word' id='word_1_368' title='bbox 857 3793 1222 3876; x_wconf 84' lang='lat' dir='ltr'><strong>conjuncta,</strong></span> <span class='ocrx_word' id='word_1_369' title='bbox 1265 3801 1328 3856; x_wconf 90' lang='lat' dir='ltr'><strong>et</strong></span> <span class='ocrx_word' id='word_1_370' title='bbox 1373 3792 1760 3855; x_wconf 89' lang='lat' dir='ltr'><strong>intrinsecus</strong></span> <span class='ocrx_word' id='word_1_371' title='bbox 1804 3792 1945 3872; x_wconf 90' lang='lat' dir='ltr'><strong>ejus</strong></span> <span class='ocrx_word' id='word_1_372' title='bbox 1988 3799 2191 3854; x_wconf 88' lang='lat' dir='ltr'><strong>actus.</strong></span> <span class='ocrx_word' id='word_1_373' title='bbox 2227 3792 2355 3856; x_wconf 89' lang='lat' dir='ltr'><strong>Hoc</strong></span> 
     </span>
     <span class='ocr_line' id='line_1_59' title="bbox 855 3879 2353 3972; baseline -0.002 -17"><span class='ocrx_word' id='word_1_374' title='bbox 855 3901 1070 3955; x_wconf 88' lang='lat' dir='ltr'><strong>autem</strong></span> <span class='ocrx_word' id='word_1_375' title='bbox 1101 3900 1198 3955; x_wconf 90' lang='lat' dir='ltr'><strong>est</strong></span> <span class='ocrx_word' id='word_1_376' title='bbox 1228 3879 1646 3972; x_wconf 84' lang='lat' dir='ltr'><strong>impossibile.</strong></span> <span class='ocrx_word' id='word_1_377' title='bbox 1682 3889 1841 3952; x_wconf 89' lang='lat' dir='ltr'><strong>Nam</strong></span> <span class='ocrx_word' id='word_1_378' title='bbox 1872 3897 2202 3952; x_wconf 90' lang='lat' dir='ltr'><strong>ostensum</strong></span> <span class='ocrx_word' id='word_1_379' title='bbox 2236 3897 2353 3963; x_wconf 90' lang='lat' dir='ltr'><strong>est,</strong></span> 
     </span>
     <span class='ocr_line' id='line_1_60' title="bbox 855 3988 2361 4074; baseline -0.001 -21"><span class='ocrx_word' id='word_1_380' title='bbox 855 3992 1023 4074; x_wconf 91' lang='lat' dir='ltr'><strong>quod</strong></span> <span class='ocrx_word' id='word_1_381' title='bbox 1053 3991 1257 4055; x_wconf 90' lang='lat' dir='ltr'><strong>omnis</strong></span> <span class='ocrx_word' id='word_1_382' title='bbox 1286 3988 1734 4052; x_wconf 88' lang='lat' dir='ltr'><strong>intellectualis</strong></span> <span class='ocrx_word' id='word_1_383' title='bbox 1764 3988 2062 4062; x_wconf 90' lang='lat' dir='ltr'><strong>essentia,</strong></span> <span class='ocrx_word' id='word_1_384' title='bbox 2081 3989 2145 4050; x_wconf 93' lang='lat' dir='ltr'><strong>in</strong></span> <span class='ocrx_word' id='word_1_385' title='bbox 2169 4008 2361 4070; x_wconf 89' lang='lat' dir='ltr'><strong>quan·</strong></span> 
     </span>
     <span class='ocr_line' id='line_1_61' title="bbox 853 4086 2352 4161; baseline -0.002 -9"><span class='ocrx_word' id='word_1_386' title='bbox 853 4097 993 4152; x_wconf 89' lang='lat' dir='ltr'><strong>tum</strong></span> <span class='ocrx_word' id='word_1_387' title='bbox 1027 4087 1473 4151; x_wconf 87' lang='lat' dir='ltr'><strong>intellectualis</strong></span> <span class='ocrx_word' id='word_1_388' title='bbox 1505 4095 1623 4161; x_wconf 89' lang='lat' dir='ltr'><strong>est,</strong></span> <span class='ocrx_word' id='word_1_389' title='bbox 1657 4087 1740 4149; x_wconf 89' lang='lat' dir='ltr'><strong>sit</strong></span> <span class='ocrx_word' id='word_1_390' title='bbox 1779 4086 1844 4148; x_wconf 92' lang='lat' dir='ltr'><strong>in</strong></span> <span class='ocrx_word' id='word_1_391' title='bbox 1876 4104 1944 4150; x_wconf 89' lang='lat' dir='ltr'><strong>se</strong></span> <span class='ocrx_word' id='word_1_392' title='bbox 1975 4086 2352 4150; x_wconf 90' lang='lat' dir='ltr'><strong>subsistens.</strong></span> 
     </span>
    </p>
   </div>
   <div class='ocr_carea' id='block_1_12' title="bbox 2463 3107 3955 4174">
    <p class='ocr_par' dir='ltr' id='par_1_13' title="bbox 2463 3107 3955 4174">
     <span class='ocr_line' id='line_1_62' title="bbox 2464 3107 3955 3190; baseline -0.002 -19"><span class='ocrx_word' id='word_1_393' title='bbox 2464 3110 2612 3172; x_wconf 92' lang='lat' dir='ltr'><strong>dum</strong></span> <span class='ocrx_word' id='word_1_394' title='bbox 2645 3108 3135 3172; x_wconf 89' lang='lat' dir='ltr'><strong>intellectualem</strong></span> <span class='ocrx_word' id='word_1_395' title='bbox 3165 3125 3316 3171; x_wconf 86' lang='lat' dir='ltr'><strong>vero</strong></span> <span class='ocrx_word' id='word_1_396' title='bbox 3346 3110 3695 3190; x_wconf 89' lang='lat' dir='ltr'><strong>portionem</strong></span> <span class='ocrx_word' id='word_1_397' title='bbox 3727 3107 3955 3170; x_wconf 86' lang='lat' dir='ltr'><strong>elevata</strong></span> 
     </span>
     <span class='ocr_line' id='line_1_63' title="bbox 2464 3205 3955 3288; baseline -0.003 -17"><span class='ocrx_word' id='word_1_398' title='bbox 2464 3216 2530 3272; x_wconf 91' lang='lat' dir='ltr'><strong>et</strong></span> <span class='ocrx_word' id='word_1_399' title='bbox 2578 3207 2797 3282; x_wconf 90' lang='lat' dir='ltr'><strong>libera,</strong></span> <span class='ocrx_word' id='word_1_400' title='bbox 2842 3206 2962 3270; x_wconf 92' lang='lat' dir='ltr'><strong>hoc</strong></span> <span class='ocrx_word' id='word_1_401' title='bbox 3010 3206 3335 3288; x_wconf 89' lang='lat' dir='ltr'><strong>duplicem</strong></span> <span class='ocrx_word' id='word_1_402' title='bbox 3384 3206 3815 3287; x_wconf 89' lang='lat' dir='ltr'><strong>objectionem</strong></span> <span class='ocrx_word' id='word_1_403' title='bbox 3862 3205 3955 3267; x_wconf 87' lang='lat' dir='ltr'><strong>ha-</strong></span> 
     </span>
     <span class='ocr_line' id='line_1_64' title="bbox 2463 3303 3953 3386; baseline -0.003 -18"><span class='ocrx_word' id='word_1_404' title='bbox 2463 3306 2590 3368; x_wconf 90' lang='lat' dir='ltr'><strong>bet.</strong></span> <span class='ocrx_word' id='word_1_405' title='bbox 2638 3306 2820 3368; x_wconf 92' lang='lat' dir='ltr'><strong>Nunc</strong></span> <span class='ocrx_word' id='word_1_406' title='bbox 2863 3305 3103 3368; x_wconf 91' lang='lat' dir='ltr'><strong>etenim</strong></span> <span class='ocrx_word' id='word_1_407' title='bbox 3152 3304 3491 3386; x_wconf 88' lang='lat' dir='ltr'><strong>probatum</strong></span> <span class='ocrx_word' id='word_1_408' title='bbox 3534 3310 3651 3378; x_wconf 89' lang='lat' dir='ltr'><strong>est,</strong></span> <span class='ocrx_word' id='word_1_409' title='bbox 3699 3304 3869 3386; x_wconf 86' lang='lat' dir='ltr'><strong>quod</strong></span> <span class='ocrx_word' id='word_1_410' title='bbox 3906 3303 3953 3364; x_wconf 90' lang='lat' dir='ltr'><strong>si</strong></span> 
     </span>
     <span class='ocr_line' id='line_1_65' title="bbox 2465 3401 3955 3486; baseline -0.003 -20"><span class='ocrx_word' id='word_1_411' title='bbox 2465 3423 2580 3486; x_wconf 90' lang='lat' dir='ltr'><strong>per</strong></span> <span class='ocrx_word' id='word_1_412' title='bbox 2610 3404 2979 3467; x_wconf 87' lang='lat' dir='ltr'><strong>rationalem</strong></span> <span class='ocrx_word' id='word_1_413' title='bbox 3011 3421 3119 3465; x_wconf 91' lang='lat' dir='ltr'><strong>seu</strong></span> <span class='ocrx_word' id='word_1_414' title='bbox 3152 3402 3644 3466; x_wconf 85' lang='lat' dir='ltr'><strong>intellectualem</strong></span> <span class='ocrx_word' id='word_1_415' title='bbox 3672 3401 3955 3485; x_wconf 81' lang='lat' dir='ltr'><strong>perfecti-</strong></span> 
     </span>
     <span class='ocr_line' id='line_1_66' title="bbox 2466 3501 3952 3584; baseline -0.003 -19"><span class='ocrx_word' id='word_1_416' title='bbox 2466 3521 2655 3566; x_wconf 88' lang='lat' dir='ltr'><strong>onem</strong></span> <span class='ocrx_word' id='word_1_417' title='bbox 2700 3509 2967 3584; x_wconf 89' lang='lat' dir='ltr'><strong>reponat</strong></span> <span class='ocrx_word' id='word_1_418' title='bbox 3001 3502 3215 3564; x_wconf 90' lang='lat' dir='ltr'><strong>anima</strong></span> <span class='ocrx_word' id='word_1_419' title='bbox 3258 3501 3583 3564; x_wconf 89' lang='lat' dir='ltr'><strong>hominem</strong></span> <span class='ocrx_word' id='word_1_420' title='bbox 3630 3501 3695 3563; x_wconf 90' lang='lat' dir='ltr'><strong>in</strong></span> <span class='ocrx_word' id='word_1_421' title='bbox 3728 3501 3952 3584; x_wconf 88' lang='lat' dir='ltr'><strong>specie,</strong></span> 
     </span>
     <span class='ocr_line' id='line_1_67' title="bbox 2469 3597 3953 3681; baseline -0.002 -19"><span class='ocrx_word' id='word_1_422' title='bbox 2469 3618 2867 3681; x_wconf 89' lang='lat' dir='ltr'><strong>consequens</strong></span> <span class='ocrx_word' id='word_1_423' title='bbox 2912 3607 3029 3673; x_wconf 90' lang='lat' dir='ltr'><strong>est,</strong></span> <span class='ocrx_word' id='word_1_424' title='bbox 3064 3607 3134 3660; x_wconf 91' lang='lat' dir='ltr'><strong>ut</strong></span> <span class='ocrx_word' id='word_1_425' title='bbox 3174 3599 3365 3661; x_wconf 89' lang='lat' dir='ltr'><strong>etiam</strong></span> <span class='ocrx_word' id='word_1_426' title='bbox 3408 3599 3766 3661; x_wconf 90' lang='lat' dir='ltr'><strong>secundum</strong></span> <span class='ocrx_word' id='word_1_427' title='bbox 3803 3597 3953 3659; x_wconf 87' lang='lat' dir='ltr'><strong>hanc</strong></span> 
     </span>
     <span class='ocr_line' id='line_1_68' title="bbox 2466 3695 3955 3779; baseline -0.003 -19"><span class='ocrx_word' id='word_1_428' title='bbox 2466 3697 2566 3761; x_wconf 91' lang='lat' dir='ltr'><strong>sui</strong></span> <span class='ocrx_word' id='word_1_429' title='bbox 2637 3698 2995 3779; x_wconf 89' lang='lat' dir='ltr'><strong>portionem</strong></span> <span class='ocrx_word' id='word_1_430' title='bbox 3052 3697 3137 3759; x_wconf 90' lang='lat' dir='ltr'><strong>sit</strong></span> <span class='ocrx_word' id='word_1_431' title='bbox 3196 3696 3448 3779; x_wconf 89' lang='lat' dir='ltr'><strong>corpori</strong></span> <span class='ocrx_word' id='word_1_432' title='bbox 3507 3695 3849 3776; x_wconf 80' lang='lat' dir='ltr'><strong>conjuncta</strong></span> <span class='ocrx_word' id='word_1_433' title='bbox 3898 3701 3955 3757; x_wconf 87' lang='lat' dir='ltr'><strong>et</strong></span> 
     </span>
     <span class='ocr_line' id='line_1_69' title="bbox 2467 3794 3954 3878; baseline -0.003 -19"><span class='ocrx_word' id='word_1_434' title='bbox 2467 3797 2747 3859; x_wconf 83' lang='lat' dir='ltr'><strong>materiae</strong></span> <span class='ocrx_word' id='word_1_435' title='bbox 2775 3796 3000 3858; x_wconf 82' lang='lat' dir='ltr'><strong>forma.</strong></span> <span class='ocrx_word' id='word_1_436' title='bbox 3027 3797 3290 3870; x_wconf 85' lang='lat' dir='ltr'><strong>Rursus,</strong></span> <span class='ocrx_word' id='word_1_437' title='bbox 3324 3794 3725 3878; x_wconf 88' lang='lat' dir='ltr'><strong>impossibile</strong></span> <span class='ocrx_word' id='word_1_438' title='bbox 3754 3802 3851 3858; x_wconf 92' lang='lat' dir='ltr'><strong>est</strong></span> <span class='ocrx_word' id='word_1_439' title='bbox 3876 3794 3954 3856; x_wconf 92' lang='lat' dir='ltr'><strong>ei-</strong></span> 
     </span>
     <span class='ocr_line' id='line_1_70' title="bbox 2464 3892 3954 3976; baseline -0.002 -20"><span class='ocrx_word' id='word_1_440' title='bbox 2464 3895 2611 3958; x_wconf 90' lang='lat' dir='ltr'><strong>dem</strong></span> <span class='ocrx_word' id='word_1_441' title='bbox 2642 3894 2837 3957; x_wconf 89' lang='lat' dir='ltr'><strong>simul</strong></span> <span class='ocrx_word' id='word_1_442' title='bbox 2866 3895 3193 3976; x_wconf 89' lang='lat' dir='ltr'><strong>oppositas</strong></span> <span class='ocrx_word' id='word_1_443' title='bbox 3223 3900 3286 3955; x_wconf 91' lang='lat' dir='ltr'><strong>et</strong></span> <span class='ocrx_word' id='word_1_444' title='bbox 3316 3893 3581 3957; x_wconf 90' lang='lat' dir='ltr'><strong>omnino</strong></span> <span class='ocrx_word' id='word_1_445' title='bbox 3622 3892 3954 3956; x_wconf 86' lang='lat' dir='ltr'><strong>contrarias</strong></span> 
     </span>
     <span class='ocr_line' id='line_1_71' title="bbox 2467 3990 3955 4075; baseline -0.002 -21"><span class='ocrx_word' id='word_1_446' title='bbox 2467 3993 2883 4075; x_wconf 86' lang='lat' dir='ltr'><strong>proprietates</strong></span> <span class='ocrx_word' id='word_1_447' title='bbox 2927 3992 3156 4055; x_wconf 89' lang='lat' dir='ltr'><strong>inesse.</strong></span> <span class='ocrx_word' id='word_1_448' title='bbox 3206 3992 3283 4054; x_wconf 89' lang='lat' dir='ltr'><strong>Et</strong></span> <span class='ocrx_word' id='word_1_449' title='bbox 3324 3992 3495 4074; x_wconf 89' lang='lat' dir='ltr'><strong>quod</strong></span> <span class='ocrx_word' id='word_1_450' title='bbox 3538 3991 3798 4054; x_wconf 84' lang='lat' dir='ltr'><strong>firmius</strong></span> <span class='ocrx_word' id='word_1_451' title='bbox 3839 3990 3955 4053; x_wconf 92' lang='lat' dir='ltr'><strong>dici</strong></span> 
     </span>
     <span class='ocr_line' id='line_1_72' title="bbox 2470 4089 3955 4174; baseline -0.003 -20"><span class='ocrx_word' id='word_1_452' title='bbox 2470 4089 3111 4174; x_wconf 89' lang='lat' dir='ltr'><strong>potest,impossibile</strong></span> <span class='ocrx_word' id='word_1_453' title='bbox 3140 4097 3237 4152; x_wconf 90' lang='lat' dir='ltr'><strong>est</strong></span> <span class='ocrx_word' id='word_1_454' title='bbox 3263 4089 3458 4151; x_wconf 90' lang='lat' dir='ltr'><strong>alicui</strong></span> <span class='ocrx_word' id='word_1_455' title='bbox 3488 4097 3728 4153; x_wconf 84' lang='lat' dir='ltr'><strong>naturae</strong></span> <span class='ocrx_word' id='word_1_456' title='bbox 3760 4089 3955 4152; x_wconf 88' lang='lat' dir='ltr'><strong>inesse</strong></span> 
     </span>
    </p>
   </div>
   <div class='ocr_carea' id='block_1_13' title="bbox 854 4183 3959 4272">
    <p class='ocr_par' dir='ltr' id='par_1_14' title="bbox 854 4183 3959 4272">
     <span class='ocr_line' id='line_1_73' title="bbox 854 4183 3959 4272; baseline -0.001 -21"><span class='ocrx_word' id='word_1_457' title='bbox 854 4186 1200 4251; x_wconf 87' lang='lat' dir='ltr'><strong>Rationalis</strong></span> <span class='ocrx_word' id='word_1_458' title='bbox 1258 4203 1409 4249; x_wconf 87' lang='lat' dir='ltr'><strong>vero</strong></span> <span class='ocrx_word' id='word_1_459' title='bbox 1468 4186 1704 4261; x_wconf 90' lang='lat' dir='ltr'><strong>anima,</strong></span> <span class='ocrx_word' id='word_1_460' title='bbox 1765 4186 2119 4248; x_wconf 88' lang='lat' dir='ltr'><strong>secundum</strong></span> <span class='ocrx_word' id='word_1_461' title='bbox 2188 4186 2355 4268; x_wconf 88' lang='lat' dir='ltr'><strong>quod</strong></span> <span class='ocrx_word' id='word_1_462' title='bbox 2387 4183 2438 4246; x_wconf 91' lang='lat' dir='ltr'>D</span> <span class='ocrx_word' id='word_1_463' title='bbox 2468 4189 2709 4272; x_wconf 87' lang='lat' dir='ltr'><strong>aliquid</strong></span> <span class='ocrx_word' id='word_1_464' title='bbox 2760 4188 3153 4263; x_wconf 88' lang='lat' dir='ltr'><strong>naturaliter,</strong></span> <span class='ocrx_word' id='word_1_465' title='bbox 3204 4188 3374 4270; x_wconf 87' lang='lat' dir='ltr'><strong>quod</strong></span> <span class='ocrx_word' id='word_1_466' title='bbox 3426 4188 3815 4251; x_wconf 89' lang='lat' dir='ltr'><strong>contrarium</strong></span> <span class='ocrx_word' id='word_1_467' title='bbox 3870 4193 3959 4250; x_wconf 90' lang='lat' dir='ltr'><strong>est</strong></span> 
     </span>
    </p>
   </div>
   <div class='ocr_carea' id='block_1_14' title="bbox 856 4283 2363 5351">
    <p class='ocr_par' dir='ltr' id='par_1_15' title="bbox 856 4283 2363 5351">
     <span class='ocr_line' id='line_1_74' title="bbox 856 4283 2357 4359; baseline -0.001 -11"><span class='ocrx_word' id='word_1_468' title='bbox 856 4285 1205 4359; x_wconf 75' lang='lat' dir='ltr'><strong>rationali8‚</strong></span> <span class='ocrx_word' id='word_1_469' title='bbox 1258 4283 1709 4348; x_wconf 87' lang='lat' dir='ltr'><strong>intellectualis</strong></span> <span class='ocrx_word' id='word_1_470' title='bbox 1756 4283 2032 4346; x_wconf 88' lang='lat' dir='ltr'><strong>essentia</strong></span> <span class='ocrx_word' id='word_1_471' title='bbox 2079 4291 2194 4347; x_wconf 91' lang='lat' dir='ltr'><strong>est.</strong></span> <span class='ocrx_word' id='word_1_472' title='bbox 2248 4285 2357 4348; x_wconf 90' lang='lat' dir='ltr'><strong>Sin</strong></span> 
     </span>
     <span class='ocr_line' id='line_1_75' title="bbox 858 4382 2360 4458; baseline -0.001 -11"><span class='ocrx_word' id='word_1_473' title='bbox 858 4393 1097 4458; x_wconf 89' lang='lat' dir='ltr'><strong>autem,</strong></span> <span class='ocrx_word' id='word_1_474' title='bbox 1149 4401 1276 4446; x_wconf 90' lang='lat' dir='ltr'><strong>non</strong></span> <span class='ocrx_word' id='word_1_475' title='bbox 1325 4384 1448 4445; x_wconf 89' lang='lat' dir='ltr'><strong>erit</strong></span> <span class='ocrx_word' id='word_1_476' title='bbox 1506 4384 1697 4446; x_wconf 86' lang='lat' dir='ltr'><strong>homo</strong></span> <span class='ocrx_word' id='word_1_477' title='bbox 1757 4382 2207 4446; x_wconf 89' lang='lat' dir='ltr'><strong>intellectualis</strong></span> <span class='ocrx_word' id='word_1_478' title='bbox 2256 4403 2360 4446; x_wconf 94' lang='lat' dir='ltr'><strong>na-</strong></span> 
     </span>
     <span class='ocr_line' id='line_1_76' title="bbox 859 4480 2361 4563; baseline -0.002 -17"><span class='ocrx_word' id='word_1_479' title='bbox 859 4492 1019 4547; x_wconf 79' lang='lat' dir='ltr'><strong>turae</strong></span> <span class='ocrx_word' id='word_1_480' title='bbox 1060 4502 1097 4544; x_wconf 95' lang='lat' dir='ltr'><strong>a</strong></span> <span class='ocrx_word' id='word_1_481' title='bbox 1139 4481 1390 4545; x_wconf 88' lang='lat' dir='ltr'><strong>formali</strong></span> <span class='ocrx_word' id='word_1_482' title='bbox 1437 4480 1775 4563; x_wconf 91' lang='lat' dir='ltr'><strong>principio.</strong></span> <span class='ocrx_word' id='word_1_483' title='bbox 1808 4481 2212 4562; x_wconf 89' lang='lat' dir='ltr'><strong>Impossibile</strong></span> <span class='ocrx_word' id='word_1_484' title='bbox 2250 4482 2361 4544; x_wconf 89' lang='lat' dir='ltr'><strong>ita-</strong></span> 
     </span>
     <span class='ocr_line' id='line_1_77' title="bbox 861 4578 2357 4666; baseline -0.001 -21"><span class='ocrx_word' id='word_1_485' title='bbox 861 4601 986 4666; x_wconf 89' lang='lat' dir='ltr'><strong>que</strong></span> <span class='ocrx_word' id='word_1_486' title='bbox 1029 4581 1282 4644; x_wconf 87' lang='lat' dir='ltr'><strong>videtur</strong></span> <span class='ocrx_word' id='word_1_487' title='bbox 1309 4597 1444 4661; x_wconf 90' lang='lat' dir='ltr'><strong>-per</strong></span> <span class='ocrx_word' id='word_1_488' title='bbox 1484 4578 1864 4641; x_wconf 90' lang='lat' dir='ltr'><strong>rationalem·</strong></span> <span class='ocrx_word' id='word_1_489' title='bbox 1899 4579 2357 4660; x_wconf 82' lang='lat' dir='ltr'><strong>perfectionem</strong></span> 
     </span>
     <span class='ocr_line' id='line_1_78' title="bbox 861 4677 2359 4765; baseline -0.001 -21"><span class='ocrx_word' id='word_1_490' title='bbox 861 4681 1014 4765; x_wconf 90' lang='lat' dir='ltr'><strong>poni</strong></span> <span class='ocrx_word' id='word_1_491' title='bbox 1072 4679 1400 4743; x_wconf 89' lang='lat' dir='ltr'><strong>hominem</strong></span> <span class='ocrx_word' id='word_1_492' title='bbox 1462 4677 1527 4739; x_wconf 91' lang='lat' dir='ltr'><strong>in</strong></span> <span class='ocrx_word' id='word_1_493' title='bbox 1585 4677 1818 4760; x_wconf 89' lang='lat' dir='ltr'><strong>specie.</strong></span> <span class='ocrx_word' id='word_1_494' title='bbox 1875 4677 1950 4740; x_wconf 89' lang='lat' dir='ltr'><strong>Et</strong></span> <span class='ocrx_word' id='word_1_495' title='bbox 2005 4678 2141 4741; x_wconf 82' lang='lat' dir='ltr'><strong>baec</strong></span> <span class='ocrx_word' id='word_1_496' title='bbox 2200 4680 2359 4744; x_wconf 90' lang='lat' dir='ltr'><strong>ratio</strong></span> 
     </span>
     <span class='ocr_line' id='line_1_79' title="bbox 863 4776 2357 4860; baseline -0.001 -17"><span class='ocrx_word' id='word_1_497' title='bbox 863 4779 1071 4860; x_wconf 82' lang='lat' dir='ltr'><strong>coegit</strong></span> <span class='ocrx_word' id='word_1_498' title='bbox 1125 4777 1556 4841; x_wconf 84' lang='lat' dir='ltr'><strong>Alexandrum</strong></span> <span class='ocrx_word' id='word_1_499' title='bbox 1616 4783 1686 4836; x_wconf 92' lang='lat' dir='ltr'><strong>ut</strong></span> <span class='ocrx_word' id='word_1_500' title='bbox 1743 4776 1983 4839; x_wconf 90' lang='lat' dir='ltr'><strong>diceret</strong></span> <span class='ocrx_word' id='word_1_501' title='bbox 2047 4777 2357 4842; x_wconf 89' lang='lat' dir='ltr'><strong>rationem</strong></span> 
     </span>
     <span class='ocr_line' id='line_1_80' title="bbox 860 4873 2363 4955; baseline -0.002 -13"><span class='ocrx_word' id='word_1_502' title='bbox 860 4897 1001 4942; x_wconf 89' lang='lat' dir='ltr'><strong>esse</strong></span> <span class='ocrx_word' id='word_1_503' title='bbox 1047 4878 1352 4939; x_wconf 91' lang='lat' dir='ltr'><strong>virtutem</strong></span> <span class='ocrx_word' id='word_1_504' title='bbox 1405 4873 1794 4938; x_wconf 89' lang='lat' dir='ltr'><strong>materialem</strong></span> <span class='ocrx_word' id='word_1_505' title='bbox 1847 4875 2003 4955; x_wconf 91' lang='lat' dir='ltr'><strong>(non</strong></span> <span class='ocrx_word' id='word_1_506' title='bbox 2050 4875 2225 4938; x_wconf 91' lang='lat' dir='ltr'><strong>enim</strong></span> <span class='ocrx_word' id='word_1_507' title='bbox 2272 4879 2363 4940; x_wconf 91' lang='lat' dir='ltr'><strong>vi-</strong></span> 
     </span>
     <span class='ocr_line' id='line_1_81' title="bbox 861 4973 2363 5056; baseline -0.002 -16"><span class='ocrx_word' id='word_1_508' title='bbox 861 4978 1012 5040; x_wconf 89' lang='lat' dir='ltr'><strong>dere</strong></span> <span class='ocrx_word' id='word_1_509' title='bbox 1057 4975 1285 5056; x_wconf 90' lang='lat' dir='ltr'><strong>potuit,</strong></span> <span class='ocrx_word' id='word_1_510' title='bbox 1330 4973 1650 5055; x_wconf 89' lang='lat' dir='ltr'><strong>quomodo</strong></span> <span class='ocrx_word' id='word_1_511' title='bbox 1692 4973 1877 5035; x_wconf 89' lang='lat' dir='ltr'><strong>aliter</strong></span> <span class='ocrx_word' id='word_1_512' title='bbox 1922 4983 2189 5054; x_wconf 89' lang='lat' dir='ltr'><strong>poneret</strong></span> <span class='ocrx_word' id='word_1_513' title='bbox 2237 4994 2363 5037; x_wconf 92' lang='lat' dir='ltr'><strong>ma-</strong></span> 
     </span>
     <span class='ocr_line' id='line_1_82' title="bbox 859 5071 2359 5153; baseline -0.001 -15"><span class='ocrx_word' id='word_1_514' title='bbox 859 5075 1090 5138; x_wconf 90' lang='lat' dir='ltr'><strong>teriam</strong></span> <span class='ocrx_word' id='word_1_515' title='bbox 1133 5073 1200 5134; x_wconf 93' lang='lat' dir='ltr'><strong>in</strong></span> <span class='ocrx_word' id='word_1_516' title='bbox 1243 5078 1416 5134; x_wconf 89' lang='lat' dir='ltr'><strong>certa</strong></span> <span class='ocrx_word' id='word_1_517' title='bbox 1445 5071 1727 5153; x_wconf 90' lang='lat' dir='ltr'><strong>specie);</strong></span> <span class='ocrx_word' id='word_1_518' title='bbox 1769 5071 2112 5135; x_wconf 88' lang='lat' dir='ltr'><strong>Averroem</strong></span> <span class='ocrx_word' id='word_1_519' title='bbox 2143 5081 2359 5136; x_wconf 88' lang='lat' dir='ltr'><strong>autem</strong></span> 
     </span>
     <span class='ocr_line' id='line_1_83' title="bbox 861 5169 2359 5252; baseline -0.001 -16"><span class='ocrx_word' id='word_1_520' title='bbox 861 5181 927 5236; x_wconf 89' lang='lat' dir='ltr'><strong>et</strong></span> <span class='ocrx_word' id='word_1_521' title='bbox 978 5172 1330 5252; x_wconf 86' lang='lat' dir='ltr'><strong>Avempote</strong></span> <span class='ocrx_word' id='word_1_522' title='bbox 1386 5176 1450 5231; x_wconf 90' lang='lat' dir='ltr'><strong>et</strong></span> <span class='ocrx_word' id='word_1_523' title='bbox 1493 5169 1883 5242; x_wconf 84' lang='lat' dir='ltr'><strong>Abubather,</strong></span> <span class='ocrx_word' id='word_1_524' title='bbox 1933 5170 2046 5252; x_wconf 87' lang='lat' dir='ltr'><strong>qui</strong></span> <span class='ocrx_word' id='word_1_525' title='bbox 2103 5186 2359 5235; x_wconf 90' lang='lat' dir='ltr'><strong>conces-</strong></span> 
     </span>
     <span class='ocr_line' id='line_1_84' title="bbox 861 5267 2356 5351; baseline -0.003 -15"><span class='ocrx_word' id='word_1_526' title='bbox 861 5277 1085 5336; x_wconf 87' lang='lat' dir='ltr'><strong>serunt</strong></span> <span class='ocrx_word' id='word_1_527' title='bbox 1111 5267 1484 5331; x_wconf 86' lang='lat' dir='ltr'><strong>rationalem</strong></span> <span class='ocrx_word' id='word_1_528' title='bbox 1513 5267 1970 5350; x_wconf 88' lang='lat' dir='ltr'><strong>perfectionem</strong></span> <span class='ocrx_word' id='word_1_529' title='bbox 2001 5275 2356 5351; x_wconf 85' lang='lat' dir='ltr'><strong>separatam</strong></span> 
     </span>
    </p>
   </div>
   <div class='ocr_carea' id='block_1_15' title="bbox 2467 4285 3960 5353">
    <p class='ocr_par' dir='ltr' id='par_1_16' title="bbox 2470 4285 3956 4648">
     <span class='ocr_line' id='line_1_85' title="bbox 2470 4285 3956 4369; baseline -0.003 -19"><span class='ocrx_word' id='word_1_530' title='bbox 2470 4286 2872 4350; x_wconf 89' lang='lat' dir='ltr'><strong>substantiali</strong></span> <span class='ocrx_word' id='word_1_531' title='bbox 2931 4305 3061 4350; x_wconf 78' lang='lat' dir='ltr'><strong>suae</strong></span> <span class='ocrx_word' id='word_1_532' title='bbox 3119 4285 3497 4369; x_wconf 85' lang='lat' dir='ltr'><strong>perfectioni</strong></span> <span class='ocrx_word' id='word_1_533' title='bbox 3554 4294 3616 4350; x_wconf 90' lang='lat' dir='ltr'><strong>et</strong></span> <span class='ocrx_word' id='word_1_534' title='bbox 3662 4285 3956 4349; x_wconf 84' lang='lat' dir='ltr'><strong>differen-</strong></span> 
     </span>
     <span class='ocr_line' id='line_1_86' title="bbox 2470 4383 3953 4468; baseline -0.002 -20"><span class='ocrx_word' id='word_1_535' title='bbox 2470 4389 2572 4450; x_wconf 78' lang='lat' dir='ltr'><strong>tiae</strong></span> <span class='ocrx_word' id='word_1_536' title='bbox 2611 4404 2753 4468; x_wconf 85' lang='lat' dir='ltr'><strong>quae</strong></span> <span class='ocrx_word' id='word_1_537' title='bbox 2797 4385 3006 4467; x_wconf 92' lang='lat' dir='ltr'><strong>prime</strong></span> <span class='ocrx_word' id='word_1_538' title='bbox 3048 4384 3127 4447; x_wconf 89' lang='lat' dir='ltr'><strong>ab</strong></span> <span class='ocrx_word' id='word_1_539' title='bbox 3172 4403 3248 4448; x_wconf 89' lang='lat' dir='ltr'><strong>ea</strong></span> <span class='ocrx_word' id='word_1_540' title='bbox 3286 4383 3437 4446; x_wconf 78' lang='lat' dir='ltr'><strong>fluit</strong></span> <span class='ocrx_word' id='word_1_541' title='bbox 3477 4403 3491 4445; x_wconf 76' lang='grc' dir='ltr'><strong><em>ε</em></strong></span> <span class='ocrx_word' id='word_1_542' title='bbox 3532 4386 3641 4447; x_wconf 89' lang='lat' dir='ltr'><strong>sed</strong></span> <span class='ocrx_word' id='word_1_543' title='bbox 3686 4392 3855 4447; x_wconf 87' lang='lat' dir='ltr'><strong>stare</strong></span> <span class='ocrx_word' id='word_1_544' title='bbox 3893 4383 3953 4445; x_wconf 89' lang='lat' dir='ltr'><strong>in</strong></span> 
     </span>
     <span class='ocr_line' id='line_1_87' title="bbox 2470 4482 3955 4565; baseline -0.003 -17"><span class='ocrx_word' id='word_1_545' title='bbox 2470 4504 2537 4548; x_wconf 91' lang='lat' dir='ltr'><strong>se</strong></span> <span class='ocrx_word' id='word_1_546' title='bbox 2582 4491 2643 4546; x_wconf 90' lang='lat' dir='ltr'><strong>et</strong></span> <span class='ocrx_word' id='word_1_547' title='bbox 2689 4484 3077 4565; x_wconf 89' lang='lat' dir='ltr'><strong>impressum</strong></span> <span class='ocrx_word' id='word_1_548' title='bbox 3116 4501 3256 4546; x_wconf 89' lang='lat' dir='ltr'><strong>esse</strong></span> <span class='ocrx_word' id='word_1_549' title='bbox 3295 4482 3568 4565; x_wconf 89' lang='lat' dir='ltr'><strong>corpori,</strong></span> <span class='ocrx_word' id='word_1_550' title='bbox 3600 4491 3751 4546; x_wconf 90' lang='lat' dir='ltr'><strong>sunt</strong></span> <span class='ocrx_word' id='word_1_551' title='bbox 3794 4499 3955 4546; x_wconf 87' lang='lat' dir='ltr'><strong>mere</strong></span> 
     </span>
     <span class='ocr_line' id='line_1_88' title="bbox 2472 4582 2804 4648; baseline -0.006 -2"><span class='ocrx_word' id='word_1_552' title='bbox 2472 4582 2804 4648; x_wconf 86' lang='lat' dir='ltr'><strong>contraria.</strong></span> 
     </span>
    </p>

    <p class='ocr_par' dir='ltr' id='par_1_17' title="bbox 2467 4677 3960 5353">
     <span class='ocr_line' id='line_1_89' title="bbox 2551 4677 3958 4762; baseline -0.002 -18"><span class='ocrx_word' id='word_1_553' title='bbox 2551 4681 2791 4754; x_wconf 91' lang='lat' dir='ltr'><strong>Denu0,</strong></span> <span class='ocrx_word' id='word_1_554' title='bbox 2842 4677 3073 4742; x_wconf 71' lang='lat' dir='ltr'><strong>animae</strong></span> <span class='ocrx_word' id='word_1_555' title='bbox 3129 4677 3423 4742; x_wconf 86' lang='lat' dir='ltr'><strong>humanae</strong></span> <span class='ocrx_word' id='word_1_556' title='bbox 3470 4679 3778 4762; x_wconf 90' lang='lat' dir='ltr'><strong>competit</strong></span> <span class='ocrx_word' id='word_1_557' title='bbox 3822 4677 3958 4741; x_wconf 84' lang='lat' dir='ltr'><strong>suh-</strong></span> 
     </span>
     <span class='ocr_line' id='line_1_90' title="bbox 2472 4777 3959 4860; baseline -0.001 -18"><span class='ocrx_word' id='word_1_558' title='bbox 2472 4778 2852 4842; x_wconf 89' lang='lat' dir='ltr'><strong>stantialiter</strong></span> <span class='ocrx_word' id='word_1_559' title='bbox 2880 4785 2945 4839; x_wconf 89' lang='lat' dir='ltr'><strong>et</strong></span> <span class='ocrx_word' id='word_1_560' title='bbox 2974 4796 3089 4860; x_wconf 87' lang='lat' dir='ltr'><strong>per</strong></span> <span class='ocrx_word' id='word_1_561' title='bbox 3122 4795 3211 4853; x_wconf 91' lang='lat' dir='ltr'><strong>se,</strong></span> <span class='ocrx_word' id='word_1_562' title='bbox 3240 4795 3379 4840; x_wconf 90' lang='lat' dir='ltr'><strong>esse</strong></span> <span class='ocrx_word' id='word_1_563' title='bbox 3408 4777 3781 4841; x_wconf 88' lang='lat' dir='ltr'><strong>rationalem</strong></span> <span class='ocrx_word' id='word_1_564' title='bbox 3802 4796 3817 4840; x_wconf 89' lang='lat'>:</span> <span class='ocrx_word' id='word_1_565' title='bbox 3837 4779 3959 4840; x_wconf 86' lang='lat' dir='ltr'><strong>imo</strong></span> 
     </span>
     <span class='ocr_line' id='line_1_91' title="bbox 2471 4876 3960 4958; baseline -0.002 -17"><span class='ocrx_word' id='word_1_566' title='bbox 2471 4879 2631 4942; x_wconf 90' lang='lat' dir='ltr'><strong>ratio</strong></span> <span class='ocrx_word' id='word_1_567' title='bbox 2662 4878 2968 4941; x_wconf 87' lang='lat' dir='ltr'><strong>fundatur</strong></span> <span class='ocrx_word' id='word_1_568' title='bbox 3000 4877 3062 4939; x_wconf 86' lang='lat' dir='ltr'><strong>in</strong></span> <span class='ocrx_word' id='word_1_569' title='bbox 3095 4876 3235 4958; x_wconf 90' lang='lat' dir='ltr'><strong>ipsa</strong></span> <span class='ocrx_word' id='word_1_570' title='bbox 3264 4876 3542 4939; x_wconf 88' lang='lat' dir='ltr'><strong>essentia</strong></span> <span class='ocrx_word' id='word_1_571' title='bbox 3578 4877 3807 4940; x_wconf 86' lang='lat' dir='ltr'><strong>animae</strong></span> <span class='ocrx_word' id='word_1_572' title='bbox 3834 4885 3960 4940; x_wconf 87' lang='lat' dir='ltr'><strong>tan·</strong></span> 
     </span>
     <span class='ocr_line' id='line_1_92' title="bbox 2470 4974 3959 5060; baseline -0.002 -21"><span class='ocrx_word' id='word_1_573' title='bbox 2470 4995 2665 5060; x_wconf 85' lang='lat' dir='ltr'><strong>quam</strong></span> <span class='ocrx_word' id='word_1_574' title='bbox 2696 4976 2762 5038; x_wconf 92' lang='lat' dir='ltr'><strong>in</strong></span> <span class='ocrx_word' id='word_1_575' title='bbox 2793 4974 3103 5055; x_wconf 86' lang='lat' dir='ltr'><strong>subjecto.</strong></span> <span class='ocrx_word' id='word_1_576' title='bbox 3139 4974 3375 5038; x_wconf 79' lang='lat' dir='ltr'><strong>Ceterae</strong></span> <span class='ocrx_word' id='word_1_577' title='bbox 3412 4991 3567 5038; x_wconf 90' lang='lat' dir='ltr'><strong>vero</strong></span> <span class='ocrx_word' id='word_1_578' title='bbox 3603 4974 3825 5039; x_wconf 82' lang='lat' dir='ltr'><strong>formae</strong></span> <span class='ocrx_word' id='word_1_579' title='bbox 3862 4994 3959 5037; x_wconf 88' lang='lat' dir='ltr'><strong>na-</strong></span> 
     </span>
     <span class='ocr_line' id='line_1_93' title="bbox 2468 5072 3957 5154; baseline -0.002 -16"><span class='ocrx_word' id='word_1_580' title='bbox 2468 5075 2705 5138; x_wconf 86' lang='lat' dir='ltr'><strong>turales</strong></span> <span class='ocrx_word' id='word_1_581' title='bbox 2734 5074 2978 5136; x_wconf 89' lang='lat' dir='ltr'><strong>nullam</strong></span> <span class='ocrx_word' id='word_1_582' title='bbox 3009 5072 3246 5135; x_wconf 91' lang='lat' dir='ltr'><strong>habent</strong></span> <span class='ocrx_word' id='word_1_583' title='bbox 3275 5072 3623 5154; x_wconf 86' lang='lat' dir='ltr'><strong>potentiam</strong></span> <span class='ocrx_word' id='word_1_584' title='bbox 3662 5073 3787 5136; x_wconf 91' lang='lat' dir='ltr'><strong>nisi</strong></span> <span class='ocrx_word' id='word_1_585' title='bbox 3818 5091 3957 5136; x_wconf 91' lang='lat' dir='ltr'><strong>con·</strong></span> 
     </span>
     <span class='ocr_line' id='line_1_94' title="bbox 2467 5171 3959 5254; baseline -0.002 -20"><span class='ocrx_word' id='word_1_586' title='bbox 2467 5174 2755 5254; x_wconf 86' lang='lat' dir='ltr'><strong>junctam</strong></span> <span class='ocrx_word' id='word_1_587' title='bbox 2812 5179 2875 5235; x_wconf 91' lang='lat' dir='ltr'><strong>et</strong></span> <span class='ocrx_word' id='word_1_588' title='bbox 2940 5171 3358 5234; x_wconf 89' lang='lat' dir='ltr'><strong>materialem.</strong></span> <span class='ocrx_word' id='word_1_589' title='bbox 3422 5171 3597 5234; x_wconf 87' lang='lat' dir='ltr'><strong>Unde</strong></span> <span class='ocrx_word' id='word_1_590' title='bbox 3662 5171 3959 5236; x_wconf 88' lang='lat' dir='ltr'><strong>elucescit</strong></span> 
     </span>
     <span class='ocr_line' id='line_1_95' title="bbox 2468 5269 3953 5353; baseline 0 -20"><span class='ocrx_word' id='word_1_591' title='bbox 2468 5271 2773 5334; x_wconf 84' lang='lat' dir='ltr'><strong>rationale</strong></span> <span class='ocrx_word' id='word_1_592' title='bbox 2830 5278 3192 5353; x_wconf 88' lang='lat' dir='ltr'><strong>competere</strong></span> <span class='ocrx_word' id='word_1_593' title='bbox 3257 5269 3509 5344; x_wconf 83' lang='lat' dir='ltr'><strong>animae,</strong></span> <span class='ocrx_word' id='word_1_594' title='bbox 3567 5287 3697 5334; x_wconf 88' lang='lat' dir='ltr'><strong>non</strong></span> <span class='ocrx_word' id='word_1_595' title='bbox 3753 5271 3953 5334; x_wconf 86' lang='lat' dir='ltr'><strong>solum</strong></span> 
     </span>
    </p>
   </div>
   <div class='ocr_carea' id='block_1_16' title="bbox 4221 125 4234 1550">
    <p class='ocr_par' dir='ltr' id='par_1_18' title="bbox 4221 125 4234 1550">
     <span class='ocr_line' id='line_1_96' title="bbox 4221 125 4234 1550; baseline 0 0"><span class='ocrx_word' id='word_1_596' title='bbox 4221 125 4234 1550; x_wconf 95' lang='lat' dir='ltr'><strong> </strong></span> 
     </span>
    </p>
   </div>
   <div class='ocr_carea' id='block_1_17' title="bbox 4224 1711 4230 2512">
    <p class='ocr_par' dir='ltr' id='par_1_19' title="bbox 4224 1711 4230 2512">
     <span class='ocr_line' id='line_1_97' title="bbox 4224 1711 4230 2512; baseline 0 0"><span class='ocrx_word' id='word_1_597' title='bbox 4224 1711 4230 2512; x_wconf 95' lang='lat' dir='ltr'><strong> </strong></span> 
     </span>
    </p>
   </div>
   <div class='ocr_carea' id='block_1_18' title="bbox 4222 1711 4232 2966">
    <p class='ocr_par' dir='ltr' id='par_1_20' title="bbox 4222 1711 4232 2966">
     <span class='ocr_line' id='line_1_98' title="bbox 4222 1711 4232 2966; baseline 0 0"><span class='ocrx_word' id='word_1_598' title='bbox 4222 1711 4232 2966; x_wconf 95' lang='lat' dir='ltr'><strong> </strong></span> 
     </span>
    </p>
   </div>
   <div class='ocr_carea' id='block_1_19' title="bbox 4218 3101 4237 6174">
    <p class='ocr_par' dir='ltr' id='par_1_21' title="bbox 4218 3101 4237 6174">
     <span class='ocr_line' id='line_1_99' title="bbox 4218 3101 4237 6174; baseline 0 0"><span class='ocrx_word' id='word_1_599' title='bbox 4218 3101 4237 6174; x_wconf 95' lang='lat' dir='ltr'><strong> </strong></span> 
     </span>
    </p>
   </div>
  </div>
 </body>
</html>
