4300 6259
912 451 990 515 18
2058 470 2347 517 aristot».
2396 468 2863 517 Numcurxromx

909 646 1311 710 cumulando
1361 645 1671 730 peccatis,
1717 648 1783 711 et
1831 646 1901 711 in
1951 645 2184 711 eodem
2231 662 2492 727 semper
2538 645 2677 708 luto
2733 643 3064 723 haerendo,
3107 643 3437 709 Dominus
3476 643 3725 726 justus,
3772 646 3851 707 ut
3895 661 4015 726 per

905 752 1310 833 Prophetam
1349 771 1548 818 suum
1579 753 2042 833 comminatur,
2067 754 2136 817 in
2174 752 2359 835 virga
2385 752 2652 816 tandem
2683 752 2927 815 furoris
2956 751 3060 815 sui
3101 768 3224 815 nos
3260 751 3531 815 visitare
3568 768 3644 815 ac
3689 750 4015 815 reforma-

905 876 978 922 re
1034 862 1344 941 cogatur,·
1386 863 1582 943 atque
1647 861 1948 925 tartareis
2003 860 2305 925 addicere
2358 858 2649 923 flammis
2703 858 3109 923 cruciandos.
3158 859 3451 941 Tempus
3506 859 3685 923 enim
3739 858 4013 935 instare,

904 966 1042 1029 imo
1102 966 1245 1046 jam
1305 969 1533 1031 adesse
1597 968 1881 1047 videtur,
1932 984 2065 1048 quo
2118 966 2449 1046 judicium
2505 984 2544 1030 a
2599 965 2798 1029 domo
2854 965 2977 1029 Dei
3032 964 3325 1047 incipiat.
3379 965 3541 1039 Quae
3597 966 3821 1029 tamen
3876 966 4015 1027 tam

904 1073 1230 1138 horrenda
1267 1075 1443 1138 mala
1478 1074 1794 1138 facillime
1831 1072 2171 1138 Celsitudo
2218 1073 2362 1137 Tua
2397 1074 2609 1154 possit
2656 1074 2970 1153 avertere,
3012 1073 3092 1153 si,
3135 1072 3313 1153 quod
3349 1090 3695 1153 speramus
3736 1074 3803 1135 et
3839 1072 4017 1135 votis

904 1181 1214 1245 omnibus
1285 1182 1722 1262 suspiramuS,
1784 1180 2325 1245 reformationem
2396 1180 2693 1243 omnium
2762 1180 3054 1243 statuum
3132 1178 3405 1242 ditionis
3480 1196 3642 1259 suae,
3714 1196 3849 1243 non
3923 1179 4017 1241 ita

901 1286 1158 1367 pridem
1216 1306 1254 1351 a
1309 1288 1394 1351 D.
1450 1287 1758 1370 Adolpho
1817 1288 2313 1369 archiepiscopo
2384 1287 2725 1351 decessore
2789 1304 2910 1350 suo
2964 1303 3305 1367 nunquam
3361 1286 3581 1367 dignis
3636 1286 4013 1350 extollendo

900 1392 1232 1475 laudibus,
1273 1394 1344 1457 in
1382 1394 1783 1457 Provinciali
1822 1393 2090 1475 Synodo
2137 1393 2449 1476 praeclare
2488 1394 2894 1471 meditatam,
2934 1393 3094 1457 velit
3130 1393 3445 1457 innovare
3494 1394 3559 1457 et
3604 1392 4016 1457 exsecutioni

901 1502 1234 1582 mandare,
1270 1519 1354 1565 ne
1391 1519 1524 1583 qua
1566 1502 1844 1582 posthac
1884 1502 2078 1565 detur
2123 1501 2380 1565 occasio
2420 1499 2731 1563 Ecclesiae
2776 1499 3079 1563 hostibus
3118 1516 3361 1564 nomen
3398 1499 3671 1564 Domini
3707 1499 4018 1581 blasphe-

899 1607 1148 1689 mandi,
1201 1610 1268 1672 et
1322 1608 1605 1673 Ordines
1656 1608 2139 1672 ecclesiasticos
2198 1608 2339 1671 suis
2394 1606 2529 1670 illis
2591 1606 2948 1671 teterrimis
3008 1606 3315 1670 convitiis
3374 1606 3863 1688 proscindendi,
3932 1606 4017 1669 ob

899 1731 1210 1778 excessus
1246 1733 1322 1779 ac
1359 1715 1608 1779 abusus
1645 1732 1816 1796 quos
1853 1715 2049 1796 culpa
2085 1714 2526 1797 quorumdam
2575 1713 2826 1795 passim
2873 1730 3205 1795 emergere
3251 1715 3545 1793 cernunt,
3592 1713 3769 1777 unde
3813 1714 4013 1777 etiam

895 1821 1312 1887 tenebriones
1358 1822 1458 1885 illi
1508 1823 1578 1885 in
1628 1839 1752 1886 suo
1803 1822 2134 1904 pertinaci.
2176 1821 2649 1885 confirmantur
2696 1820 3059 1903 proposito.
3113 1819 3437 1885 Correctis
3486 1822 3709 1885 autem
3760 1820 3897 1884 illis
3950 1823 4017 1885 et

895 1944 931 1991 e
981 1928 1201 1992 medio
1246 1929 1549 2010 sublatiS,
1591 1928 1724 1992 dici
1766 1929 1999 2010 nequit
2050 1930 2299 2009 quanta
2342 1926 2563 1991 futura
2613 1927 2994 2009 propediem
3034 1927 3123 1989 sit
3157 1945 3288 2009 pax
3338 1928 3403 1990 et
3447 1927 3799 1991 concordia
3844 1928 4017 1991 inter

895 2051 1149 2099 omnes.
1202 2037 1280 2099 In
1331 2053 1532 2117 quam
1593 2053 1750 2100 sane
1806 2052 2034 2099 curam
2091 2039 2156 2098 et
2204 2034 2697 2115 cogitationem,
2747 2052 2896 2116 quae
2948 2034 3078 2115 ipsi
3130 2052 3461 2099 summam
3509 2036 3899 2116 dignitatem
3950 2038 4017 2099 et

894 2141 1174 2223 gloriam
1223 2160 1356 2206 non
1411 2143 1654 2225 poterit
1711 2159 1845 2206 non
1901 2143 2155 2221 afferre,
2206 2159 2339 2205 non
2395 2140 2777 2205 dubitamus
2826 2140 3299 2206 celsitudinem
3364 2142 3575 2205 Tuam
3641 2141 3818 2205 ultro
3885 2141 4013 2223 (uti

897 2248 1094 2311 officii
1152 2250 1445 2331 suscepti
1493 2251 1659 2313 ratio
1713 2266 1788 2313 ac
1853 2249 2206 2330 pastoralis
2263 2248 2639 2313 sollicitudo
2700 2246 3091 2330 deposcunt)
3152 2248 3620 2323 incubituram,
3670 2265 3805 2331 quo
3877 2265 4012 2313 non

897 2356 1116 2420 solum
1155 2356 1313 2419 mali
1353 2356 1530 2420 servi
1568 2356 1891 2420 talentum
1928 2373 2126 2419 suum
2168 2354 2563 2437 negligentis
2601 2372 2827 2436 poenas
2860 2354 3336 2435 subterfugere,
3380 2355 3496 2420 sed
3535 2358 3601 2420 et
3645 2357 4011 2420 maximam

898 2463 1073 2544 apud
1129 2463 1348 2527 Deum
1403 2464 1684 2546 gratiam
1743 2465 1810 2527 et
1861 2460 2070 2527 vitam
2131 2462 2575 2526 immortalem
2623 2462 2752 2526 sibi
2804 2464 3017 2543 possit
3069 2463 3440 2544 conciliare,
3490 2464 3872 2546 multosque
3928 2465 4012 2528 ad

899 2571 1231 2635 saniorem
1303 2571 1613 2635 reducere
1677 2572 1995 2650 mentem,
2061 2570 2205 2633 suis
2276 2569 2489 2634 oculis
2553 2569 3111 2652 contemplaturos
3182 2569 3351 2635 Cleri
3428 2572 3566 2635 tam
3630 2572 4007 2653 honestam,

899 2676 1248 2759 integram,
1290 2676 1696 2759 inculpatam
1744 2678 2011 2742 vivendi
2057 2679 2405 2742 rationem.

1034 2785 1252 2867 Atque
1297 2787 1372 2849 ut
1423 2784 1578 2849 huic
1624 2784 2062 2849 saluberrimo
2110 2785 2378 2866 negotio
2429 2786 2630 2850 etiam
2678 2802 2803 2850 nos
2848 2786 3153 2850 nonnihil
3190 2804 3309 2869 pro
3348 2786 3593 2852 virium
3629 2790 4010 2853 nostrarum

897 2892 1082 2955 tenui
1133 2892 1436 2974 portione
1491 2891 1958 2971 inserviamus,
2021 2910 2097 2956 ac
2154 2891 2582 2956 Celsitudinis
2625 2893 2785 2957 Tuae
2832 2893 3130 2957 studium
3186 2896 3421 2975 suapte
3466 2897 3702 2977 sponte
3756 2896 4010 2979 alioqui

895 2999 1233 3081 impendio
1282 2999 1564 3080 fervenS,
1607 2998 1822 3080 magis
1859 2999 2205 3080 magisque
2248 3016 2587 3079 acuamuS,
2628 2999 3063 3064 selectissima
3102 3001 3406 3082 quaedam
3442 3002 3752 3083 Dionysii
3796 3004 4012 3067 nostri

894 3103 1266 3169 Cartusiani
1323 3104 1665 3186 opuscula,
1725 3105 1810 3167 ad
1874 3105 2177 3168 omnium
2232 3103 2546 3169 Ecclesiae
2598 3105 2921 3170 ordinum
2980 3106 3514 3171 reformationem
3571 3125 3706 3172 non
3771 3126 4009 3192 parum

894 3211 1229 3275 commodi
1265 3212 1567 3291 allatura,
1591 3212 1659 3274 in
1699 3228 1868 3293 opus
1896 3229 2106 3276 unum
2139 3212 2620 3293 compegimuS,
2652 3215 2849 3293 atque
2876 3213 3035 3277 Tuae
3067 3213 3459 3277 celsitudini
3486 3216 4011 3297 promptissimis

893 3322 1092 3400 atque
1142 3318 1616 3382 addictissimis
1657 3318 1900 3381 animis
1950 3318 2327 3381 dedicatum
2372 3336 2516 3383 esse
2553 3319 2913 3383 voluimus,
2960 3320 3187 3385 Solent
3227 3321 3341 3383 alii
3382 3321 3797 3403 principibus
3846 3324 4011 3387 viris

894 3426 1286 3506 gratulaturi
1342 3425 1566 3507 aliqua
1631 3426 1865 3489 offerre
1923 3443 2199 3489 munera
2244 3445 2259 3487 ε
2304 3442 2427 3489 nos
2480 3425 2638 3489 Tuae
2695 3425 3087 3489 Celsitudini
3125 3427 3293 3491 hanc
3340 3445 3473 3508 qua
3522 3429 3589 3492 te
3627 3429 3810 3494 Deus
3855 3431 4015 3494 affe-

891 3534 983 3597 cit
1023 3533 1411 3614 dignitatem
1453 3533 1769 3615 gratulari
1820 3552 1901 3596 ex
1947 3533 2170 3597 animo
2210 3533 2571 3615 cupientes,
2619 3550 2863 3597 munus
2910 3534 3036 3597 hoc
3073 3534 3467 3598 litterarium
3516 3552 4007 3619 nuncupamuS,

888 3641 1085 3723 plane
1125 3639 1423 3722 persuasi
1460 3640 1674 3704 Tuam
1704 3640 2181 3704 Celsitudinem
2220 3640 2427 3703 animi
2464 3641 2687 3721 potius
2724 3640 2931 3704 nostri
2971 3641 3320 3705 candorem
3350 3657 3425 3705 ac
3454 3642 3777 3725 studium,
3804 3662 4009 3726 quam

887 3747 1268 3813 munusculi
1309 3748 1598 3829 pretium
1648 3747 2184 3829 ponderaturam.
2228 3747 2396 3811 'Poto
2437 3747 2563 3810 hoc
2610 3764 2805 3829 opere
2853 3747 3101 3812 videbit
3136 3748 3279 3811 Tua
3314 3748 3650 3814 Celsitudo
3700 3753 4007 3817 nostrum

889 3854 1288 3935 Dionysium
1340 3855 1467 3918 hoc
1517 3871 1710 3937 agere
1762 3855 2078 3933 voluisse,
2136 3856 2214 3918 ut
2268 3855 2548 3919 Ordines
2603 3871 2831 3918 omnes
2886 3855 2951 3918 et
2998 3854 3311 3919 Ecclesiae
3370 3855 3710 3921 catholicae
3762 3860 4001 3941 status,

887 3964 1212 4044 quantum
1259 3962 1327 4026 in
1375 3962 1521 4044 ipso
1565 3964 1762 4043 esset,
1805 3963 1888 4025 ad
1939 3978 2087 4025 eam
2127 3962 2281 4026 vitae
2333 3961 2755 4026 instituendae
2803 3961 3124 4025 rationem
3172 3962 3561 4042 traduceret,
3617 3965 3735 4028 aut
3779 3967 4008 4048 potius

885 4072 1243 4150 revocaret,
1314 4087 1464 4151 quae
1539 4072 1686 4134 tum
1759 4069 2031 4149 diviniS,
2100 4070 2245 4132 tum
2319 4069 2630 4132 humanis
2694 4068 2974 4150 legibus,
3050 4069 3361 4133 omnibus
3431 4072 3817 4155 praescripta
3888 4074 4001 4139 sit.

882 4177 1157 4242 Phrasis
1207 4178 1354 4257 ejus
1396 4196 1516 4261 pro
1571 4178 1754 4242 illius
1803 4177 2034 4241 saeculi
2081 4176 2557 4240 consuetudine
2608 4175 2977 4257 simplicior
3020 4178 3142 4256 est,
3196 4177 3313 4240 sed
3358 4176 3555 4242 habet
3610 4180 4005 4245 eruditionis

881 4285 1272 4368 plurimum.
1311 4285 1478 4359 Quis
1517 4302 1674 4349 vero
1717 4285 1807 4348 sit
1851 4286 1988 4347 tam
2036 4284 2382 4365 insipienS,
2425 4285 2501 4347 ut
2550 4284 3092 4347 contemnendam
3140 4286 3329 4367 putet
3372 4286 3665 4350 arculam
3711 4287 4003 4369 ligneam

880 4392 1400 4476 pretiosissimas
1447 4409 1747 4473 gemmas
1799 4391 2247 4454 continentem
2281 4390 2312 4453 ⁴?
2362 4389 2731 4455 Obsecutus
2779 4391 2880 4454 est
2925 4391 3291 4472 Dionysius
3336 4410 3459 4458 suo
3516 4392 3762 4457 saeculo
3816 4414 3833 4455 ε
3883 4396 4003 4477 qui

881 4501 940 4565 si
979 4500 1048 4562 in
1088 4499 1232 4563 haec
1263 4498 1963 4581 temporaincidisset,
2008 4499 2073 4562 et
2101 4498 2377 4561 Patrum
2416 4498 2866 4561 monumentis
2902 4498 3085 4560 tanto
3122 4516 3396 4563 numero
3435 4499 3533 4563 uti
3571 4499 3633 4565 ei
3669 4500 3996 4584 licuisset,

882 4608 1164 4688 aliisque
1213 4606 1455 4670 litteris
1504 4604 1954 4687 politioribuS,
2005 4604 2308 4668 fortassis
2356 4604 2608 4668 nemini
2648 4603 2760 4667 ille
2801 4604 3162 4667 secundum
3214 4622 3286 4669 se
3328 4606 3398 4668 in
3449 4608 3751 4671 omnium
3791 4609 3998 4672 disci-

867 4714 1214 4797 plinarum
1258 4730 1496 4794 genere
1541 4712 1958 4795 praebuisset.
2019 4711 2213 4785 Quod
2268 4714 2491 4775 autem
2544 4711 2798 4774 tantam
2858 4710 2957 4773 illi
3014 4711 3233 4775 visum
3290 4714 3392 4776 est
3437 4730 3706 4795 operam
3751 4733 3998 4796 ponere

877 4823 1080 4886 etiam
1131 4822 1202 4884 in
1261 4822 1397 4885 illis
1448 4820 1942 4885 conscribendis
1999 4837 2149 4901 quae
2210 4818 2293 4883 ad
2358 4818 2503 4899 ejus
2558 4819 2962 4898 institutum,
3023 4835 3261 4901 nempe
3320 4819 3809 4904 Cartusianum‚
3862 4839 3997 4886 non

875 4947 1274 5013 magnopere
1331 4929 1660 5011 pertinere
1722 4927 2052 5007 videntur,
2107 4926 2266 4991 fecit
2322 4928 2561 4991 caritas
2616 4926 3101 5006 ardentissima,
3152 4944 3299 5007 quae
3366 4944 3499 4990 non
3548 4930 3788 5009 quaerit
3845 4948 3995 5012 quae
4070 4964 4077 4971 -

874 5055 996 5101 sua
1057 5038 1238 5117 sunt,
1297 5036 1416 5100 sed
1471 5035 1780 5099 aliorum.
1844 5033 2092 5098 Aderat
2147 5036 2209 5098 ei
2278 5033 2621 5114 ingenium
2686 5032 3055 5114 perspicax,
3116 5034 3339 5097 aderat
3395 5036 3717 5099 memoria
3780 5054 3995 5118 usque

877 5143 961 5207 ad
999 5145 1343 5225 stuporem
1384 5142 1832 5222 tenacissima,
1875 5142 2100 5205 aderat
2135 5140 2447 5205 voluntas
2492 5139 2953 5222 proximorum
2998 5139 3197 5203 saluti
3244 5141 3454 5204 totam
3500 5159 3571 5206 se
3612 5142 3996 5224 impendere

877 5251 1154 5333 sitiens3
1194 5252 1394 5331 atque
1444 5248 1550 5312 his
1601 5248 2123 5330 impellentibuS,
2166 5249 2395 5313 noctes
2444 5250 2643 5331 atque
2680 5248 2822 5311 dies
2859 5247 3051 5311 dulce
3098 5246 3329 5312 habuit
3373 5248 3734 5331 transigere
3770 5252 3994 5318 studio
