4300 6259
891 484 1011 550 474
1468 507 1549 554 na
1589 509 1815 556 nnuma
1855 509 2236 556 cumsriffla:
2276 509 2575 566 Tuscum,
2621 509 2794 556 tiana
2834 509 2897 554 n.
2943 527 3024 538 —
3063 509 3202 557 aar.
3246 509 3438 557 Lxxui

976 677 1071 740 Ad
1100 678 1353 742 tertiam
1386 681 1923 764 respondendum,
1948 681 2116 764 quod
2150 681 2216 744 in
2248 700 2392 765 pec·
2423 681 2476 744 A
2509 690 2701 744 retur.
2727 682 2899 746 Talia
2929 699 3081 746 vero
3122 683 3424 756 remedia,
3461 680 3749 746 Ecclesiae
3781 701 3952 746 sacra·

840 817 847 824 -
894 785 1037 839 cato
1074 778 1383 842 daemonis
1421 797 1549 842 non
1588 789 1723 842 erat
1765 780 2220 863 praetermissio
2265 799 2393 842 me·

893 875 983 936 dii
1035 895 1147 957 per
1193 878 1844 959 superabundantiam
1894 879 2232 961 passioniS,
2282 879 2392 942 sed

894 993 1009 1056 per
1039 975 1535 1057 inaequalitatem
1565 977 1846 1058 justitiae.
1883 978 2011 1040 Deo
2054 977 2252 1051 enim,
2288 977 2390 1040 eui

892 1072 1115 1136 debuit
1160 1092 1352 1137 omne
1400 1076 1568 1158 quod
1616 1084 1716 1138 est
1762 1085 1825 1138 et
1881 1077 2126 1150 habuit,
2180 1078 2392 1139 minus

892 1172 1189 1236 retribuit
1220 1192 1415 1255 quam
1457 1175 1747 1237 debebat.
1782 1212 1863 1222 —-
1894 1177 2245 1258 Responsio
2286 1177 2392 1238 de-

891 1270 1087 1351 nique
1131 1279 1371 1353 quartae
1415 1272 1797 1353 obJectionis
1840 1281 1956 1346 est,
2000 1274 2168 1355 quod
2213 1281 2391 1336 natu-

891 1369 1050 1431 ralia
1079 1387 1206 1432 non
1238 1377 1367 1433 tam
1396 1380 1592 1452 agunt
1621 1391 1809 1453 quam
1842 1381 2135 1453 aguntur.
2159 1372 2394 1434 Natura

894 1467 1093 1540 enim,
1147 1488 1289 1551 quae
1339 1487 1452 1551 per
1510 1489 1577 1532 se
1637 1489 1804 1533 caeea
1860 1479 1977 1542 est,
2029 1470 2108 1533 ab
2167 1478 2390 1551 agente

896 1566 1215 1645 cognitive
1245 1567 1559 1649 dirigitur.
1594 1569 1831 1630 Mentes
1864 1587 2035 1642 vero,
2061 1588 2202 1650 quae
2235 1569 2392 1631 libe-

898 1682 983 1726 rae
1014 1673 1182 1739 sunt,
1219 1674 1414 1746 agunt
1442 1685 1580 1729 sese
1611 1674 1800 1749 prout
1829 1667 2093 1747 eligunt.
2117 1703 2198 1712 -—
2221 1667 2388 1729 ldeo·

900 1781 1023 1845 que
1083 1765 1527 1846 propinquitas
1585 1784 1803 1828 earum
1866 1767 1942 1827 ad
2003 1766 2202 1827 Deum
2263 1783 2390 1827 non

2508 790 2721 843 menta
2759 780 3181 863 appellantur.

2585 879 2892 952 Quoniam
2946 879 3140 961 igitur
3185 879 3602 942 Eucharistiae
3650 897 3954 942 sacramen·

2506 987 2642 1040 tum
2687 978 3018 1060 spirituale
3056 979 3522 1041 nutrimentum
3568 985 3666 1040 est
3707 985 3768 1039 et
3806 979 3954 1040 cibus

2505 1077 2791 1159 spirituS‚
2827 1077 2992 1138 sicut
3021 1077 3266 1158 corpori
3305 1076 3634 1159 corporale
3677 1083 3738 1137 et
3779 1077 3832 1137 in
3866 1096 3956 1138 nu-

2506 1175 2640 1236 triti
2708 1183 2996 1237 naturam
3065 1175 3556 1238 transmutabile
3625 1174 3952 1236 alimentum

2507 1273 2936 1335 necessarium
2969 1281 3084 1344 est,
3110 1282 3423 1356 quatenus
3456 1273 3690 1335 nedum
3721 1273 3792 1333 ad
3817 1272 3956 1334 dehi-

2505 1380 2634 1433 tam
2666 1371 3084 1453 quantitatem
3119 1372 3470 1454 perveniat,
3497 1371 3606 1434 sed
3639 1370 3814 1432 etiam
3841 1379 3953 1452 post

2505 1469 2680 1532 illius
2709 1470 3115 1553 adeptionem
3147 1477 3542 1532 sustentetur
3570 1477 3633 1531 et
3660 1469 3955 1534 subsistat:

2505 1566 2596 1629 sic
2628 1568 2849 1649 utique
2877 1575 2940 1629 et
2981 1567 3044 1629 in
3085 1567 3403 1649 spirituali
3450 1568 3580 1630 vita
3623 1566 3954 1628 alimentum

2503 1665 2822 1746 quoddam
2855 1665 3110 1748 spiritui
3143 1665 3571 1728 necessarium
3603 1664 3960 1746 exsistitquo

2504 1764 2636 1825 vita
2662 1764 2872 1827 denuo
2911 1763 3514 1845 regenerati,gratia
3555 1771 3618 1825 et
3657 1763 3958 1826 virtutibus

896 1861 1064 1924 tollit
1122 1871 1191 1924 ut
1244 1883 1508 1946 peceare
1563 1864 1827 1946 possint.
1882 1865 1958 1926 Et
2013 1864 2105 1926 sic
2168 1864 2391 1946 quinta
2427 1862 2474 1924 B
2505 1872 2769 1936 crescat,
2811 1871 3222 1926 conservetur
3269 1871 3333 1926 et
3380 1865 3723 1945 perduret:
3763 1870 3822 1924 et
3860 1863 3957 1924 hoc

897 1959 1198 2025 instantia
1227 1962 1387 2024 solvi
1421 1970 1645 2044 potest.
1672 1999 1750 2008 -
1771 1963 1957 2026 Sexta
1986 1971 2200 2025 autem
2233 1963 2392 2025 ratio

895 2060 1101 2121 soluta
1140 2069 1237 2122 est
1282 2060 1345 2121 in
1388 2062 1683 2123 secundae
1732 2069 1795 2122 et
1840 2061 2041 2123 tertiae
2088 2060 2391 2140 objectio-

897 2176 1053 2218 num
1097 2158 1432 2222 solutione.
1466 2195 1547 2204 -
1578 2160 1808 2221 Ultima
1848 2159 2039 2221 etiarn
2082 2159 2244 2222 ratio
2278 2159 2387 2222 ob·

896 2255 1078 2328 tinet,
1141 2257 1309 2339 quod
1361 2265 1503 2340 post
1561 2267 1897 2340 peccatum
1954 2259 2203 2320 daemon
2260 2276 2386 2320 non

896 2355 1189 2436 resurgit,
1224 2374 1349 2419 non
1380 2364 1591 2419 autem
1636 2358 1805 2438 quod
1847 2357 2109 2419 omnino
2148 2357 2390 2419 inaver-

894 2453 1097 2516 tibilis
1148 2454 1231 2517 sit
1278 2475 1313 2518 a
1361 2455 1488 2519 Deo
1538 2474 1791 2537 semper
1848 2464 1910 2518 et
1967 2475 2002 2517 a
2058 2455 2156 2517 sui
2219 2456 2390 2537 prin·

894 2569 1083 2634 cipio.

1221 2809 1710 2875 ARTICULUS
1756 2810 2067 2874 LXXIII.

1122 2952 1219 3010 De
1259 2957 1662 3008 sacramento
1704 2951 2166 3010 Euchariscioe.

1019 3145 1169 3206 I’NT
1201 3143 1497 3224 equidem
1534 3143 1831 3207 Ecclesiae
1861 3145 2149 3226 quaedam
2184 3163 2389 3206 sacra-

1039 3249 1292 3303 menta:
1329 3259 1600 3323 quorum
1647 3242 1926 3323 primum
1964 3242 2392 3324 praeeipuum-

896 3359 1021 3422 que
1053 3346 1149 3401 est
1178 3339 1597 3412 Eucharistia,
1632 3347 1696 3401 et
1737 3346 1808 3400 ut
1852 3339 2132 3422 Dionysii
2180 3339 2392 3402 verbis

896 3446 1059 3510 utar,
1105 3437 1322 3499 divina
1371 3437 1785 3499 Eucharistia.
1831 3437 1973 3499 Haec
2020 3456 2252 3519 nempe
2299 3456 2392 3499 sa-

899 3545 1221 3598 cramenta
1245 3535 1541 3598 Ecclesiae
1564 3554 1822 3617 prorsus
1844 3537 2202 3598 necessaria
2221 3543 2386 3597 sunt.

897 3635 1303 3698 Sacramenta
1345 3634 1535 3696 etiam
1584 3653 1660 3696 ex
1706 3635 2000 3716 passione
2036 3635 2269 3697 Christi
2301 3634 2390 3696 ef-

896 3734 1189 3795 ficaciam
1240 3734 1459 3795 sortita
1507 3741 1674 3796 sunt.
1712 3733 1819 3794 Est
1868 3751 2143 3814 namque
2193 3751 2394 3794 sacra-

896 3840 1192 3904 mentum,
1216 3831 1561 3895 invisibilis
1594 3831 1810 3912 gratiae
1841 3831 2095 3893 visibile
2126 3831 2390 3911 signum.

895 3932 1248 3995 Invisibilia
1277 3939 1489 3993 autem
1522 3931 1631 3993 Dei
1664 3931 1827 3993 dona
1858 3950 2003 3992 cum
2034 3930 2398 3993 visibilibus

898 4031 1097 4111 signis
1131 4029 1501 4092 hominibus
1532 4030 1717 4102 tradi,
1754 4029 2010 4110 penitus
2043 4047 2398 4110 congruum

898 4129 1322 4210 humanaeque
1345 4128 1691 4190 conditioni
1718 4127 2259 4209 proportionatum
2284 4135 2394 4200 est,

2503 1963 2720 2024 divina
2750 1962 3146 2024 Eucharistia
3177 1971 3290 2024 est.
3311 1962 3558 2044 Quippe
3589 1981 3777 2043 quum
3806 1961 3960 2042 spiri-

2503 2062 2701 2124 tualia
2758 2061 2876 2124 sub
2937 2063 3368 2144 corporalium
3429 2079 3641 2123 rernm
3689 2060 3805 2122 sibi
3847 2078 3959 2122 cor·

2504 2160 3027 2242 respondentium
3061 2160 3401 2242 speciebus
3432 2167 3840 2242 congruenter
3871 2177 3960 2220 no-

2503 2259 2603 2321 bis
2648 2259 3210 2340 (quemadmodum
3269 2258 3554 2320 habitum
3605 2259 3723 2338 est)
3765 2258 3962 2320 donen-

2504 2366 2624 2431 tur,
2671 2357 3040 2439 huJ'usmodi
3089 2356 3422 2439 spirituale
3465 2357 3830 2419 alimentum
3863 2356 3962 2417 sub

2507 2457 2934 2539 corporalium
2994 2455 3446 2518 alimentorum
3495 2455 3715 2518 formis
3760 2453 3962 2536 quibus

2504 2555 2910 2618 communius
2941 2554 3204 2628 utimur,
3240 2554 3424 2636 panIs
3455 2552 3701 2615 scilicet
3735 2561 3794 2616 et
3827 2551 3957 2613 vini.

2501 2652 2802 2715 traditum
2855 2660 2969 2714 est.
3015 2651 3142 2715 Hoc
3191 2660 3406 2714 autem
3455 2668 3582 2713 non
3633 2651 3724 2713 sic
3769 2649 3962 2712 intelli-

2499 2751 2778 2833 gendum
2825 2759 2923 2812 est
2966 2750 3146 2832 quasi
3185 2750 3566 2812 alimentum
3612 2749 3772 2811 istud
3807 2746 3962 2829 spiri·

2499 2850 2669 2912 tuale
2723 2867 2850 2912 non
2901 2849 2984 2910 sit
3029 2867 3252 2911 verum
3303 2866 3538 2930 eorpus
3588 2846 3828 2918 Christi,
3873 2845 3961 2907 sed

2501 2948 2803 3031 quoniam
2836 2947 3136 3030 spiritum
3167 2954 3739 3029 mentemque,non
3767 2963 3964 3026 corpus

2428 3051 2470 3114 C
2504 3047 2736 3120 reficit,
2783 3047 2925 3109 ideo
2976 3045 3308 3128 spirituale
3357 3045 3614 3107 dieitur.
3655 3045 3778 3106 Hoc
3817 3061 3962 3105 nam-

2501 3165 2625 3227 que
2673 3146 3047 3207 alimentum
3109 3145 3174 3205 in
3234 3162 3302 3206 se
3359 3144 3616 3225 quidem
3677 3141 3962 3224 corporale

2503 3251 2747 3316 est,seu
2778 3263 2853 3305 ex
2888 3249 3065 3325 parte
3098 3242 3370 3325 propriae
3401 3249 3662 3305 naturae.
3679 3242 3958 3322 Scriptum

2503 3349 2598 3404 est
2647 3342 2818 3404 enim
2877 3359 2890 3402 ε
2946 3341 3102 3404 Caro
3153 3359 3294 3403 mea
3341 3357 3492 3403 vere
3538 3347 3637 3402 est
3680 3339 3868 3411 cibus,
3909 3345 3961 3398 et

2505 3441 2764 3522 sanguis
2813 3459 2994 3502 meus
3043 3458 3193 3501 vere
3243 3445 3342 3500 est
3385 3445 3595 3521 potus.
3647 3438 3762 3501 Sed
3805 3435 3962 3498 cibus

2507 3539 2625 3601 iste
2654 3540 2754 3618 (ut
2784 3545 3022 3600 tactum
3058 3545 3155 3600 est
3186 3537 3386 3618 nunc)
3414 3536 3496 3599 ob
3545 3537 3607 3599 id
3651 3532 3962 3618 spiritualis

2507 3638 2894 3709 nominatur,
2941 3637 3244 3719 quoniam
3289 3652 3417 3698 non
3466 3635 3529 3696 in
3569 3653 3814 3697 earnem
3853 3631 3962 3693 aliti

2509 3735 2922 3808 convertitur,
2939 3753 3148 3817 neque
3179 3752 3410 3816 corpus
3442 3733 3666 3815 replet,
3689 3732 3792 3795 sed
3819 3747 3966 3792 men-

2508 3844 2635 3897 tem
2683 3833 3014 3896 confortat.

2589 3933 2896 4013 Denique,
2957 3931 3125 3992 sicut
3181 3949 3296 4011 per
3364 3930 3758 4011 Baptismum
3809 3927 3970 3988 homo

2509 4029 2930 4112 spiritualiter
2981 4035 3390 4108 regeneratur
3437 4028 3772 4109 denuoque
3817 4041 3970 4085 rena-

2511 4129 2730 4201 scitur,
2765 4127 2858 4188 sie
2903 4145 3020 4208 per
3060 4125 3525 4188 Eucharistiam
3569 4122 3968 4208 spiritualiter,

900 4247 1098 4309 quum
1142 4246 1217 4288 ex
1258 4225 1672 4288 sensibilibus
1722 4226 2172 4308 corporeisque
2224 4234 2399 4287 natu-
2431 4229 2478 4291 D
2512 4246 2592 4288 ne
2622 4226 2750 4288 vita
2780 4225 3022 4286 defluat
3053 4224 3308 4297 meutiS,
3344 4243 3485 4305 quae
3517 4224 3630 4286 Dei
3659 4222 3844 4304 gratia
3869 4226 3968 4281 est.

902 4324 989 4387 ris
1031 4326 1109 4386 ad
1162 4325 1380 4387 divina
1432 4344 1503 4387 ac
1560 4325 1912 4387 invisibilia
1962 4324 2397 4397 sursumduci,

902 4442 1297 4504 congeneum
1330 4443 1403 4485 ae
1435 4423 1845 4485 connaturale
1876 4424 1957 4484 sit
1986 4423 2252 4485 homini.
2287 4424 2401 4486 Per

902 4521 1187 4584 visibilia
1218 4522 1429 4603 itaque
1461 4522 1749 4603 quaedam
1792 4521 2084 4601 congruit
2124 4529 2195 4582 ut
2233 4522 2398 4583 salu-

904 4629 1033 4684 tem
1078 4620 1143 4682 in
1189 4619 1372 4682 nobis
1412 4625 1711 4701 operetur
1760 4619 1947 4681 Dens.
1989 4619 2181 4682 Porro
2231 4638 2399 4683 mors

903 4718 1139 4782 Christi
1198 4727 1295 4781 est
1353 4718 1533 4799 quasi
1595 4717 1978 4779 universalis
2040 4737 2231 4780 causa
2290 4720 2401 4780 hu·

902 4837 1105 4880 manae
1136 4816 1378 4878 salutis,
1414 4816 1845 4879 Universalem
1888 4824 2100 4878 autem
2143 4836 2400 4879 eausam

899 4915 1310 4979 determinari
1343 4921 1590 4996 oportet
1620 4920 1686 4975 et
1712 4914 2021 4996 applicari
2052 4916 2129 4977 ad
2173 4935 2400 4976 unum-

901 5033 1223 5098 quemque
1254 5013 1562 5075 el'l'ectum
1594 5014 2063 5094 particularem.
2102 5015 2261 5076 Hinc
2293 5015 2403 5095 igi·

899 5121 1004 5176 tur
1034 5111 1462 5174 necessarium
1509 5118 1663 5185 erat,
1696 5111 1985 5174 exhiberi
2030 5111 2404 5175 hominibus

904 5210 1195 5293 quaedam
1268 5210 1546 5272 remedia
1623 5229 1738 5291 per
1798 5229 1938 5291 quae
2012 5209 2403 5273 beneficium

908 5308 1130 5371 mortis
1161 5308 1391 5372 Christi
1422 5307 1517 5370 eis
1558 5309 2029 5389 quodammodo
2070 5309 2410 5392 conjunge·

2511 4324 2993 4388 cibatur.Aliter
3020 4331 3234 4385 autem
3266 4322 3676 4403 conjungitur
3699 4337 3970 4403 generans

2511 4423 2747 4505 genite,
2808 4431 2872 4484 et
2939 4421 3406 4483 nutrimentum
3477 4421 3732 4482 nutrito.
3789 4417 3968 4480 Palam

2513 4540 2745 4602 nempe
2788 4526 2904 4594 est,
2945 4538 3255 4601 generans
3301 4520 3656 4582 secundum
3705 4518 3968 4579 virtutem

2514 4619 2795 4702 copulari
2856 4619 3112 4699 genit03
3161 4618 3540 4680 alimentum
3593 4635 3734 4680 vero
3777 4632 3972 4676 secun-

2513 4720 2665 4780 dum
2714 4715 3137 4778 substantiam
3190 4715 3342 4778 alito
3390 4715 3692 4796 conjungi
3747 4727 3974 4775 necesse

2511 4824 2626 4879 est.
2663 4815 2738 4877 Ut
2766 4831 2916 4894 ergo
2948 4813 3388 4895 corporalibus
3418 4813 3618 4893 signis
3649 4808 3974 4894 spirituales

2514 4914 2786 4977 effectus
2843 4912 3402 4994 correspondeant,
3463 4911 3826 4994 mysterium
3879 4905 3972 4969 Dei

2516 5011 2824 5075 incarnati
2863 5010 3049 5072 aliter
3091 5010 3157 5071 in
3205 5009 3553 5093 Baptismo,
3593 5010 3700 5092 qui
3746 5005 3972 5090 spiritu-

2513 5113 2698 5175 aliter
2739 5117 3091 5190 regenerat,
3132 5117 3325 5191 atque
3362 5109 3547 5172 aliter
3596 5110 3660 5170 in
3711 5103 3974 5169 Euchari-

2519 5210 2654 5274 stiae
2713 5215 3136 5280 sacramento,
3187 5207 3358 5289 quod
3421 5207 3714 5290 spiritum
3769 5201 3972 5270 reficit,

2517 5307 2704 5372 nobis
2745 5305 2965 5368 unitur
3000 5323 3014 5367 :
3047 5304 3351 5389 quoniam
3396 5305 3740 5368 secundum
3779 5299 3974 5365 simili-
