4300 6259
634 2059 715 2097 art..
746 2068 855 2106 uvi,

617 2133 751 2162 mxxxi.

594 3535 740 3580 Zach.
760 3549 802 3587 u,
819 3539 858 3586 3,

878 482 997 548 470

1478 505 1557 550 ΒΕ
1598 503 1823 550 LUMINE
1866 503 2247 550 cnmsrlANAE
2289 501 2590 558 ramma-3,
2635 500 2809 546 LIBER
2851 502 2914 546 ΙΙ.
2959 519 3038 529 -
3079 501 3220 546 ΛΒΤ.
3267 501 3382 546 Lxx

879 671 972 733 sic
1002 672 1540 755 contemplatione
1570 673 1796 736 intima
1830 670 2271 755 perfruuntur,
2307 679 2376 732 ut
2404 671 2454 732 A
2483 671 2570 733 tia
2627 670 3078 734 intellectualis
3136 670 3388 734 dicitur.
3443 669 3521 732 Et
3575 670 3736 732 sicut
3780 669 3940 731 modo

876 770 955 832 ad
986 771 1299 853 explenda
1328 771 1483 834 soris
1514 790 1707 854 opera
1734 771 1993 834 minime
2024 770 2369 832 mittantur.

956 869 1167 942 Porro,
1202 869 1356 952 quid
1396 870 1473 932 ad
1514 870 1678 931 hanc
1717 869 2182 932 dubitationem
2225 869 2374 929 sim-

876 966 1133 1048 pliciter
1177 956 1546 1049 responderi
1590 975 1917 1049 congruat,
1952 966 2376 1029 determinare

876 1081 1005 1126 non
1038 1084 1371 1146 praesumo.
1402 1066 1529 1128 Hoc
1563 1073 1774 1128 tamen
1808 1084 1920 1148 pro
1950 1083 2203 1127 summo
2237 1065 2375 1126 Dio-

878 1165 1061 1245 nysio
1092 1164 1219 1226 dici
1253 1165 1604 1246 licet,quod
1636 1165 1989 1227 secundum
2020 1165 2372 1227 ordinatam

879 1262 1210 1342 regiminis
1254 1263 1697 1325 universarum
1738 1264 2241 1325 hierarchiarum
2277 1263 2374 1324 in-

878 1360 1275 1423 stitutionem
1308 1361 1428 1423 hoc
1470 1360 1847 1423 rationabile
1876 1369 1992 1434 est,
2040 1370 2108 1423 ut
2140 1380 2252 1442 per
2283 1361 2375 1422 in-

878 1456 1142 1520 feriores
1188 1459 1476 1541 spirituS,
1522 1459 1587 1520 hi
1628 1459 1739 1541 qui
1780 1459 2189 1522 sublimiores
2229 1465 2377 1521 sunt

876 1563 1159 1618 nostram
1234 1557 1657 1620 hierarchiam
1730 1558 2005 1638 dirigant
2068 1575 2081 1620 :
2144 1566 2214 1619 ut
2283 1557 2374 1618 sic

877 1656 1303 1718 sursumae'tio
1344 1656 1657 1718 mentium
1701 1657 2163 1717 mundanarum
2205 1675 2240 1718 a
2280 1675 2378 1717 su-

879 1754 1338 1833 permundanis
1384 1752 1707 1816 mentibus
1749 1755 2036 1816 ordinata
2078 1755 2177 1816 sit.
2214 1755 2380 1816 Deus

2485 788 2636 831 usus
2685 768 2982 842 obtinuit,
3029 787 3264 831 nomen
3313 768 3622 832 daemonis
3669 784 3778 848 pro
3820 767 3944 827 sub-

2483 865 2714 930 stantia
2763 867 3177 930 intellectuali
3232 867 3397 929 mala
3443 865 3748 947 accipitur
3787 865 3944 926 dum-

2481 972 2672 1028 taxat.
2698 967 2765 1028 In
2799 965 3210 1048 praeinductis
3241 965 3540 1046 equidem
3572 963 3720 1026 olim
3749 970 3943 1024 tracta·
3985 980 4042 1020 nb.
4059 981 4082 1025 ι,
4098 989 4152 1024 21.

2484 1064 2690 1138 batur,
2707 1064 3237 1146 quemadmodum
3257 1063 3563 1126 Platonici
3595 1061 3943 1124 substantias
3965 1057 4038 1084 ¹¹¹

2487 1162 2949 1226 intellectuales
3007 1163 3310 1245 tripartiti
3370 1169 3542 1234 sunt,
3595 1161 3658 1222 in
3702 1161 3944 1222 cacodae-

2486 1280 2729 1335 moneS,
2762 1261 3220 1324 calodaemones
3265 1267 3328 1322 et
3371 1260 3818 1322 catodaemones
3855 1276 3944 1319 eas

2485 1361 2966 1442 distinguentes
3021 1360 3533 1422 Demonstratum
3585 1365 3684 1419 est
3727 1376 3942 1427 rursus,
3979 1369 4152 1410 lib-lm

2485 1459 2576 1520 nil
2608 1457 3112 1520 substantialiter
3143 1457 3380 1519 malum
3414 1475 3578 1526 esse,
3612 1455 3712 1517 sed
3744 1463 3944 1516 cuncta
3967 1446 4010 1473 ¹¹·

2485 1556 2564 1618 ab
2606 1575 2733 1618 uno
2771 1557 3023 1618 essendi
3066 1555 3262 1626 fonte,
3297 1556 3424 1618 Deo
3467 1553 3722 1616 sublimi
3761 1559 3818 1615 et
3855 1552 3945 1613 be-

2487 1656 2760 1727 nedicto,
2810 1672 3158 1716 emanasse.
3212 1655 3280 1715 ln
3338 1671 3468 1735 quo
3523 1652 3944 1714 Marcianorum

2486 1771 2598 1813 seu
2621 1752 3163 1814 Marcionistarum
3196 1771 3270 1813 ac
3289 1750 3768 1813 Manichaeorum
3797 1765 3950 1820 error

878 1857 1118 1924 autem,
1168 1850 1278 1932 qui
1339 1852 1531 1914 totius
1589 1852 1832 1914 ordinis
1880 1853 2218 1934 omnisque
2277 1871 2378 1913 na·
2407 1853 2452 1914 B
2489 1850 2792 1912 confusus
2837 1858 2934 1912 est
2978 1866 2991 1912 :
3034 1867 3305 1931 quorum
3361 1849 3596 1930 positio
3640 1848 3715 1910 ab
3752 1847 3948 1927 Empe-

881 1955 1039 2010 turae
1083 1949 1405 2012 institutor
1442 1959 1559 2022 est,
1593 1951 1946 2012 secundum
1990 1951 2379 2031 praedemon-

884 2053 1078 2108 strata
1107 2047 1171 2107 in
1207 2048 1430 2128 primo,
1448 2048 1676 2109 virtute
1707 2067 1821 2108 sua
1849 2048 2137 2110 ordinem
2173 2049 2376 2130 ipsum

885 2145 1405 2225 supergreditur3
1452 2165 1661 2227 neque
1706 2144 1974 2207 limitata
2022 2153 2117 2208 est
2166 2146 2382 2208 divina

885 2242 1243 2314 causalitaS,
1278 2251 1347 2304 ut
1388 2261 1513 2304 non
1554 2243 1674 2305 nisi
1717 2245 2067 2306 secundum
2113 2245 2379 2306 inditam

883 2339 1141 2402 entibus
1191 2341 1544 2403 naturalem
1608 2340 1809 2422 legem
1860 2342 2107 2424 operari
2169 2350 2375 2424 queat.

881 2439 1057 2500 Unde
1104 2447 1167 2500 et
1215 2439 1540 2501 Avicenna
1589 2439 1765 2512 dicit,
1819 2440 2098 2521 primum
2148 2441 2380 2522 princi-

881 2536 1061 2618 pium
1106 2545 1284 2599 extra
1329 2556 1531 2618 genus
1575 2545 1637 2600 et
1682 2557 1875 2620 super
1914 2555 2170 2600 omnem
2215 2539 2380 2601 ordi-

879 2653 1029 2696 nem
1088 2635 1455 2698 consistere.
1522 2636 1686 2698 Deus
1748 2637 1941 2716 igitur
2000 2637 2252 2699 mittere
2319 2645 2382 2699 et

877 2735 1125 2815 operari
1178 2741 1387 2814 potest
1438 2735 1499 2796 in
1552 2735 1727 2818 omni
1782 2743 2003 2796 natura
2052 2743 2115 2796 et
2159 2736 2380 2798 ordine

878 2833 1417 2913 quemadmodum
1462 2833 1619 2905 vult,
1653 2852 1851 2915 quum
1894 2833 1977 2894 sit
2016 2833 2220 2914 ipsius
2261 2835 2382 2896 vir-

878 2938 980 2991 tus
1014 2949 1274 3012 prorsus
1305 2932 1816 2994 indeterminata.
1852 2932 1920 2992 In
1954 2931 2073 2993 hoc
2105 2951 2380 3014 namque

2489 1948 2668 2011 docle
2700 1949 3081 2030 philosopho
3125 1949 3436 2029 originem
3481 1948 3725 2010 videt-ur
3763 1946 3951 2007 duxis-

2489 2067 2575 2109 se.
2611 2046 2783 2108 Dixit
2813 2066 3086 2128 namque
3129 2046 3546 2127 Empedocles
3585 2045 3705 2107 duo
3730 2043 3946 2106 entium

2488 2145 2696 2206 activa
2751 2145 3091 2226 principia,
3154 2143 3454 2206 videlicet
3509 2142 3837 2204 amicitiam
3898 2147 3947 2202 et

2491 2244 2688 2305 litem.
2711 2243 2954 2305 Praefati
2987 2251 3200 2305 autem
3233 2243 3512 2305 haeretici
3550 2242 3776 2303 malum
3805 2259 3948 2302 sum-

2493 2361 2668 2404 mum
2729 2350 2792 2403 et
2850 2343 3128 2423 primum
3189 2341 3429 2403 bonum
3491 2359 3698 2402 rerum
3757 2357 3947 2400 causas

2491 2449 2860 2523 posuerunt.
2923 2440 3259 2521 Quumque
3319 2457 3497 2501 error
3553 2439 3654 2501 hic
3707 2437 3782 2500 ab
3833 2437 3947 2499 Ari-

2491 2541 2713 2603 stotele
2773 2539 3361 2620 posterioribusque
3411 2537 3797 2619 philosophis
3839 2535 3947 2596 suf·

2491 2637 2787 2700 sicienter
2815 2637 3176 2698 destructus
3216 2637 3319 2709 sit,
3352 2636 3557 2698 nihilo
3595 2636 3796 2697 minus
3831 2652 3947 2715 per-

2489 2735 2655 2797 versi
2699 2735 2956 2816 quidam
3008 2733 3303 2796 homines
3351 2751 3523 2795 nunc
3564 2731 3947 2815 praenomina-

2490 2834 2560 2906 ti,
2612 2833 2803 2894 etiam
2849 2833 2912 2894 in
2959 2831 3372 2894 christianam
3429 2831 3634 2912 legem
3683 2830 3944 2893 eumdem

2492 2932 2892 2994 introducere
2925 2938 3491 3012 praesumpserunt.
3527 2930 3818 3004 Quoniam
3855 2927 3946 3006 igi-

878 3037 973 3090 est
1026 3030 1189 3091 Deus
1240 3030 1670 3110 omnipotenS,
1722 3029 1893 3110 quod
1951 3030 2168 3090 omnia
2215 3031 2380 3092 sicut
2417 3029 2457 3092 C
2489 3039 2592 3092 tui·
2635 3038 2960 3092 ostensum
3001 3037 3099 3090 est
3146 3029 3466 3090 daemones
3507 3029 3702 3091 malos
3737 3046 3860 3090 esse
3897 3035 4092 3086 ctiudem.

878 3127 1038 3200 vult,
1083 3127 1331 3208 operari
1376 3135 1583 3208 potest
1625 3145 1637 3188 :
1672 3129 1842 3207 quod
1882 3126 2178 3189 Albertus
2217 3147 2380 3190 asse-

880 3225 965 3286 rit
1007 3225 1243 3287 dixisse
1286 3225 1696 3288 Avicennam.
1733 3225 2077 3287 Enimvero
2118 3227 2380 3308 spiritus

884 3324 1191 3404 quosdam
1234 3323 1523 3386 coelestes
1567 3342 1603 3385 a
1650 3323 2032 3404 quibusdam
2082 3325 2270 3398 mitti,
2304 3344 2380 3386 ex

886 3420 1198 3483 Zachariae
1255 3420 1621 3482 testimonio
1670 3428 1957 3501 patenter
2016 3421 2377 3484 innotescit.

887 3518 989 3581 Ait
1037 3519 1209 3581 enim
1266 3537 1277 3581 :
1325 3520 1485 3580 Ecce
1534 3520 1797 3600 angelus
1845 3521 1956 3601 qui
2006 3519 2384 3601 loquebatur

890 3617 955 3678 in
1027 3635 1149 3688 me,
1210 3615 1694 3696 egrediebatur3
1756 3623 1821 3678 et
1887 3617 2050 3678 alius
2118 3618 2382 3697 angelus

889 3713 1333 3794 egrediebatur
1385 3713 1447 3774 in
1507 3731 1844 3775 occursum
1903 3714 2065 3794 ejuS‚
2116 3723 2180 3776 et
2223 3715 2384 3777 dixit

887 3812 962 3873 ad
1013 3830 1161 3873 eum
1214 3828 1228 3872 :
1282 3810 1477 3873 Curre
1536 3820 1599 3873 et
1657 3812 1916 3893 loquere
1974 3813 2051 3874 ad
2111 3831 2383 3893 puerum

886 3909 1098 3971 istum.
1151 3909 1277 3972 Nec
1325 3909 1696 3989 ambiguum
1745 3916 1840 3972 cst
1890 3910 2046 3992 quin
2108 3910 2381 3984 mittere,

884 4010 968 4071 sit
1008 4008 1403 4071 sublimioris
1447 4008 1711 4080 ordiniS,
1746 4009 1911 4070 mitti
1956 4017 2194 4082 autem,
2227 4010 2385 4072 infe·

884 4106 1111 4182 rioris3
1170 4105 1463 4188 quamvis
1526 4105 1809 4167 vicissim
1880 4105 2045 4167 mitti
2114 4107 2383 4180 dicatur,

2489 3147 2616 3190 non
2649 3126 2917 3190 naturali
2953 3127 3212 3195 malitia,
3247 3135 3441 3188 restat
3485 3135 3556 3188 ut
3598 3135 3834 3208 peccato
3861 3141 3948 3184 vo-

2493 3226 2750 3288 luntatis
2795 3225 2945 3286 mali
2989 3225 3456 3287 existimentur.

2571 3323 2894 3397 Quomodo
2941 3331 3154 3384 autem
3205 3322 3268 3384 in
3320 3323 3716 3386 daemonibus
3763 3339 3946 3404 pecca-

2491 3431 2628 3484 tum
2685 3439 2824 3484 csse
2887 3427 3098 3503 queat,
3155 3421 3286 3501 jam
3353 3421 3796 3503 inquirendum
3851 3425 3943 3481 est.

2490 3521 2755 3583 Videtur
2809 3520 3046 3581 etenim
3103 3519 3568 3583 rationabiliter
3614 3515 3950 3582 intendenti-

2493 3618 2636 3690 bus,
2671 3636 2794 3679 non
2837 3618 3121 3698 potuisse
3163 3624 3497 3698 peccatum
3536 3617 3857 3681 voluntatis
3895 3613 3946 3674 in

2493 3715 2890 3778 daemonibus
2923 3715 3286 3795 contigisse.
3319 3716 3474 3777 Nam
3520 3734 3715 3797 quum
3743 3715 4110 3776 bonumnm01·.

2494 3814 2988 3896 apprehensum,
3015 3813 3096 3874 sit
3124 3812 3450 3893 objectum
3483 3813 3830 3884 voluntatiS,
3859 3812 3950 3871 im-

2497 3910 2802 3992 possibile
2847 3919 2942 3972 est
2981 3911 3044 3971 in
3091 3910 3418 3973 voluntate
3458 3919 3784 3993 peccatum
3820 3906 3952 3970 acci·

2495 4010 2665 4082 dere,
2701 4009 2751 4070 si
2794 4027 2920 4070 non
2963 4016 3196 4090 praeeat
3235 4027 3412 4071 error
3455 4009 3820 4072 intellectus.
3849 4007 3954 4068 1)ae-

2500 4125 2646 4168 mon
2707 4115 2918 4168 autem
2982 4115 3078 4168 est
3133 4107 3488 4170 substantia
3550 4102 3952 4170 intellectualis

884 4204 991 4286 qui
1046 4204 1335 4284 ejusdem
1386 4211 1629 4266 naturae
1679 4212 1775 4266 est
1823 4222 1971 4265 cum
2024 4205 2316 4268 mittente
2371 4224 2382 4267 :
2419 4205 2468 4267 D
2499 4223 2624 4267 non
2657 4204 2980 4278 sensitiva,
3015 4212 3078 4268 et
3109 4205 3484 4287 incorporea
3518 4222 3532 4267 ε
3567 4224 3691 4268 non
3721 4212 3808 4268 est
3831 4218 3954 4280 ergo

886 4303 1227 4365 candorem
1268 4321 1547 4384 namque
1590 4302 1784 4365 mittit
1822 4303 1929 4364 lux
1971 4303 2157 4383 igniS,
2193 4312 2256 4366 et
2295 4323 2388 4366 ra-

885 4401 1063 4463 dium
1114 4400 1310 4462 mittit
1354 4400 1594 4473 lumen,
1643 4400 1811 4462 sicut
1854 4408 2073 4462 contra
2122 4401 2387 4464 Arianos

887 4497 1135 4562 inducit
1180 4497 1591 4580 Augustinus,

1265 4718 1755 4782 ARTICULUS
1803 4719 2013 4781 LXX.

890 4843 978 4902 Et
998 4850 1091 4899 est
1122 4841 1524 4900 introductio
1555 4842 1993 4916 quarumdam
2029 4840 2387 4909 rat-ionum,

972 4931 1207 5008 quibus
1250 4930 1505 4988 ostendi
1547 4930 1836 4997 videtur,
1876 4947 2005 4987 non
2040 4947 2222 5004 posse
2261 4948 2389 4986 esse

962 5028 1298 5094 peccatum
1348 5020 1421 5077 in
1470 5019 1891 5078 daemonibus,

1032 5179 1261 5243 AEMON
1303 5196 1533 5259 nempe
1579 5177 1644 5239 in
1685 5177 1921 5252 Graeco,
1956 5177 2176 5240 Latine
2209 5185 2390 5240 sonat

1059 5278 1519 5358 intelligentem
1554 5293 1567 5338 :
1603 5277 1771 5339 unde
1810 5276 2057 5340 daemon
2098 5275 2386 5338 substan-

2497 4303 2564 4366 in
2624 4321 2700 4366 eo
2757 4303 3040 4384 potentia
3088 4303 3518 4384 cognoscitiva
3578 4305 3694 4366 nisi
3750 4300 3955 4366 intelle-

2500 4409 2658 4464 ctus.
2712 4401 3031 4483 Quidquid
3090 4420 3240 4483 ergo
3299 4410 3708 4482 cognoscunt,
3765 4399 3956 4463 intelli-

2499 4509 2675 4582 gunt.
2731 4501 2797 4562 In
2849 4518 2924 4563 eo
2971 4507 3183 4564 autem
3239 4501 3408 4581 quod
3469 4503 3614 4582 quis
3673 4497 3950 4578 intelligit,

2500 4617 2626 4661 non
2672 4606 2839 4660 errat
2887 4616 2900 4660 ε
2946 4617 3023 4660 ex
3073 4597 3325 4660 defectu
3375 4599 3548 4662 enim
3601 4593 3949 4678 intelligendi

2499 4696 2704 4759 oritur
2745 4696 2954 4758 omnis
2996 4714 3173 4759 error
3217 4696 3281 4757 in
3325 4697 3735 4760 intellectuali
3775 4713 3950 4759 essen·

2498 4795 2603 4857 tia.
2621 4796 2882 4858 Videtur
2911 4813 3061 4876 ergo
3093 4794 3154 4856 in
3186 4794 3585 4858 daemonihus
3615 4816 3736 4860 non
3764 4795 3949 4857 cadere

2499 4911 2675 4955 error
2730 4893 3074 4956 voluntatis
3132 4912 3243 4955 seu
3305 4901 3659 4974 peccatum.
3711 4929 3782 4940 —-
3823 4893 4016 4954 Prae-u·-

2496 5000 2690 5062 terea,
2724 4991 2900 5053 nulla
2929 4991 3130 5052 virtus
3171 4991 3602 5072 cognoscitiva
3641 4993 3800 5055 circa
3831 5005 3949 5072 pro·

2497 5089 2710 5171 prium
2761 5088 3085 5168 objectum
3129 5088 3470 5170 decipitur,
3517 5091 3627 5152 scd
3677 5090 3830 5152 circa
3867 5105 3950 5148 ex-

2497 5196 2789 5250 traneum
2861 5187 3178 5269 quoddam
3253 5187 3674 5250 circumstans
3733 5207 3746 5250 :
3811 5186 3951 5248 visus

2499 5303 2777 5368 namque
2822 5302 2947 5348 non
2993 5285 3058 5346 in
3101 5284 3347 5366 judicio
3390 5285 3643 5361 coloris,
3675 5286 3778 5349 sed
3817 5283 3952 5345 circa
