4300 6259
894 451 1016 516 366

899 742 1052 803 dum
1113 738 1524 822 perfectionis
1581 746 1645 800 et
1699 737 1990 799 ordinem
2049 732 2395 814 dignitatis

899 840 1139 901 Formae
1198 855 1476 920 namque
1535 835 1878 904 naturales,
1931 851 2059 916 quo
2117 831 2277 895 fonti
2337 839 2400 894 et

897 936 1188 999 omnium
1229 935 1576 999 formarum
1623 933 1932 997 conditori
1981 930 2220 992 fuerint
2258 947 2399 1013 pro-

899 1035 1291 1117 pinquioreS,
1325 1051 1401 1096 eo
1441 1034 1744 1095 dicuntur
1772 1050 1808 1093 a
1838 1030 1972 1094 suis
2011 1027 2400 1090 materiebus

897 1133 1322 1206 distantioreS,
1366 1139 1592 1214 utputa
1633 1131 1938 1192 virtutem
1981 1136 2044 1190 et
2090 1127 2401 1209 operatio-

899 1250 1044 1294 nem
1085 1231 1452 1294 facultatem
1496 1229 1776 1292 materiae
1813 1225 2257 1289 vehementius
2297 1245 2400 1287 su-

899 1329 1396 1412 pergredientes,
1440 1327 1766 1389 habentes,
1809 1325 2142 1406 Quumque
2188 1323 2401 1386 anima

898 1427 1223 1491 rationalis
1247 1427 1330 1489 sit
1361 1427 1426 1488 in
1457 1423 1686 1488 umbra
1707 1422 2143 1504 intelligentiae
2165 1429 2394 1495 creata,

898 1526 1252 1588 secundum
1297 1527 1490 1598 Isaac,
1526 1523 1767 1586 habens
1813 1540 1879 1583 se
1923 1521 2001 1582 ad
2043 1519 2399 1600 intelligen-

897 1623 1051 1686 tiam
1083 1623 1250 1685 sicut
1280 1642 1348 1685 se
1379 1622 1570 1684 babet
1600 1620 1773 1683 color
1801 1620 1877 1681 ad
1913 1619 2151 1692 lumen,
2177 1636 2399 1679 secun-

897 1723 1052 1785 dum
1095 1723 1528 1799 Avicennam3
1563 1721 1704 1782 ideo
1747 1719 1980 1780 mirum
2023 1735 2150 1779 non
2190 1725 2307 1788 est,
2342 1716 2393 1778 si

1519 469 1596 515 DE
1639 467 1866 514 tumme
1907 463 2292 512 cumsTIANAE
2331 460 2635 522 monus,
2679 464 2855 512 LIBER
2896 465 2935 510 1.
2981 484 3062 494 ·-
3102 467 3241 514 Aur.
3288 465 3389 514 CIV

599 665 682 706 ιι-ι.
703 673 869 704 mxv..
897 641 1241 724 gationem,
1275 643 1382 705 sed
1432 647 1500 704 ut
1543 639 1832 703 habitum
1874 644 1990 709 est,
2025 654 2220 718 penes
2260 653 2396 717 gra·
2429 633 2480 698 A
2510 642 2574 698 et
2600 635 2781 700 alteri
2817 637 3120 712 innitenS,
3154 657 3265 701 seu
3296 638 3615 721 quomodo
3654 637 3814 700 idem
3846 653 3965 697 esse

2508 735 2709 817 possit
2748 737 3010 800 attribui
3056 738 3279 801 formae
3336 745 3399 800 et
3454 737 3568 800 toti
3627 736 3965 819 composito,

2509 835 2599 895 sic
2632 835 2799 916 quod
2834 835 2897 896 in
2931 853 3060 898 uno
3090 837 3444 917 eodemque
3476 855 3637 910 esse,
3658 844 3969 916 utrumque

2509 932 2830 996 subsistat.
2884 935 3126 998 Formae
3184 953 3418 1017 nempe
3478 952 3604 997 non
3652 933 3972 1008 intellectu·

2507 1031 2661 1106 aleS,
2726 1032 2874 1094 licet
2938 1033 3069 1095 sint
3136 1033 3529 1116 principium
3598 1033 3789 1114 ipsius
3850 1049 3973 1092 esse

2509 1131 2703 1192 totius
2751 1133 3113 1213 compositi,
3165 1149 3293 1195 non
3352 1139 3566 1195 tamen
3617 1132 3677 1194 in
3726 1149 3790 1194 se
3836 1130 3975 1212 ipsis

2510 1229 2886 1291 subsistunt.
2904 1230 3047 1293 Haec
3076 1237 3285 1293 autem
3312 1231 3445 1311 jam
3478 1229 3799 1311 explanata
3826 1235 3971 1290 sunt.

2508 1327 2802 1391 Animam
2844 1336 3057 1391 autem
3090 1347 3231 1392 esse
3261 1329 3324 1391 in
3362 1328 3622 1391 materia
3658 1337 3724 1390 ut
3760 1334 3973 1399 actum,

2509 1433 2570 1488 et
2601 1434 2767 1488 stare
2798 1426 2861 1488 in
2895 1447 2963 1490 se
2997 1427 3154 1509 ipsa,
3180 1445 3302 1490 non
3334 1434 3432 1490 est
3462 1427 3739 1491 localiter
3766 1426 3977 1488 distare

2509 1545 2649 1587 eam
2698 1545 2733 1587 a
2780 1545 2849 1588 se
2900 1526 3079 1608 ipsa3
3129 1527 3237 1588 sed
3300 1533 3396 1588 est
3452 1545 3591 1590 eam
3650 1524 3978 1589 secundum

2508 1625 2811 1705 quasdam
2855 1625 3257 1706 operationes
3286 1633 3350 1688 et
3378 1625 3613 1706 gradus
3651 1623 3979 1687 communi-

2510 1741 2651 1784 care
2690 1741 2837 1784 cum
2880 1724 3165 1796 materia,
3199 1731 3261 1785 et
3300 1724 3653 1786 secundum
3698 1724 3979 1805 quasdam

895 1823 1146 1884 dicatur
1180 1822 1537 1884 secundum
1581 1820 1743 1882 hanc
1784 1817 1882 1879 sui
1933 1815 2392 1898 perfectionem
2433 1816 2480 1877 B
2514 1821 2824 1902 potentias
2880 1821 3019 1884 sine
3086 1823 3667 1885 communicatione
3720 1821 3981 1904 corporis

893 1941 930 1984 a
962 1921 1227 1984 materia
1269 1927 1557 2001 separata
1591 1935 1604 1979 :
1641 1917 1744 1979 cui
1793 1923 2004 1978 tamen
2055 1914 2399 1995 conjuncta

895 2029 992 2083 est
1020 2019 1371 2082 secundum
1405 2035 1546 2080 esse
1585 2025 1646 2078 et
1686 2015 2048 2085 essentiam,
2087 2032 2199 2096 per
2239 2021 2400 2074 cete-

898 2138 997 2181 ras
1039 2116 1464 2200 perfectiones
1495 2123 1559 2178 et
1587 2113 1902 2196 potentias
1940 2112 2062 2174 sibi
2103 2119 2167 2173 et
2206 2118 2398 2173 mate-

897 2218 1007 2280 riae
1076 2233 1471 2279 communest.
1542 2213 1644 2276 Sic
1713 2230 1968 2294 quoque
2030 2211 2197 2272 idem
2260 2228 2399 2271 esse

897 2317 1150 2389 animae,
1188 2322 1446 2397 propter
1475 2311 1934 2395 expansionem
1957 2309 2212 2371 virtutis
2245 2327 2396 2381 suae,

899 2415 1135 2478 dicitur
1183 2411 1604 2476 immateriale
1653 2418 1717 2472 et
1765 2409 1962 2472 solius
2007 2407 2259 2480 animae,
2305 2425 2399 2468 se-

899 2515 1183 2577 cundum
1215 2512 1385 2595 quod
1423 2511 1574 2574 fluit
1611 2509 1689 2572 ab
1729 2507 1941 2571 anima
1981 2505 2401 2569 intellectuali

899 2613 1254 2676 secundum
1284 2612 1453 2673 vires
1493 2629 1639 2672 suas
1671 2614 1990 2690 separatas
2022 2613 2085 2667 et
2115 2605 2397 2683 divinas3

899 2719 964 2775 et
995 2711 1164 2774 idem
1195 2710 1432 2772 dicitur
1463 2707 1788 2771 materiale
1820 2713 1881 2768 et
1912 2706 2106 2768 totius
2148 2721 2401 2785 compo-

899 2811 1028 2884 siti,
1063 2810 1127 2872 in
1160 2817 1470 2892 quantum
1515 2814 1769 2870 emanat
1806 2805 1887 2867 ab
1923 2805 2136 2866 anima
2181 2821 2402 2865 secun—

899 2911 1053 2972 dum
1087 2907 1447 2971 materiales
1477 2914 1540 2968 et
1570 2905 1899 2986 organicas
1931 2922 2077 2964 suas
2108 2902 2395 2964 virtuteS.

2508 1920 2754 2001 operari
2774 1921 2971 2000 :quod
3006 1921 3227 2003 utique
3256 1920 3651 1983 rationaliter
3675 1920 3981 2000 contingit,

2510 2037 2710 2100 quum
2752 2019 2835 2079 sit
2880 2019 3018 2101 ipsa
3062 2019 3320 2083 horizon
3368 2018 3741 2094 formarum,
3774 2027 3835 2082 et
3870 2027 3986 2080 tan-

2509 2136 2701 2199 quam
2734 2117 3089 2181 confinium
3124 2119 3439 2201 quoddam
3473 2137 3907 2202 corporeorum
3934 2125 3989 2180 et

2512 2233 3058 2297 incorporeorum.

2589 2314 2832 2386 Denuo,
2879 2315 3093 2376 anima
3142 2315 3379 2377 dicitur
3427 2315 3492 2377 in
3546 2334 3614 2378 se
3664 2315 3987 2379 subsistere

2512 2411 2576 2474 in
2620 2430 2905 2494 corpore,
2942 2430 3069 2475 non
3109 2414 3275 2476 sicut
3313 2414 3467 2496 quid
3512 2414 3891 2497 completum
3931 2414 3987 2476 in

2511 2511 2747 2592 specie,
2802 2513 2912 2573 sed
2972 2512 3154 2594 quasi
3206 2531 3334 2574 non
3382 2513 3755 2594 dependens
3802 2529 3987 2594 neque

2512 2610 2815 2672 immersa
2846 2609 3145 2683 materiae,
3180 2610 3421 2673 habens
3460 2611 3762 2674 videlicet
3794 2629 3988 2694 opera-

2510 2709 2715 2772 tiones
2764 2717 2826 2771 et
2867 2709 3182 2791 potentias
3230 2729 3371 2792 quae
3420 2729 3631 2793 neque
3674 2711 3739 2772 in
3777 2727 3989 2791 organo

2510 2827 2719 2890 neque
2764 2809 2828 2870 in
2876 2808 3139 2870 materia
3184 2808 3549 2871 radicantur
3592 2827 3605 2872 :
3650 2817 3713 2872 et
3760 2809 3842 2872 ita
3884 2827 3986 2872 nec

2512 2907 2724 2968 anima
2794 2907 2857 2968 in
2930 2907 3195 2969 materia
3253 2907 3523 2989 suscipit
3582 2907 3987 2970 subsistentiae

899 3009 1115 3090 Ipsum
1187 3015 1402 3068 tamen
1471 3022 1802 3086 nunquam
1871 3008 1968 3063 est
2021 2999 2259 3062 alicubi
2320 2998 2400 3060 ab
2439 2997 2481 3060 C
2512 3005 2963 3067 fulcimentum
3008 3005 3363 3067 secundum
3408 3006 3581 3068 hunc
3632 3027 3763 3070 suae
3810 3005 3989 3088 perfe-

899 3107 1176 3170 essentia
1204 3106 1434 3167 animae
1479 3109 1880 3183 separatum3
1914 3102 2023 3162 sed
2065 3099 2231 3161 sicut
2270 3097 2402 3160 ani-

901 3225 1005 3268 ma
1048 3204 1283 3268 dicitur
1331 3201 1674 3282 conjuncta
1717 3207 1781 3262 et
1827 3205 2135 3280 separata,
2188 3196 2280 3259 sic
2339 3203 2403 3257 et

899 3324 1037 3368 esse
1068 3303 1463 3386 ejuS.Neque
1494 3299 1882 3363 diffunditur
1912 3316 2051 3360 esse
2082 3297 2161 3359 ab
2193 3314 2403 3359 essen-

898 3405 1007 3479 tia,
1041 3403 1151 3466 ubi
1183 3421 1308 3466 non
1341 3408 1437 3465 est
1467 3397 1762 3462 essentia.
1799 3397 2054 3459 Materia
2083 3402 2297 3457 autem
2339 3401 2402 3457 et

899 3505 1106 3567 forma
1135 3497 1746 3584 sunt-penetrativae,
1781 3504 1843 3558 et
1875 3494 2146 3557 ubilibet
2183 3492 2394 3554 simul.

901 3603 1030 3665 Hoc
1089 3601 1191 3682 pie
1247 3597 1695 3681 accipiendum
1755 3602 1872 3668 est,
1935 3593 2084 3675 quia
2144 3590 2401 3673 proprie

901 3699 1079 3762 nulla
1127 3705 1334 3760 creata
1384 3695 1661 3759 essentia
1706 3699 1996 3776 penetrat
2036 3690 2226 3753 aliam
2272 3697 2402 3752 tan-

900 3817 1096 3882 quam
1141 3797 1410 3859 illabens
1454 3794 1532 3856 ei.

1293 4066 1784 4132 ARTICULUS
1833 4065 2002 4128 CIV.

2513 3104 2742 3166 ctionis
2788 3105 3077 3184 gradum.
3133 3104 3262 3167 Hoc
3302 3111 3517 3166 tamen
3566 3123 3695 3167 non
3746 3105 3989 3187 impedit

2510 3203 2666 3286 quin
2712 3204 3064 3265 secundum
3110 3203 3273 3265 hanc
3312 3223 3494 3265 suam
3547 3203 3983 3286 perfectionem

2512 3301 2713 3384 possit
2744 3319 2975 3382 corpus
3018 3318 3253 3382 ponere
3284 3301 3349 3363 in
3381 3301 3621 3383 specie,
3656 3302 3757 3365 vel
3802 3300 3988 3384 potius

2511 3401 2623 3462 toti
2682 3398 2963 3481 speciem
3027 3399 3243 3480 largiri
3297 3417 3309 3460 :
3362 3418 3509 3461 nam
3568 3418 3711 3462 esse
3770 3399 3987 3462 intelle·

2512 3498 2719 3561 ctuale
2760 3497 2991 3560 animae
3034 3497 3224 3559 habet
3266 3496 3714 3560 habitudinem
3758 3500 3830 3562 ad
3872 3517 3986 3562 cor-

2513 3617 2653 3680 puS,
2676 3597 2843 3659 sicut
2874 3595 2936 3656 in
2969 3596 3238 3658 articulo
3272 3596 3653 3678 praecedenti
3686 3605 3983 3660 ostensum

2512 3703 2625 3758 est.
2662 3695 2777 3757 Per
2816 3694 3193 3756 sensitivam
3232 3694 3447 3777 itaque
3488 3703 3551 3756 et
3592 3703 3832 3758 ceteros
3870 3713 3987 3776 gra-

2512 3794 2631 3855 dus
2699 3792 3034 3855 inferiores
3093 3791 3171 3854 fit
3229 3792 3682 3856 intellectualis
3740 3793 3987 3856 essentia

2514 3892 2866 3954 informans
2912 3891 3268 3965 materiam,
3314 3910 3430 3973 per
3470 3909 3613 3954 esse
3658 3900 3865 3956 autem
3910 3911 3989 3952 ra·

2512 3990 2744 4054 tionale
2776 3991 2953 4073 ponit
2992 4009 3132 4052 eam
3166 3990 3233 4052 in
3264 3991 3512 4072 specie3
3544 3999 3609 4054 et
3648 3999 3747 4055 est
3774 3991 3829 4054 ei
3860 4009 3983 4054 con-

2509 4089 2732 4169 juncta
2779 4107 2906 4152 non
2952 4107 3066 4171 per
3115 4088 3611 4171 impressionem
3660 4098 3774 4152 aut
3819 4088 3987 4152 infor-

902 4226 991 4288 Ec
1035 4231 1126 4282 est
1179 4220 1506 4297 responsio
1554 4220 1641 4277 ad
1690 4218 1976 4276 rationes
2023 4215 2259 4294 quibus
2298 4233 2401 4272 su-
2433 4194 2482 4256 D
2516 4189 2858 4252 mationem
2892 4189 2988 4250 sui
3022 4189 3087 4249 in
3121 4188 3475 4262 materiam,
3510 4189 3621 4252 sed
3656 4190 3864 4272 potius
3894 4207 3993 4272 per

975 4313 1209 4390 perias
1255 4309 1848 4386 aryumentabacur
1897 4307 2403 4364 intellectualem

985 4403 1329 4462 essentiam
1375 4416 1507 4458 ‘non
1549 4415 1732 4473 posse
1778 4397 2071 4472 corporis
2117 4395 2402 4470 formam

984 4492 1185 4571 effici.

1038 4689 1091 4752 X
1121 4689 1220 4751 his
1260 4688 1474 4768 itaque
1517 4685 1864 4767 praelibatis
1912 4689 2124 4765 parata
2168 4689 2265 4744 est
2303 4681 2407 4743 via

1066 4786 1457 4852 dissolvendi
1487 4785 1619 4847 vim
1651 4803 1870 4846 eorum
1912 4801 2055 4863 quae
2095 4781 2410 4863 praeindu·

669 4911 877 4954 araxem.
909 4890 1238 4961 cebantur,
1274 4886 1443 4969 quod
1475 4883 1800 4946 rationalis
1829 4882 2044 4944 anima
2075 4898 2201 4942 non
2243 4888 2410 4941 esset

911 4988 1294 5050 intrinsecus
1325 4993 1389 5047 et
1417 4984 1664 5066 primus
1693 4989 1868 5043 actus
1901 4979 2199 5042 materiae.
2238 4979 2311 5040 Et
2343 4985 2411 5039 ut

913 5087 1070 5150 mihi
1115 5085 1390 5158 videtur,
1433 5082 1530 5145 vis
1576 5081 1864 5143 omnium
1913 5079 2232 5142 rationum
2280 5077 2411 5139 illa-

911 5204 1054 5248 rum
1086 5184 1259 5246 aliud
1292 5200 1418 5245 non
1460 5180 1758 5263 postulat,
1795 5198 1988 5261 quam
2037 5185 2106 5240 ut
2150 5176 2413 5240 manife-

911 5291 1116 5348 stetur
1150 5281 1421 5365 qualiter
1449 5280 1670 5344 eadem
1701 5278 1906 5342 forma
1935 5279 2018 5340 sit
2043 5279 2107 5340 in
2139 5297 2207 5341 se
2238 5285 2411 5341 stans

2513 4296 2786 4352 tractum
2846 4287 3189 4370 quemdam
3240 4305 3366 4370 quo
3415 4288 3612 4351 trahit
3658 4307 3885 4372 corpus
3924 4287 3988 4351 ad

2515 4394 2804 4450 naturam
2853 4393 2916 4448 et
2966 4386 3227 4449 modum
3278 4386 3377 4448 sui
3425 4405 3585 4450 esse.
3642 4387 3795 4450 Esse
3839 4387 3989 4450 enim

2514 4484 2883 4548 substantias
2924 4483 3375 4546 intellectualis
3417 4492 3547 4547 tam
3593 4485 3853 4567 plenum
3888 4493 3987 4559 est,

2517 4593 2585 4647 ut
2616 4583 2968 4646 secundum
3002 4602 3069 4646 se
3100 4591 3302 4646 totum
3343 4603 3380 4646 a
3424 4584 3688 4646 materia
3734 4603 3991 4667 compre-

2518 4681 2709 4744 hendi
2744 4689 3039 4763 nequeat,
3074 4682 3183 4744 sed
3216 4682 3424 4744 solum
3462 4682 3819 4744 secundum
3846 4683 3990 4744 vires

2521 4779 2881 4842 materiales
2936 4787 2999 4842 et
3053 4779 3402 4861 organicas.
3458 4779 3708 4862 Quippe
3758 4780 3839 4844 ob
3890 4780 3991 4842 hoc

2520 4881 2689 4963 quod
2747 4881 2960 4942 anima
3009 4880 3364 4942 secundum
3416 4879 3873 4960 perfectionem
3918 4878 3995 4939 in-

2520 4979 2947 5042 tellectualem
2980 4997 3107 5041 non
3138 4986 3234 5041 est
3276 4977 3652 5053 informanS‚
3694 4979 3805 5040 sed
3847 4979 3901 5040 in
3936 4995 3992 5038 se

2520 5087 2715 5152 stanS,
2750 5095 2875 5140 non
2909 5078 3199 5158 sequitur
3228 5078 3399 5159 quod
3444 5084 3613 5139 totus
3657 5076 3849 5140 homo
3886 5094 3991 5137 non

2520 5179 2603 5240 sit
2631 5195 2780 5239 vere
2812 5176 3158 5249 rationalis,
3190 5183 3300 5238 aut
3328 5176 3498 5257 quod
3538 5175 3678 5258 ipsa
3716 5176 3849 5238 sola
3883 5173 3993 5236 ani-

2524 5296 2625 5341 ma
2668 5277 2752 5338 sit
2798 5275 3007 5339 homo.
3059 5273 3304 5336 Dicitur
3358 5274 3535 5337 enim
3594 5273 3793 5338 homo
3834 5272 3995 5336 ratio·
