4300 6259
1054 540 1133 587 1>ss
1174 540 1401 586 Lunum
1442 538 1825 585 cnmsrlANAE
1865 537 2172 595 ‘ramma-3,
2217 538 2392 584 LIBER
2434 540 2472 584 1.
2521 556 2600 568 —
2641 541 2782 587 Ant.
2829 540 2978 588 exul

3443 523 3564 588 379

460 712 760 776 ticorum.
806 711 1095 793 Denique
1138 712 1203 773 in
1245 710 1482 773 Timaeo
1523 709 1695 773 Plato
1736 707 1965 771 asserit
1992 706 2045 771 A
2072 708 2363 771 absoluta
2427 710 2872 793 possibilitate,
2933 730 3015 773 an
3081 710 3384 774 videlicet
3437 728 3567 775 non

460 810 637 874 hunc
667 811 983 874 mundum
1012 809 1384 872 sensibilem
1416 808 1497 871 ab
1526 808 1871 890 archetypo
1900 815 1963 869 et

460 910 856 992 intelligibili
904 908 1161 981 mund0,
1196 908 1261 970 in
1304 925 1433 990 quo
1472 907 1763 970 omnium
1805 906 1961 969 ideae

458 1009 639 1072 velut
687 1009 949 1091 quidam
1000 1008 1207 1071 fontes
1256 1026 1472 1069 rerum
1531 1006 1959 1079 continentur,

458 1108 797 1173 effluxisse
830 1126 1061 1190 :quam
1092 1107 1514 1170 effluxionem
1546 1106 1727 1189 ponit
1756 1123 1961 1169 causae

458 1208 929 1279 coaeternalem,
961 1225 1037 1270 6ο
1067 1206 1237 1289 quod
1281 1206 1497 1287 opifex
1536 1204 1761 1267 mundi
1802 1204 1963 1286 opti-

460 1325 606 1368 mus
634 1312 771 1368 erat
804 1323 817 1367 ε
850 1305 930 1367 ab
960 1306 1207 1386 optimo
1236 1322 1469 1386 nempe
1510 1302 1751 1366 invidia
1790 1320 1963 1385 pror-

456 1423 569 1466 sus
610 1404 886 1485 relegata
926 1411 1040 1465 est.
1078 1402 1151 1464 Et
1197 1403 1367 1465 hunc
1413 1401 1704 1484 sequitur
1746 1401 1963 1462 schola

456 1502 841 1566 Stoicorum.
874 1500 1419 1566 Profundissimus
1446 1507 1661 1563 autem
1693 1500 1962 1562 Platoni-

456 1620 682 1665 corum
731 1600 1011 1673 ProcluS,
1054 1600 1165 1681 qui
1212 1617 1377 1681 pene
1423 1606 1619 1661 totam
1680 1606 1961 1661 mentem

454 1700 735 1762 Platonis
765 1700 829 1761 in
862 1697 1365 1761 theorematibus
1398 1717 1528 1761 suae
1568 1697 1962 1778 Theologicae

455 1797 963 1861 elementationis
984 1796 1377 1877 dignoscitur
1396 1815 1471 1858 ex
1480 1795 1808 1878 pressisse,
1824 1796 1841 1856 i
1850 1814 1962 1877 pse

2071 817 2385 889 repugnet
2427 818 2666 873 naturae
2713 811 2880 873 entis
2929 812 3145 882 creati,
3187 818 3566 873 coaeternam

2071 923 2212 968 esse
2243 926 2447 970 causae
2478 908 2718 990 primae.
2753 909 2911 972 Nam
2951 928 3027 971 ex
3069 909 3405 992 hypothesi
3447 909 3568 972 hoc

2071 1004 2472 1086 impossibile
2501 1015 2616 1078 est,
2649 1024 2724 1069 eo
2763 1008 2932 1088 quod
2975 1027 3054 1071 ex
3092 1014 3382 1089 tempore
3424 1024 3569 1069 eon·

2071 1103 2244 1164 ditus
2274 1104 2378 1165 sit.
2411 1104 2480 1166 In
2512 1105 2922 1186 praeinductis
2959 1124 3113 1170 vero
3152 1106 3426 1168 rationes
3457 1123 3566 1188 po·
3613 1120 3860 1169 mmm,

2070 1200 2208 1265 sitae
2273 1210 2423 1264 sunt
2481 1202 2794 1277 fortiores,
2857 1204 3092 1286 quibus
3149 1204 3566 1269 aeternitatem
3594 1196 3760 1227 uum.

2074 1300 2297 1362 mundi
2341 1300 2704 1383 philosophi
2749 1310 3100 1384 posuerunt
3142 1319 3155 1364 :
3190 1321 3332 1384 quae
3375 1302 3568 1364 etiam

2073 1399 2209 1462 illic
2265 1398 2694 1462 solvebantur.
2755 1400 2894 1463 Non
2949 1401 3124 1463 enim
3181 1400 3439 1475 habent,
3502 1408 3573 1462 ut

2072 1504 2227 1559 tunc
2271 1498 2624 1573 dicebatur,
2657 1500 3127 1562 necessitatem.

2154 1596 2508 1658 Dicendum
2567 1597 2784 1678 igitur,
2836 1598 3006 1679 quod
3056 1597 3440 1679 simpliciter
3488 1599 3574 1661 lo-

2072 1694 2348 1775 quondo,
2391 1693 2482 1755 nil
2523 1694 2820 1776 prohibet
2860 1696 3172 1759 mundum
3214 1696 3296 1758 ab
3338 1705 3576 1759 aeterno

2074 1790 2295 1865 fuisse,
2346 1800 2410 1855 et
2465 1800 2679 1855 tamen
2731 1812 2879 1855 vere
2928 1802 3212 1857 creatum
3272 1813 3430 1857 esse.
3487 1795 3576 1857 De

456 1896 527 1958 in
588 1902 953 1958 commento
1000 1894 1343 1957 tricesimae
1392 1902 1633 1975 quartae
1682 1894 1963 1975 proposi-
1992 1888 2038 1949 B
2072 1891 2314 1953 ratione
2364 1910 2642 1973 namque
2690 1890 2986 1965 effectuS,
3039 1910 3165 1955 non
3216 1900 3314 1955 est
3358 1893 3464 1955 hic
3513 1900 3576 1955 et

454 1992 655 2056 tionis
696 1994 783 2055 ita
821 1993 959 2054 ait:
993 1992 1080 2053 Ex
1125 1991 1227 2053 his
1272 1991 1495 2073 utique
1523 1992 1777 2072 (utputa
1822 2010 1962 2072 quae

455 2090 951 2169 demonstravit)
1009 2088 1446 2161 manifestum,
1498 2090 1667 2171 quod
1716 2089 1961 2170 appeti-

452 2189 591 2251 bile
620 2186 923 2252 omnibus
952 2195 1049 2250 est
1080 2187 1463 2261 intellectus,
1504 2196 1567 2249 et
1612 2189 1965 2269 procedunt

453 2288 675 2351 omnia
713 2286 793 2348 ab
835 2286 1185 2359 intellectu,
1225 2292 1290 2348 et
1334 2294 1505 2348 totus
1560 2286 1835 2348 mundus
1880 2285 1960 2347 ab

452 2385 789 2448 intellectu
823 2372 1244 2447 substantiam
1284 2384 1476 2446 habet
1509 2401 1523 2446 z
1558 2392 1623 2447 et
1651 2384 1702 2447 si
1738 2402 1960 2467 perpe-

453 2492 609 2547 tuus
650 2491 749 2545 est
790 2483 1093 2557 munduS,
1133 2500 1262 2545 non
1302 2482 1445 2546 ideo
1484 2500 1611 2545 non
1651 2483 1955 2565 procedit.

452 2582 537 2645 Et
568 2590 710 2663 post
742 2598 945 2662 pauca
982 2598 995 2641 ε
1030 2580 1152 2643 Sed
1181 2587 1246 2642 et
1276 2580 1564 2662 procedit
1606 2598 1861 2661 semper
1897 2588 1962 2643 et

452 2687 811 2762 perpetuus
880 2686 977 2741 est
1044 2678 1400 2740 secundum
1469 2679 1835 2751 essentiam,
1898 2687 1960 2740 et

452 2796 805 2841 conversus
836 2785 932 2839 est
962 2795 1216 2859 semper
1246 2784 1309 2838 et
1340 2776 1703 2839 insolubilis
1734 2795 1958 2839 secun-

453 2877 613 2939 dum
678 2875 992 2938 ordinem.
1057 2874 1302 2938 Dicitur
1369 2876 1611 2958 quippe
1681 2876 1957 2938 mundus

452 2994 713 3057 semper
744 2974 1088 3057 procedere
1118 2994 1151 3035 a
1183 2974 1413 3056 primo,
1434 2982 1495 3036 et
1527 2992 1781 3055 semper
1812 2992 1958 3037 con-

2072 2008 2263 2050 nunc.
2299 1989 2434 2051 Non
2465 1996 2564 2051 est
2591 1990 2766 2052 enim
2797 1990 2876 2052 de
2907 1991 3150 2053 ratione
3193 1990 3280 2053 rei
3322 1998 3570 2065 creatae,

2072 2086 2242 2169 quod
2273 2087 2358 2149 sit
2386 2094 2538 2150 tunc
2569 2087 2668 2151 vel
2711 2096 2863 2150 tunc
2903 2089 3254 2171 producta3
3295 2089 3406 2151 sed
3445 2088 3574 2151 suf-

2072 2185 2234 2259 ficit,
2285 2186 2337 2248 si
2389 2205 2530 2249 esse
2583 2188 2826 2269 recepit
2871 2188 3049 2251 nullo
3108 2188 3573 2272 praesupposito

2070 2284 2230 2347 citra
2287 2302 2563 2347 causam.
2615 2286 2790 2360 Quod
2839 2294 3052 2349 autem
3103 2287 3411 2368 possibile
3467 2288 3570 2362 sit,

2074 2383 2386 2444 mundum
2437 2402 2626 2445 suum
2675 2402 2815 2447 esse
2859 2384 3202 2467 recepisse,
3253 2392 3315 2448 et
3357 2394 3570 2448 tamen

2068 2479 2149 2541 ab
2180 2487 2416 2543 aeterno
2447 2480 2788 2555 exstitisse,
2823 2482 3148 2564 probatur.
3174 2482 3332 2545 Nam
3364 2484 3573 2567 dupli-

2070 2578 2230 2640 citer
2288 2578 2562 2641 effectus
2621 2579 2909 2660 procedit
2962 2579 3042 2641 ab
3100 2588 3326 2663 agente
3389 2598 3402 2643 :
3460 2600 3577 2664 per

2070 2676 2374 2759 praeviam
2407 2677 2706 2739 videlicet
2738 2678 3159 2741 mutationem
3198 2686 3261 2741 et
3303 2686 3572 2754 motum,

2067 2782 2178 2836 aut
2208 2793 2322 2856 per
2350 2774 2712 2858 simplicem
2745 2776 3238 2839 emanationem.
3257 2778 3332 2839 Et
3360 2797 3574 2859 quam-

2070 2873 2166 2933 vis
2209 2873 2272 2935 in
2313 2872 2412 2935 his
2455 2892 2597 2955 quae
2647 2892 2761 2957 per
2813 2881 3055 2937 motum
3107 2876 3570 2957 producuntur,

2068 2971 2428 3033 necessaria
2487 2972 2570 3033 sit
2633 2972 3006 3054 temporalis
3067 2975 3572 3055 proeexsistentia

450 3075 619 3137 verti
650 3074 1005 3135 secundum
1046 3091 1217 3145 eum,
1249 3072 1399 3154 quia
1438 3090 1693 3154 semper
1722 3072 1958 3155 depen-
1990 3064 2035 3127 C
2070 3088 2296 3143 causae,
2332 3088 2458 3133 non
2498 3078 2711 3133 tamen
2756 3071 2874 3133 hoc
2915 3090 3176 3135 necesse
3221 3080 3316 3135 est
3362 3073 3426 3135 in
3471 3074 3571 3137 his

451 3174 563 3235 det
604 3180 667 3233 et
712 3178 1162 3234 manutenctur
1204 3170 1285 3233 ab
1328 3188 1425 3232 eo.

536 3270 612 3332 Et
652 3270 773 3332 hoc
818 3269 1031 3351 ipsum
1073 3269 1231 3331 dicit
1277 3268 1575 3331 Albertus
1624 3268 1957 3350 scripsisse

446 3367 859 3431 Aristotelem
904 3366 969 3430 in
1014 3366 1285 3449 epistola
1332 3366 1412 3429 de
1458 3367 1777 3449 Principio
1823 3367 1960 3428 uni-

446 3465 618 3528 versi
649 3482 823 3543 esse;
854 3471 919 3527 et
948 3464 1179 3545 partim
1220 3463 1561 3526 concordat
1603 3463 1761 3525 illud
1806 3482 1953 3525 cum

444 3564 767 3627 sententia
818 3563 1029 3644 magni
1092 3562 1400 3644 Dionysii,
1454 3562 1563 3643 qui
1615 3562 1706 3624 ait
1753 3563 1953 3624 Deum

442 3680 577 3725 non
626 3680 767 3724 esse
816 3679 1071 3723 causam
1124 3678 1339 3722 rerum
1391 3667 1460 3721 ut
1506 3678 1680 3721 nunc
1720 3661 1949 3735 solum,

444 3761 563 3823 sed
614 3778 871 3841 semper
928 3777 1189 3821 causare
1248 3776 1349 3821 res
1408 3764 1471 3820 et
1530 3758 1881 3840 producere
1934 3776 1947 3819 :

441 3859 617 3941 quod
650 3857 923 3939 intelligi
966 3874 1094 3919 non
1134 3856 1325 3920 debet
1360 3858 1541 3939 quasi
1576 3857 1743 3919 Deus
1775 3858 1951 3920 omni

446 3964 775 4019 momento
817 3973 1013 4018 novas
1054 3955 1363 4017 essentias
1404 3954 1468 4016 in
1510 3955 1767 4017 entibus
1810 3974 1954 4017 cau-

444 4063 567 4129 set,
618 4054 785 4117 sicut
835 4054 1097 4136 quidam
1148 4053 1355 4135 ignari
1414 4061 1654 4116 naturae
1712 4073 1950 4130 rerum,

444 4155 603 4218 olim
654 4150 1056 4217 aestimabant
1106 4152 1305 4215 solem
1365 4152 1463 4214 vel
1518 4152 1803 4214 lucidum
1864 4154 1953 4215 in·

2068 3186 2210 3248 quae
2241 3168 2522 3250 simplici
2552 3168 2952 3231 emanatione
2982 3170 3336 3252 procedunt
3363 3190 3400 3233 a
3431 3190 3570 3235 cau·

2067 3266 2178 3339 siS,
2213 3266 2380 3328 sicut
2411 3266 2626 3329 radius
2658 3286 2695 3328 a
2727 3266 2887 3329 luce.
2926 3268 3168 3341 Denuo,
3205 3269 3353 3331 licet
3384 3270 3572 3334 ratio-

2068 3382 2182 3425 nes
2215 3363 2338 3427 inae
2369 3364 2845 3446 praenominatae
2877 3365 3431 3449 philosophorum,
3467 3368 3572 3431 de-

2068 3470 2421 3524 monstrare
2451 3470 2774 3544 nequeant
2803 3482 3064 3527 necesse
3095 3483 3234 3528 esse
3266 3467 3572 3529 mundum

2065 3560 2266 3623 fuisse
2298 3560 2378 3623 ab
2408 3569 2666 3635 aeterno,
2699 3563 2941 3643 optime
2972 3570 3184 3625 tamen
3229 3566 3574 3628 ostendunt

2066 3658 2130 3720 id
2199 3658 2412 3741 ipsum
2482 3659 2789 3741 possibile
2857 3660 2992 3723 fore
3056 3679 3069 3723 ε
3134 3662 3406 3745 ideoque
3463 3664 3569 3726 hic

2065 3757 2295 3819 adduci
2331 3765 2626 3839 possent3
2660 3758 2770 3820 sed
2813 3759 3186 3823 reiterandae
3227 3778 3353 3823 non
3395 3770 3564 3824 sunt.

2146 3856 2308 3918 Sunt
2362 3863 2575 3918 autem
2637 3857 2898 3938 quidam
2958 3865 3189 3921 nostrae
3240 3859 3568 3939 religionis

2065 3954 2377 4029 doctoreS,
2439 3955 2550 4035 qui
2608 3955 2928 4017 aestimant
2997 3974 3063 4017 se
3132 3957 3566 4020 demonstrare

2064 4070 2273 4135 posse,
2307 4053 2474 4134 quod
2510 4052 2912 4134 impossibile
2942 4053 3026 4115 sit
3055 4054 3362 4117 effectum
3395 4074 3564 4119 crea-

2062 4158 2200 4213 tum
2231 4150 2314 4213 ab
2343 4158 2581 4214 aeterno
2608 4150 2828 4213 fuisse.
2863 4152 3094 4226 Primo,
3127 4153 3278 4235 quia
3307 4172 3560 4217 causam

444 4258 772 4315 cessanter
826 4268 1065 4312 novum
1116 4250 1336 4313 lumen
1392 4250 1781 4323 diffundere,
1832 4270 1949 4314 nec
1985 4254 2034 4317 D
2066 4268 2324 4312 necesse
2365 4257 2461 4311 est
2501 4250 2939 4331 temporaliter
2968 4269 3240 4333 praeesse
3277 4250 3560 4315 effectui.

444 4366 825 4433 permanere
854 4346 1077 4410 lumen
1117 4346 1455 4422 diffusum,
1488 4349 1599 4411 sed
1640 4350 1813 4411 omni
1856 4350 1949 4411 in·

442 4447 637 4510 stanti
696 4464 917 4509 recens
976 4446 1247 4519 causari,
1309 4446 1617 4529 quamdiu
1676 4454 1799 4509 stat
1854 4447 1948 4510 sol

442 4564 795 4609 conversus
851 4545 931 4607 ad
990 4544 1054 4606 id
1112 4545 1285 4627 quod
1345 4543 1719 4607 illustratur.
1770 4546 1947 4620 Quod

440 4644 710 4707 stultum
744 4650 844 4705 est
872 4648 1115 4725 putare.
1162 4642 1341 4705 Sicut
1370 4643 1545 4705 enim
1589 4642 1805 4706 lumen
1845 4644 1948 4707 de-

438 4743 679 4825 pendet
708 4762 747 4803 a
776 4742 919 4803 luce
962 4741 1029 4803 in
1072 4740 1217 4803 fieri
1261 4748 1325 4804 et
1366 4760 1507 4803 esse
1548 4760 1659 4803 seu
1702 4762 1947 4823 perma—

438 4860 617 4914 nere,
651 4840 744 4903 sic
789 4840 1005 4903 omnia
1052 4840 1418 4921 dependent
1446 4858 1481 4901 a
1512 4840 1727 4901 divina
1765 4839 1947 4903 boni-

436 4948 592 5013 tate,
614 4938 755 5001 sine
786 4938 972 5018 cujus
1004 4938 1341 5019 praesentia
1371 4956 1489 5000 nec
1522 4937 1584 4999 in
1620 4938 1747 4999 ictu
1774 4939 1944 5001 oculi

436 5038 879 5123 persisterent.
943 5068 1022 5080 —
1074 5036 1437 5108 Enimvero,
1500 5035 1652 5117 quia
1720 5056 1946 5099 secun—

433 5140 599 5201 dum
629 5136 966 5199 veritatem
1000 5134 1277 5197 mundus
1319 5134 1561 5216 incepit
1598 5154 1747 5197 cum
1784 5142 1942 5198 tem-

430 5253 599 5320 pore
640 5232 1087 5307 de'terminatO,
1118 5232 1273 5295 dum
1305 5233 1615 5315 quaeritur
1642 5232 1696 5295 si
1729 5242 1944 5315 posset

424 5351 698 5417 semper
726 5338 793 5395 et
818 5329 903 5394 ab
930 5337 1167 5396 aeterno
1194 5328 1419 5407 fuisse,
1451 5332 1717 5415 quaestio
1744 5331 1825 5396 fit
1862 5334 1941 5397 de

2062 4347 2238 4410 Unde
2269 4347 2462 4409 etiam
2495 4347 2738 4421 dicunt,
2772 4348 2942 4429 quod
2975 4348 3026 4409 si
3057 4347 3137 4410 ab
3167 4356 3405 4413 aeterno
3445 4357 3566 4413 ste-

2060 4446 2240 4508 tisset
2283 4465 2396 4528 pes
2439 4445 2502 4507 in
2547 4446 2833 4528 pulvere,
2867 4448 3208 4528 vestigium
3243 4467 3369 4511 non
3400 4458 3568 4512 esset

2061 4551 2390 4607 causatum
2436 4564 2473 4606 a
2510 4545 2813 4607 calcantis
2853 4546 3036 4627 pede,
3087 4547 3195 4608 sed
3239 4565 3567 4610 conserva-

2059 4650 2196 4705 tum
2248 4643 2577 4704 dumtaxat
2629 4660 2644 4704 :
2694 4644 2864 4724 quod
2923 4651 3138 4705 tamen
3195 4653 3292 4707 est
3349 4653 3565 4727 aperte

2060 4750 2279 4803 contra
2320 4741 2768 4820 Augustinum.
2807 4776 2882 4785 —
2913 4741 3240 4815 Praeterea,
3275 4742 3394 4805 ista
3434 4762 3560 4807 non

2056 4846 2227 4901 stant
2279 4837 2495 4912 simul,
2545 4857 2799 4919 semper
2848 4838 3067 4911 fuisse,
3111 4847 3174 4901 et
3218 4841 3562 4923 aliquando

2057 4954 2185 5000 non
2221 4936 2459 5015 fuisse3
2493 4938 2602 4999 sed
2636 4954 2826 4999 omne
2857 4944 3139 4999 creatum
3187 4939 3378 5002 habet
3420 4960 3558 5003 esse

2056 5043 2201 5117 post
2231 5053 2354 5098 non
2387 5054 2549 5108 esse,
2582 5034 2767 5097 aliter
2797 5052 2924 5097 non
2957 5036 3141 5097 fieret
3172 5056 3249 5100 ex
3291 5038 3495 5102 nihilo
3538 5058 3552 5101 :

2052 5134 2394 5216 aliquando
2425 5151 2574 5215 ergo
2606 5151 2732 5196 non
2762 5132 2901 5207 fuit,
2919 5134 3020 5197 vel
3050 5134 3274 5197 saltem
3305 5146 3556 5201 aeternae

2052 5251 2260 5295 causae
2303 5240 2690 5295 coaeternum
2734 5250 2874 5295 esse
2918 5233 3161 5314 nequit.
3195 5268 3276 5279 —-
3303 5234 3549 5311 Adhuc,

2053 5331 2310 5395 infinita
2339 5349 2466 5396 non
2495 5340 2765 5414 possunt
2793 5332 3168 5416 pertransiri
3201 5350 3214 5395 :
3251 5333 3304 5396 si
3333 5341 3548 5400 autem
