4300 6259
1081 499 1164 545 nn
1203 499 1430 546 tumne
1470 499 1856 546 emisimus
1897 499 2203 560 rutnans,
2248 502 2423 551 uana
2468 507 2505 550 1.
2552 523 2633 534 —
2674 507 2813 553 Aur.
2860 507 3025 553 xm‘n
3480 490 3603 554 289

475 661 915 728 desiderium.
949 668 1042 732 Ob
1085 669 1203 732 hoc
1241 671 1436 752 igitur
1473 689 1598 734 non
1638 679 1734 734 est
1775 673 1840 734 in
1879 671 1996 736 hac
2026 672 2079 735 A
2111 673 2558 739 intellectualis
2616 687 2679 740 et
2735 685 3024 761 separata
3080 679 3435 742 substantia
3490 697 3607 760 per

475 761 636 824 vita
679 763 962 844 perfecta
997 785 1070 830 ao
1112 767 1404 830 ultimata
1451 768 1723 832 felicitas
1757 787 1770 830 :
1805 789 1996 851 quam
2107 772 2293 852 cujus
2328 773 2629 838 unionem
2664 776 3011 839 felicitetur
3040 777 3253 838 anima
3293 784 3601 858 separata,

475 861 713 923 omnis
747 863 966 945 utique
997 873 1242 939 natura,
1275 867 1478 928 virtus
1519 875 1582 929 et
1621 868 1868 950 species
1907 887 2000 930 se·
2104 889 2185 948 an
2218 871 2517 934 videlicet
2548 875 2631 935 sit
2660 875 2908 956 primus
2942 875 3323 947 intellectae,
3358 881 3467 935 aut
3497 891 3604 954 po-

473 960 786 1022 cundum
847 963 1120 1045 propriae
1181 964 1590 1045 perfectionis
1649 965 2000 1028 subsisten-
2106 969 2233 1030 tius
2267 969 2703 1050 intelligentia.
2744 973 3027 1054 Denique
3070 971 3423 1034 secundum
3464 971 3606 1033 Dio·

471 1055 654 1118 tiam
687 1057 1021 1123 desiderat.
1057 1061 1274 1144 Neque
1307 1063 1496 1125 inane
1533 1071 1628 1126 est
1666 1063 1790 1126 tale
1833 1063 1996 1126 entis
2105 1067 2384 1148 nysium‚
2431 1069 2856 1148 Augustinum
2902 1077 2965 1130 et
3005 1068 3385 1142 Avicebron,
3434 1069 3602 1151 quod

469 1151 1134 1240 desiderium,neque
1167 1165 1370 1241 potest
1403 1160 1720 1223 humanus
1753 1161 1996 1224 intelle-
2109 1163 2175 1224 in
2206 1165 2643 1246 corporalibus
2672 1166 2803 1246 agit
2832 1167 3013 1240 situS,
3051 1168 3113 1228 in
3160 1166 3602 1248 spiritualibus

471 1259 642 1314 etus
682 1253 984 1318 felicitate
1023 1275 1096 1320 ea
1137 1256 1426 1320 frustrari
1467 1259 1546 1321 ad
1585 1278 1776 1340 quam
1819 1267 1997 1322 natu·
2107 1260 2316 1324 efficit
2380 1263 2554 1326 ordo.
2618 1263 3083 1327 Intellectuales
3144 1264 3381 1326 etenim
3442 1264 3600 1326 radii
3649 1279 3895 1326 nocoeiest.

469 1349 701 1413 ralem
745 1352 1228 1420 inclinationem
1275 1355 1482 1418 habet.
2107 1359 2331 1442 primae
2362 1360 2524 1423 lucis
2554 1361 2775 1424 ordine
2816 1362 3269 1426 decentissimo
3306 1361 3604 1425 defluunt
3629 1343 3896 1460 2¹2¹]Jw'·

2106 1478 2142 1521 a
2172 1457 2399 1540 primis
2432 1460 2864 1523 intellectibus
2896 1479 3097 1542 usque
3126 1461 3205 1523 ad
3235 1468 3551 1524 extremos
3584 1478 3598 1524 :

2110 1555 2327 1618 lumen
2387 1557 2628 1639 quippe
2678 1559 2869 1640 primi
2919 1558 3281 1622 intellectus
3339 1558 3607 1622 fortissi-

848 1626 1336 1692 ARTICULUS
1381 1629 1652 1692 XLVII·
2113 1673 2291 1716 mum
2322 1662 2439 1728 est,
2475 1663 2539 1717 et
2580 1655 3040 1736 capacitatibus
3082 1656 3459 1720 inferiorum
3505 1658 3611 1720 de-

463 1775 576 1835 In
623 1775 818 1852 eujus
863 1776 1302 1852 intelliyibz’lis
1343 1779 1878 1854 contemplatione
1915 1780 2001 1840 sit
2108 1761 2357 1816 marum
2392 1755 2703 1817 mentium
2734 1756 3613 1837 improportifflffltumsdouess

573 1867 916 1924 naturalis
973 1866 1321 1926 rationalis
1375 1869 1616 1928 animoe
1672 1870 2001 1929 beatitudo
2035 1857 2082 1920 Β
2114 1869 2229 1933 Per
2306 1853 2719 1916 intermedios
2796 1854 3287 1938 supercoelflstes
3363 1855 3613 1918 animos

559 1957 930 2014 statuenda
971 1955 1376 2031 objectaliter
1415 1959 1858 2036 finaliterque.
2113 1950 2269 2032 ipsis
2301 1958 2652 2032 coaptetur,
2686 1960 2757 2013 ut
2788 1953 2852 2014 in
2886 1952 3049 2014 libro
3080 1953 3425 2015 Causarum
3458 1950 3613 2015 dici-

2111 2055 2235 2110 tur.
2290 2049 2599 2122 Quoniam
2662 2050 2857 2131 igitur
2906 2051 3233 2114 rationalis
3280 2051 3496 2113 anima
3548 2052 3613 2114 in

651 2149 1187 2213 UEMADMODUM
1236 2159 1450 2214 autem
1510 2163 1814 2236 separatae
1871 2154 2002 2217 ani·
2112 2146 2340 2208 umbra
2373 2147 2615 2210 ultimae
2648 2148 3085 2229 intelligentiae
3116 2157 3325 2212 ereata
3356 2157 3472 2223 est,
3508 2168 3615 2232 pa-

475 2147 640 2350 Q
681 2267 797 2311 mae
826 2257 1024 2312 status
1063 2249 1435 2314 deiformior
1473 2261 1570 2314 est
1607 2259 1798 2335 atque
1847 2253 2000 2314 libe·
2113 2245 2239 2308 lam
2282 2245 2360 2307 fit
2402 2246 2571 2328 quod
2624 2246 2840 2308 lumen
2894 2246 3135 2310 ultimae
3178 2247 3615 2329 intelligentiae

465 2345 790 2426 rior„sic
833 2363 1092 2428 prorsus
1137 2348 1278 2428 ejus
1322 2350 1606 2431 operatio
1645 2351 1866 2432 purior
1906 2359 1998 2413 est
2115 2344 2665 2426 proportionatum
2698 2352 2794 2406 est
2838 2345 2894 2406 ei
2927 2345 3207 2426 amplius
3250 2363 3263 2408 :
3308 2347 3399 2407 sic
3445 2347 3617 2428 quod

469 2453 558 2506 et
591 2443 1094 2506 desiderabilior.
1131 2445 1306 2508 Unde
1337 2447 1692 2510 Stoicorum
1725 2449 2001 2531 philoso-
2118 2461 2231 2524 per
2272 2441 2485 2523 ipsum
2528 2443 2893 2504 distinctius
2940 2443 3267 2524 cognoscit
3314 2451 3377 2506 et
3422 2444 3618 2506 subli-

37 2569 432 2614 cleombrotus.
471 2543 726 2626 phiam
757 2542 1014 2624 quidam
1047 2541 1325 2618 imitans»,
1345 2564 1544 2626 quum
1579 2547 1900 2610 Platonem
1934 2548 1998 2610 in
2115 2541 2303 2602 mius.
2341 2539 2537 2620 Cujus
2570 2541 2728 2603 ratio
2760 2549 2877 2614 est,
2912 2542 3063 2623 quia
3102 2550 3170 2603 ut
3208 2550 3427 2605 auctor
3468 2542 3615 2604 libri

465 2641 814 2704 Phaedone
861 2639 1402 2706 immortalitatem
1452 2645 1682 2708 animae
1731 2646 2002 2727 proban·
2115 2638 2459 2702 Causarum
2511 2647 2573 2700 et
2623 2639 2879 2702 Procius
2926 2647 3321 2714 attestantur,
3369 2641 3615 2702 intelle-

467 2749 628 2802 tem
675 2739 974 2812 audisset,
1017 2758 1147 2821 prae
1187 2741 1505 2804 desiderio
1554 2742 1879 2806 felicitatis
1927 2733 2028 2806 ac‘
2113 2745 2253 2800 ctus
2284 2737 2639 2819 primorum
2680 2737 3001 2811 ordinum,
3036 2756 3163 2818 quo
3206 2738 3450 2800 suerint
3492 2739 3616 2820 pri·

457 2845 704 2900 status
745 2837 972 2900 animae
1011 2847 1316 2920 separatae
1354 2859 1422 2902 se
1468 2842 1818 2922 peremisse
1849 2843 2000 2904 scri·
2115 2853 2221 2898 mo
2252 2835 2605 2898 intellectui
2639 2836 3005 2910 vicinioreS,
3040 2854 3115 2898 eo
3148 2835 3616 2899 universaliori-

457 2937 698 2999 bitur.
732 2935 919 2998 Porro
957 2935 1077 2998 hoc
1117 2954 1340 3000 omnes
1381 2939 1582 3012 aiunt,
1627 2939 1795 3002 idem
1837 2959 1997 3014 esse,
2113 2935 2234 2998 bus
2286 2934 2830 3016 paucioribusque
2880 2934 3219 3017 speciebus
3266 2935 3615 3018 perfectius

459 3035 666 3096 bene
697 3034 1402 3107 vivere,convenienter
1432 3037 2002 3117 agere,etse1icem
2035 3033 2078 3098 G
2115 3033 2501 3114 intelligunt,
2565 3032 2899 3095 inferiores
2957 3050 3129 3107 vero,
3192 3052 3307 3116 per
3364 3035 3613 3116 species

455 3150 658 3197 esse.
695 3131 960 3195 Necesse
991 3133 1207 3214 itaque
1237 3141 1332 3196 est
1364 3143 1432 3196 ut
1465 3135 1528 3197 in
1563 3135 1736 3198 illius
1769 3137 2000 3200 intelli-
2113 3131 2627 3214 particulariores
2670 3139 2735 3193 et
2776 3131 3016 3213 plures.
3050 3131 3225 3194 Unde
3262 3140 3325 3194 et
3366 3133 3613 3214 primus

453 3231 718 3313 gibilis
755 3231 1290 3314 contemplatione
1339 3234 1640 3296 consistat
1693 3237 2000 3298 naturalis
2113 3217 2477 3293 intellectus
2521 3248 2647 3291 una
2688 3229 3175 3311 simplicissima
3220 3230 3435 3311 specie
3483 3247 3615 3292 om-

459 3329 826 3394 beatitudo
851 3331 1084 3393 animae
1113 3339 1437 3413 separatae,
1459 3351 1572 3414 per
1602 3333 1788 3414 cujus
1821 3335 1998 3398 unio·
2112 3329 2219 3390 nia
2268 3327 2455 3410 plene
2506 3327 2977 3408 contemplatur
3029 3345 3043 3388 t
3090 3335 3153 3389 et
3191 3327 3275 3389 Ob
3322 3328 3407 3401 id,
3440 3329 3611 3411 quod

457 3446 648 3491 nem
703 3427 940 3508 optime
989 3427 1344 3490 secundum
1391 3437 1630 3493 naturae
1680 3450 1810 3494 suae
1861 3451 2000 3514 pro·
2110 3435 2207 3490 est
2238 3426 2363 3508 ipsi
2396 3425 2692 3500 viciniae,
2725 3433 2823 3488 est
2852 3426 3075 3508 utique
3107 3433 3170 3488 et
3208 3427 3266 3488 ei
3308 3427 3607 3490 similius.

457 3525 836 3610 prietatem
899 3525 1082 3598 vivit,
1151 3543 1224 3588 ac
1293 3528 1779 3591 convenientius
1844 3531 1992 3610 agit.
2110 3525 2245 3588 Non
2292 3525 2487 3605 igitur
2526 3524 2921 3586 descendunt
2958 3525 3204 3607 species
3254 3525 3609 3606 primorum

455 3623 660 3688 Unio
697 3641 840 3686 vero
870 3623 1004 3686 haec
1034 3623 1264 3687 animae
1303 3633 1606 3706 separata}
1648 3627 1822 3689 aliud
1867 3645 1994 3690 non
2107 3623 2553 3686 intellectuum
2585 3622 2653 3683 in
2682 3619 2961 3684 animam
3005 3623 3127 3684 nisi
3173 3641 3286 3705 per
3316 3623 3611 3688 interme-

453 3729 590 3786 est
622 3721 754 3783 nisi
783 3721 1114 3784 conversio
1143 3721 1284 3802 ejus
1322 3723 1402 3784 ad
1441 3722 1868 3788 intellectuale
1908 3725 1998 3788 lu-
2108 3722 2247 3785 dios
2295 3739 2309 3783 :
2358 3729 2421 3784 et
2469 3721 2523 3783 si
2574 3721 3053 3796 descenderent,
3096 3721 3461 3784 distinctam
3507 3740 3607 3787 co-

457 3839 648 3884 men
681 3820 1028 3900 superioris
1059 3819 1440 3894 intellectus,
1471 3821 1827 3885 secundum
1859 3823 1998 3888 Dio·
2106 3821 2459 3902 gnitionem
2500 3819 2565 3881 in
2594 3838 2671 3882 ea
2699 3836 2826 3881 non
2858 3827 3211 3893 causarent,
3245 3839 3447 3902 quum
3479 3821 3609 3884 sint

457 3918 758 4002 nysium
798 3924 860 3979 et
887 3915 1298 3980 Avicennam.
1335 3919 1402 3980 In
1447 3917 1620 3981 illius
1666 3919 1858 4000 igitur
1903 3921 1994 3984 in·
2107 3919 2229 3981 sibi
2275 3918 2873 4000 improportionatae.

455 4015 854 4098 telligibilis
879 4015 1418 4098 contemplatione
1449 4015 1773 4080 beatitudo
1816 4029 1995 4082 natu·
2186 4016 2365 4079 Nunc
2406 4015 2601 4096 igitur
2644 4014 3055 4078 manifestum
3104 4023 3221 4090 est,
3264 4018 3434 4099 quod
3483 4037 3598 4100 per

453 4115 646 4180 ralis
703 4113 930 4176 animae
976 4121 1280 4196 separatas
1333 4114 1666 4177 statuenda
1716 4124 1833 4190 est,
1880 4137 1996 4200 per
2105 4113 2713 4196 contemplationem
2765 4112 3200 4194 intelligentiae
3258 4115 3371 4176 imi
3428 4116 3595 4180 ordi-

451 4213 686 4294 cujus
733 4211 1294 4294 contemplativam
1339 4212 1666 4287 unionem,
1717 4233 1828 4277 seu
1889 4217 1992 4280 cui
2024 4216 2073 4280 D
2105 4215 2227 4288 niS‚
2259 4232 2333 4276 ac
2376 4212 2677 4275 unionem
2721 4212 2799 4274 ad
2844 4211 2985 4292 ejus
3030 4212 3457 4277 intellectuale
3502 4215 3595 4279 lu-

452 4313 692 4384 unita,
707 4310 929 4374 fortius
959 4309 1322 4384 illustratur,
1347 4310 1654 4374 sincerius
1678 4312 1990 4395 intelligit,
2105 4331 2275 4387 men,
2309 4313 2389 4374 sit
2428 4309 2732 4373 naturalis
2769 4309 3093 4373 beatitudo
3128 4321 3429 4394 separatae
3466 4315 3599 4378 ani-

449 4423 542 4479 et
591 4410 824 4493 primae
871 4409 1156 4472 veritatis
1205 4409 1546 4490 puritatem
1594 4411 1992 4492 splendidius
2104 4432 2223 4476 mae
2272 4410 2619 4474 statuenda.
2668 4410 2782 4471 Per
2827 4409 2947 4472 hoc
2994 4409 3167 4472 enim
3214 4412 3595 4477 convenien-

453 4518 802 4580 intuetur.
838 4509 1010 4572 idem
1041 4527 1320 4590 namque
1360 4517 1457 4572 est
1496 4510 1900 4592 investigare,
1925 4514 1990 4576 in
2101 4510 2349 4574 tissime
2412 4509 2561 4589 agit,
2623 4507 2783 4570 vivit
2839 4515 2903 4571 et
2961 4509 3279 4590 intelligit,
3338 4520 3597 4594 propter

453 4609 686 4692 eujus
717 4608 1078 4670 intellectus
1119 4609 1378 4682 unione,
1411 4627 1524 4670 seu
1566 4608 1632 4670 in
1672 4611 1858 4691 cujus
1899 4613 1991 4674 in·
2103 4608 2547 4672 immediatum
2586 4607 2876 4669 ordinem
2916 4615 2979 4669 et
3022 4608 3453 4689 proportionis
3489 4611 3595 4675 ha·

451 4707 850 4790 telligibilis
925 4706 1490 4788 contemplatione,
1548 4707 1630 4769 sit
1687 4710 1992 4774 naturalis
2102 4709 2461 4770 bitudinem
2494 4705 3069 4769 connaturaliorem
3112 4707 3189 4768 ad
3227 4725 3367 4770 eam
3411 4727 3423 4770 :
3466 4727 3593 4772 non

445 4810 724 4877 animae
779 4813 1084 4889 separatae
1149 4805 1421 4868 felicitas
1485 4823 1498 4867 :
1562 4807 1626 4868 in
1684 4810 1990 4890 separatis
2101 4807 2195 4870 sic
2226 4813 2295 4868 ut
2324 4805 2540 4868 anima
2568 4804 2703 4866 illic
2743 4804 2943 4875 sistat,
2976 4803 3085 4865 sed
3125 4803 3275 4884 quia
3306 4824 3421 4887 per
3448 4806 3590 4882 hoc,

447 4910 663 4977 enim
697 4925 736 4967 a
763 4905 1024 4968 materia
1053 4904 1224 4966 idem
1255 4911 1351 4966 est
1390 4905 1752 4987 intelligens
1791 4915 1854 4970 et
1898 4909 1992 4970 in·
2101 4915 2458 4969 ceterorum
2490 4913 2551 4966 et
2590 4901 2827 4965 summi
2867 4900 2979 4964 Dei
3024 4908 3313 4964 naturam
3357 4905 3597 4985 purita-

447 5008 843 5078 tellectum,
915 5003 1270 5066 secundum
1339 5003 1742 5066 Aristotelem
1805 5006 1992 5068 tertio
2101 5014 2361 5087 temque
2403 5001 2735 5084 limpidius
2777 4999 3063 5080 agnoscit
3096 5017 3109 5061 :
3142 5001 3445 5082 quoniam
3489 5021 3596 5064 na·

444 5113 554 5175 de
597 5106 858 5169 Anima.
900 5103 1050 5166 Ideo
1097 5103 1252 5165 unio
1299 5103 1378 5164 ad
1428 5103 1854 5184 intelligibile,
1896 5113 1992 5168 est
2102 5103 2293 5165 turali
2352 5103 2587 5164 virtute
2654 5098 2869 5160 nullus
2928 5106 3175 5161 creatus
3234 5097 3597 5164 intellectus

447 5202 948 5286 contemplatio
991 5202 1216 5284 ipsius.
2104 5202 2305 5263 Deum
2345 5195 2763 5277 contemplari
2812 5201 3019 5278 potest
3068 5213 3181 5276 per
3228 5199 3594 5274 essentiam,

550 5301 1034 5385 Inquirendum
1081 5317 1232 5381 ergo
1281 5308 1492 5374 restat,
1545 5319 1688 5383 quae
1745 5301 1829 5364 sit
1883 5301 1992 5364 illa
2106 5299 2217 5362 sed
2248 5299 2575 5360 dumtaxat
2603 5313 2719 5377 per
2748 5293 3177 5357 secundorum
3218 5294 3597 5361 deiformem

740 5437 804 5488 T.
844 5437 924 5486 33.
3289 5431 3346 5482 19
