4300 6259
428 884 1899 1038 ELEMENTATIO
2045 885 3336 1042 THEOLOGICA

1782 1256 1993 1344 SEU

902 1555 1882 1670 COMPENDIUM
1984 1555 2854 1692 THEOLOGIAE

1178 2205 1320 2292 DE
1394 2205 1619 2292 DEO
1690 2205 1923 2294 UNO
2000 2207 2139 2292 ET
2214 2205 2574 2294 TRINO

624 2537 1151 2604 PROPOSITIO
1196 2535 1502 2602 PRIMA.

392 2732 799 2815 Quidquid
840 2732 926 2796 in
967 2729 1599 2798 momentaneae
1643 2728 1819 2810 phi·

316 2831 729 2912 losophica
767 2829 867 2896 de
906 2827 1071 2895 Deo
1112 2828 1529 2895 inductum
1568 2829 1693 2895 est
1736 2829 1820 2894 et

316 2927 763 3011 probatum,
826 2928 913 2992 in
970 2925 1605 2994 Elementatione
1662 2925 1817 2992 hac

314 3027 771 3106 theolog-ica
812 3026 938 3092 eat
981 3026 1363 3106 tanquam
1398 3037 1683 3090 verum
1731 3025 1815 3090 et

314 3127 575 3192 ratum
606 3122 1401 3206 praesupponendum.

387 3223 563 3298 Quod
593 3229 719 3296 est,
751 3220 1057 3302 quoniam
1100 3219 1323 3283 eadem
1362 3237 1489 3283 non
1534 3227 1685 3282 sunt
1722 3219 1817 3282 in-

314 3321 637 3385 fructuose
668 3319 903 3401 saepius
932 3317 1237 3392 iteranda,
1271 3335 1389 3381 nec
1418 3316 1817 3381 irrationabi-

314 3419 453 3483 liter
480 3417 875 3502 repetenda3
908 3424 1131 3498 estque
1161 3415 1421 3478 vitanda
1459 3415 1809 3498 prolixitas,

312 3526 374 3580 et
410 3515 719 3581 brevitati
758 3513 1165 3578 studendum.
1208 3513 1497 3595 Denique
1536 3511 1813 3594 philoso-

314 3615 458 3697 phia
492 3613 739 3680 ancilla
780 3619 879 3676 est
920 3611 1293 3693 theologicae
1336 3609 1680 3682 facultatiS,
1714 3617 1811 3672 ut-

1846 2531 1897 2595 A
1928 2531 2376 2595 universorum
2435 2532 2720 2615 primum
2773 2534 3186 2620 principium,
3237 2555 3428 2602 causa

1926 2648 2226 2712 suprema
2254 2647 2328 2692 ac
2359 2631 2868 2712 supergloriosus
2899 2633 3176 2710 Creator,
3199 2642 3428 2698 cuncta

1928 2727 1994 2789 in
2025 2744 2166 2790 esse
2196 2744 2603 2802 conservam,
2636 2727 3024 2809 gubernans,
3059 2748 3323 2795 movens
3362 2739 3427 2794 et

1924 2825 2268 2903 ordinans;
2302 2825 2586 2908 insuper,
2610 2827 2778 2908 quod
2807 2827 2944 2908 ipse
2974 2829 3148 2892 solus
3177 2828 3424 2911 simpli·

1926 2923 2085 2986 citer
2128 2923 2214 2985 sit
2255 2921 2600 3006 perfectus»,
2634 2941 2706 2986 ae
2735 2923 3298 3005 perfeetionaliter,
3331 2928 3424 2990 in·

1925 3021 2174 3084 tensive
2201 3029 2392 3103 atque
2435 3020 2790 3085 formaliter
2819 3021 3114 3088 infinitus
3149 3026 3216 3088 in
3245 3027 3426 3090 omni

1926 3137 2188 3203 prorsus
2217 3118 2632 3202 perfectione,
2667 3121 3060 3196 excellentia,
3095 3126 3426 3189 sanctitate

1924 3225 1989 3281 et
2031 3218 2256 3300 gloria,
2307 3217 2373 3281 in
2421 3219 2597 3281 omni
2657 3218 3159 3301 pulchritudine,
3209 3223 3424 3287 dulce·

1923 3316 2093 3390 dine,
2126 3315 2610 3398 tranquillitate,
2645 3317 2976 3400 sapientia,
3013 3328 3322 3402 potestate
3351 3340 3425 3384 ac

1922 3413 2486 3497 superbeatissima
2544 3415 2836 3480 libertate
2865 3435 2881 3496 3
2939 3425 3006 3480 et
3062 3419 3426 3483 consimilia

1922 3512 2125 3575 multa
2167 3512 2246 3575 de
2291 3513 2431 3595 ipso
2461 3520 2612 3576 sunt
2651 3514 3010 3578 introducta
3049 3534 3123 3579 ac
3163 3517 3426 3582 demon-

1920 3617 2136 3684 strata,
2179 3618 2368 3693 prout
2407 3611 2850 3694 philosophica
2887 3614 3288 3697 naturalique
3333 3635 3426 3678 ra·

312 3723 453 3796 pote
508 3711 897 3797 dispositiva
952 3711 1029 3774 ad
1087 3729 1249 3773 eam.
1302 3708 1495 3772 Multa
1550 3725 1807 3790 quoque
1840 3705 1889 3768 B
1920 3707 2093 3771 tione
2141 3707 2288 3770 fieri
2336 3715 2545 3790 potest
2587 3717 2696 3770 aut
2739 3709 2920 3773 solet.
2967 3711 3420 3776 Verumtamen

310 3820 453 3876 sunt
498 3831 649 3896 quae
689 3809 1011 3893 pertinent
1047 3807 1125 3871 ad
1168 3815 1505 3890 utramque
1548 3805 1669 3870 sub
1712 3825 1805 3869 ra·

308 3911 473 3975 tione
504 3929 579 3974 ac
612 3914 915 3990 respectu
944 3904 1235 3978 diversis„
1260 3903 1581 3978 videlieet,
1603 3905 1805 3968 Deum

308 4029 461 4084 esse,
494 4009 707 4072 Deum
736 4023 877 4069 esse
906 4004 1435 4086 omnipotentem,
1468 4003 1809 4066 invariabi-

310 4107 427 4170 lem
456 4113 523 4170 et
548 4113 893 4177 oeternum,
924 4103 1207 4165 animam
1244 4101 1621 4165 rationalem
1662 4119 1813 4164 con-

308 4205 525 4268 sistere
574 4201 1008 4266 immortalem
1066 4217 1081 4263 :
1138 4219 1279 4282 quae
1324 4199 1404 4263 ad
1456 4199 1809 4263 naturalem

310 4310 594 4387 spectant
622 4299 1202 4385 philosophiam‚in
1231 4305 1537 4382 quantum
1568 4298 1812 4362 ratione

310 4411 547 4486 queunt
604 4399 869 4485 probari
926 4398 1245 4476 humana3
1298 4397 1375 4460 ad
1426 4396 1811 4478 theologiam

310 4519 473 4574 vcro,
506 4498 873 4565 secundum
904 4497 1075 4579 quod
1114 4495 1307 4558 etiam
1348 4502 1499 4560 sunt
1535 4495 1812 4578 desuper

314 4601 553 4674 tradita,
586 4607 655 4662 et
695 4598 763 4660 in
802 4595 1149 4678 scripturis
1189 4601 1505 4658 contenta.
1542 4593 1631 4656 Ex
1670 4593 1809 4676 qui-

312 4698 427 4761 bus
453 4699 735 4762 habetur
760 4693 1059 4777 aliqualis
1098 4693 1430 4776 responsio
1466 4691 1647 4756 dubii
1693 4691 1809 4756 hu-

1922 3805 2001 3868 de
2040 3804 2139 3866 his
2179 3821 2306 3868 non
2349 3812 2500 3868 sunt
2541 3805 2906 3870 testimonia
2948 3808 3420 3891 Scripturarum

1920 3901 2266 3984 subjuncta
2307 3911 2368 3966 et
2409 3902 2696 3985 allegata.

2333 4113 2855 4179 PROPOSITIO
2904 4114 2990 4179 11.

1999 4297 2187 4366 Rite
2243 4311 2334 4364 ac
2398 4297 2612 4364 clare
2683 4295 3151 4378 intelligens
3207 4302 3419 4382 quod

1918 4395 2400 4463 Aristotelea
2444 4397 2529 4462 in
2578 4395 2850 4464 Prima
2907 4396 3419 4481 philosophia

1919 4493 2202 4562 idonee
2280 4492 2847 4577 subtiliterque
2915 4494 3251 4564 deduxit
3327 4514 3420 4568 ac

1920 4591 2492 4674 comprobavit,
2542 4594 2736 4674 puta
2781 4593 2989 4676 quod
3045 4595 3258 4662 Deus
3310 4600 3422 4665 sit

1919 4705 2168 4772 purus
2209 4692 2457 4772 actus,
2487 4689 2836 4758 faciliter
2874 4706 3154 4773 capere
3197 4696 3420 4762 valet

309 4796 430 4878 jus,
462 4805 685 4860 utrum
715 4793 887 4857 idem
916 4791 1123 4856 valeat
1151 4811 1291 4856 esse
1320 4791 1551 4854 scitum
1583 4799 1647 4855 et
1676 4810 1809 4854 cre·
1918 4789 2079 4858 alla
2119 4789 2378 4856 multa
2414 4803 2586 4872 quae
2613 4787 2977 4868 theolog-1
3008 4787 3294 4858 diffuse
3323 4808 3416 4862 ao

315 4896 532 4958 ditum.
572 4891 1015 4976 Respondetur
1060 4908 1360 4973 namque,
1400 4891 1569 4973 quod
1612 4889 1805 4964 idem,
1838 4889 1883 4954 C
1919 4887 2230 4970 prolixe
2284 4889 2372 4954 ln
2428 4885 2908 4966 theologicis
2962 4887 3196 4956 libris
3245 4893 3415 4958 81118

317 4993 723 5057 materialiter
750 4991 909 5072 (non
942 4989 1319 5070 formaliter)
1348 4988 1573 5051 cadere
1604 4995 1811 5071 potest
1920 4985 2446 5068 pertractant,
2539 4983 2879 5066 probant
2967 4988 3053 5053 et
3149 5003 3414 5069 prose·

316 5091 431 5154 sub
472 5091 607 5154 fide
648 5097 843 5172 atque
886 5087 1171 5150 scientia.
1214 5085 1541 5159 Praeterea,
1573 5086 1639 5149 in
1671 5085 1809 5149 Ele·
1915 5088 2297 5169 quuntur.

98 5217 241 5262 κομι.
318 5189 703 5253 mentatione
748 5185 1192 5269 philosophica
1230 5183 1677 5268 multipliciter
1712 5193 1810 5248 est
1998 5183 2174 5258 Quod
2203 5189 2320 5256 est,
2353 5181 2506 5263 quia
2537 5188 2607 5242 ut
2637 5181 2702 5243 in
2733 5180 3242 5248 Elementatione
3274 5185 3412 5268 phi·
3457 5221 3708 5266 mmm..

78 5276 291 5314 uma..
314 5297 639 5354 ostensum
668 5286 841 5371 quod
886 5284 1053 5348 Deus
1094 5283 1199 5358 sit,
1232 5290 1297 5346 ct
1336 5283 1505 5366 quod
1550 5283 1687 5366 ipse
1726 5284 1810 5346 sit
1920 5281 2246 5364 losophica
2277 5279 2806 5364 patuit,quamvis
2833 5287 3015 5346 actus
3042 5289 3106 5344 et
3135 5287 3420 5366 potentia
3443 5287 3529 5319 '¹¹¹·

556 5423 621 5474 T.
657 5421 739 5475 33.
3137 5421 3168 5470 8
