4300 6259
838 480 962 566 §34

915 687 1226 746 corporum
1265 673 1607 744 coelestium,
1637 677 1740 734 sed
1781 677 1854 734 ab
1879 675 2190 737 intellectu

912 761 1111 835 aliquo
1149 805 2189 826 ............
2230 770 2337 826 396

842 851 1136 910 Articulus
1164 854 1250 910 IX.
1287 856 1453 921 Quod
1481 857 1807 915 substantia
1833 857 2194 917 intellectua-

913 941 1002 1007 lis,
1044 944 1190 1000 dans
1238 944 1734 1019 complementum
1775 950 1833 1004 et
1875 947 2193 1005 efficaciam

839 1091 845 1098 ἡ
915 1032 1350 1103 operationibus
1378 1051 1707 1109 magorum,
1740 1039 2064 1094 secundum
2095 1054 2191 1094 vo-

911 1120 1196 1179 luntatem
1245 1123 1483 1195 quidem
1534 1124 1690 1182 mala
1734 1125 1826 1190 sit,
1866 1128 2191 1185 secundum

914 1213 1190 1268 naturam
1215 1229 1351 1270 vero
1390 1215 1542 1271 bona
1618 1258 2190 1272 .......
2230 1218 2337 1275 397

840 1300 1137 1358 Articulus
1174 1303 1237 1358 X.
1280 1305 1445 1370 Quod
1485 1305 1846 1378 operationes
1877 1305 1991 1364 illae
2019 1306 2196 1364 mira·

912 1389 1058 1448 biles
1101 1391 1314 1464 quibus
1355 1393 1672 1452 christiana
1713 1395 1856 1452 fides
1897 1395 2187 1462 innititur,

914 1479 1032 1536 sint
1057 1497 1196 1538 vera
1237 1481 1540 1550 miracula,
1585 1486 1641 1540 et
1681 1500 1718 1540 a
1759 1485 1956 1541 divina
1983 1485 2195 1543 virtute

833 1619 840 1631 ,
912 1571 1287 1641 procedentia
1335 1614 2187 1630 ..........
2229 1575 2337 1632 398

843 1659 1254 1717 Articulus‘XI.
1287 1662 1354 1718 Et
1379 1665 1465 1718 est
1501 1663 1834 1736 explanatio
1871 1680 2077 1722 eorum
2120 1681 2193 1724 ex

912 1748 1125 1821 quibus
1169 1750 1411 1808 sortitur
1447 1751 1592 1810 fides
1628 1753 2032 1812 testImonium
2073 1771 2195 1812 suae

910 1838 1168 1896 verItatis
1251 1881 2195 1902 ...........
2230 1845 2339 1902 400

841 1928 1136 1986 Articulus
1163 1930 1280 1986 XII.
1310 1931 1388 1988 De
1415 1932 1752 1989 testimonio
1783 1935 1939 2005 quod
1967 1950 2038 1991 ex
2058 1934 2198 1990 Pro-

914 2018 1220 2090 phetarum
1266 2021 1516 2078 oraculis
1551 2038 1622 2078 ac
1648 2021 1856 2079 veteris
1897 2022 2042 2095 legis
2083 2021 2194 2079 cir-

913 2109 1282 2165 cumstantiis
1319 2109 1560 2167 sortitur
1589 2110 1731 2168 fides
1809 2153 2190 2167 .....
2230 2112 2333 2168 401

831 2197 1137 2256 ·Articulus
1161 2199 1303 2254 XIII.
1338 2199 1414 2256 De
1448 2199 1686 2256 veritate
1729 2200 1864 2257 fidei
1901 2217 1968 2258 ex
2011 2201 2197 2257 consi-

914 2287 1210 2345 deratione
1237 2288 1563 2346 altitudinis
1602 2289 1936 2347 christianas
1973 2290 2198 2363 sapien-

910 2375 1008 2432 tiae
1035 2381 1092 2433 et
1119 2377 1401 2434 doctrina}
1434 2420 2188 2436 .........
2228 2381 2337 2437 403

842 2466 1136 2525 Articulus
1163 2467 1304 2524 XIV.
1334 2468 1412 2525 De
1441 2467 1804 2526 institutione
1833 2471 1890 2526 et
1918 2469 2195 2542 qualitate

912 2556 1056 2628 legis
1083 2557 1393 2614 Mahometi
1425 2599 2188 2616 .........
2230 2561 2337 2617 404

840 2646 1135 2703 Articulus
1163 2647 1273 2703 XV.
1307 2647 1387 2704 De
1414 2646 1600 2703 latrioe
1629 2647 1790 2704 cultu
1804 2690 2189 2706 .....
2230 2651 2339 2706 405

841 2736 1138 2794 Articulus
1166 2737 1302 2792 XVI.
1336 2737 1502 2803 Quod
1533 2737 1636 2794 uni
1655 2738 1967 2795 dumtaxat
1987 2741 2101 2796 Deo
2120 2739 2199 2795 sit

911 2825 1275 2883 exhibendus
1301 2826 1488 2883 latria}
1517 2827 1707 2883 cultus
1713 2868 2190 2884 ......
2230 2829 2338 2886 406

838 2915 1133 2972 Articulus
1187 2916 1352 2970 XVII.
1413 2917 1924 2982 Quemadmodum
1981 2917 2193 2974 intelli-

913 3005 1102 3076 genda
1133 3003 1208 3059 sit
1239 3005 1534 3077 generatio
1563 3003 1624 3060 in
1654 3004 2005 3061 divinis..
2176 3008 2336 3064 4.0“1

840 3093 1135 3151 Articulus
1181 3094 1370 3150 XV.III
1425 3095 1589 3160 Quod
1635 3094 1890 3151 Verbum
1939 3099 2195 3166 paternae

913 3183 1127 3240 mentis
1155 3183 1230 3239 sit
1259 3182 1455 3256 imago
1486 3183 1584 3240 Dei
1613 3187 1670 3240 et
1699 3183 1887 3257 figura
1928 3185 2195 3242 substan-

911 3271 1008 3328 tiae
1033 3273 1178 3344 eJus,
1201 3272 1504 3344 exemplar
1523 3289 1654 3329 vero
1675 3276 1731 3330 et
1749 3272 1898 3330 ratio
1923 3273 2191 3352 omnium

909 3379 1108 3420 rerum
1141 3365 1468 3420 creatarum
1523 3404 2189 3420 ........
2230 3365 2337 3422 408

841 3451 1135 3509 Articulus
1162 3453 1299 3508 XIX.
1328 3452 1478 3517 Quid
1499 3453 1568 3509 de
1589 3452 1735 3508 Filio
1757 3450 1856 3509 Dei
1874 3452 2049 3510 Arius
2075 3454 2196 3526 opi-

911 3545 1082 3598 natus
1111 3541 1186 3597 sit
1241 3583 2188 3599 ...........
2228 3544 2336 3601 410

840 3630 1136 3688 Articulus
1163 3632 1275 3686 XX.
1309 3631 1474 3698 Quod
1503 3647 1571 3688 ex
1603 3631 1971 3687 documentis
2001 3631 2194 3688 Plato-

911 3718 1180 3775 nicorum
1211 3716 1286 3773 sit
1315 3717 1724 3791 huJuscemodi
1762 3717 1885 3774 Arii
1922 3720 1979 3775 et
2002 3719 2193 3775 Euno-

911 3809 1015 3865 mii
1045 3811 1272 3866 extorta
1299 3806 1506 3880 positio
1522 3847 2188 3867 ........
2228 3809 2332 3866 411

836 3900 1132 3958 Articulus
1169 3900 1307 3956 XXI.
1352 3899 1698 3971 Reprobatio
1740 3898 2042 3972 positionis
2070 3899 2192 3956 Arii

910 3991 981 4047 de
1011 3989 1154 4044 Filio
1185 3988 1284 4044 Dei
1336 4031 2188 4046 ..........
2228 3990 2336 4046 412

837 4079 1132 4137 Articulus
1160 4079 1322 4135 XXII.
1343 4079 1413 4135 Et
1433 4081 1520 4136 est
1536 4078 1748 4136 solutio
1777 4079 2192 4136 auctoritatum

910 4187 1042 4243 quae
1089 4171 1149 4227 in
1197 4169 1596 4242 superioribus
1631 4170 1982 4227 videbantur
2025 4169 2192 4227 fulci-

911 4263 1177 4318 mentum
1211 4260 1467 4332 proebere
1497 4258 1770 4331 positioni
1799 4259 1919 4316 Arii
1987 4300 2000 4317 .
2082 4300 2095 4314 .
2176 4302 2187 4314 .
2229 4259 2336 4315 414

837 4350 1132 4408 Articulus
1159 4349 1349 4404 XXIII.
1381 4349 1591 4405 Contra
1634 4348 1969 4421 opinionem
1999 4349 2192 4406 Photi-

909 4439 970 4497 ni
1001 4441 1071 4496 de
1101 4438 1402 4496 divinitate
1429 4438 1602 4496 Verbi
1608 4479 2183 4496 .......
2224 4439 2335 4495 415

838 4527 1136 4586 Articulus
1163 4528 1350 4584 XXIV.
1383 4527 1534 4594 Quid
1577 4528 1646 4584 de
1685 4526 1831 4584 Filio
1867 4527 1970 4586 Dei
1999 4527 2193 4585 Sabel-

910 4618 1025 4675 lius
1059 4617 1450 4674 introduxerit
1523 4657 2186 4672 ........
2228 4617 2335 4673 416

822 4707 1131 4770 ,Articulus
1185 4706 1345 4762 XXV.
1405 4705 1663 4770 Qualiter
1725 4705 2066 4778 accipienda
2119 4705 2195 4762 sit

907 4795 1203 4854 emanatio
1249 4795 1350 4851 illa
1405 4793 1466 4852 in
1523 4793 1737 4851 divinis
1781 4812 1898 4867 qua
1945 4795 2196 4867 Spiritus

907 4889 1156 4944 Sanctus
1195 4884 1452 4942 creditur
1487 4901 1522 4940 a
1559 4885 1726 4941 Patre
1765 4884 2025 4958 Filioque
2069 4901 2195 4957 pro-

906 4977 1108 5035 cedere
1151 5014 2190 5031 ............
2232 4975 2338 5030 417

832 5065 1128 5124 Articulus
1157 5063 1344 5119 XXVI.
1376 5063 1490 5119 Cur
1515 5062 1614 5120 Dei
1646 5064 1920 5130 Verbum,
1949 5081 2067 5121 non
2100 5082 2199 5122 au-

825 5168 830 5176 ·
904 5160 1024 5213 tem
1057 5169 1226 5211 amor
1251 5152 1378 5224 ejus
1406 5168 1509 5208 seu
1537 5150 1785 5224 Spiritus
1814 5155 2077 5218 Sanctus,
2109 5154 2199 5209 Fi-

904 5245 1023 5300 lius
1052 5241 1379 5314 appelletur
1419 5282 2189 5298 .........
2230 5243 2338 5299 418

840 5331 1136 5396 Articulus
1191 5330 1402 5390 XXVII.
1460 5331 1539 5389 De
1593 5330 1918 5391 rationibus
1981 5331 2195 5406 quibus

2111 508 2297 554 INDEX
2336 509 2671 557 cenamus

2514 677 2687 739 Arius
2714 684 2773 739 et
2798 677 3168 740 macedonius
3198 679 3345 739 moti
3369 683 3509 740 sunt
3536 683 3605 739 ut
3640 679 3793 740 dice-

2512 772 2645 829 rent
2672 771 2953 844 Spiritum
2984 773 3262 829 Sanctum
3288 787 3413 829 esse
3441 773 3791 829 creaturam.
3834 770 3937 828 419

2440 859 2737 918 Articulus
2780 861 3019 918 XXVIII.
3070 862 3281 918 Contra
3334 863 3795 935 praeenarratum

2511 967 2789 1018 errorem,
2834 956 2892 1009 et
2934 953 3089 1025 quod
3136 950 3385 1025 Spiritus
3430 953 3677 1008 Sanctus
3722 951 3800 1008 sit

2512 1057 2685 1098 verus
2706 1041 2856 1098 Deus
2884 1045 3057 1115 atque
3085 1040 3405 1098 subsistens
3435 1057 3702 1113 persona.
3780 1083 3796 1098 .
3834 1041 3940 1096 420

2446 1129 2737 1187 Articulus
2775 1131 2958 1186 XXIX.
2996 1132 3067 1186 Et
3110 1133 3196 1188 est
3240 1130 3452 1187 solutio
3498 1129 3796 1187 rationum

2513 1218 2635 1275 Arii
2662 1222 2721 1276 et
2744 1219 3065 1277 Macedonii
3124 1259 3797 1277 ........
3836 1219 3939 1275 421

2439 1308 2735 1366 Articulus
2760 1309 2919 1365 XXX.
2950 1310 3223 1368 Rationes
3249 1325 3381 1382 quae
3408 1313 3613 1366 contra
3640 1313 3804 1367 aeter·

2513 1415 2655 1455 nam
2695 1399 3127 1473 generationem
3158 1403 3216 1457 et
3244 1400 3675 1473 processionem
3704 1399 3801 1456 di-

2511 1488 2711 1544 vinam
2740 1488 2939 1546 induci
2970 1492 3232 1562 possunt,
3264 1489 3525 1546 continet
3590 1531 3604 1546 .
3682 1529 3697 1544 .
3778 1530 3793 1543 .
3836 1489 3941 1545 422

2442 1576 2737 1634 Articulus
2773 1578 2958 1634 XXXI.
3005 1579 3075 1634 Et
3110 1582 3197 1636 est
3232 1577 3551 1651 responsio,
3590 1594 3797 1636 earum

2512 1667 2809 1724 rationum
2840 1666 3114 1726 virtutem
3146 1668 3467 1726 dissolvens
3504 1684 3637 1741 quae
3666 1669 3801 1742 jam

2516 1761 2721 1813 contra
2742 1758 3019 1814 aeternam
3051 1757 3487 1830 generationem
3512 1761 3572 1814 et
3598 1774 3801 1830 super-

2521 1844 2888 1903 benedictam
2930 1845 3360 1917 processionem
3402 1861 3535 1918 quoe
3562 1846 3623 1903 in
3653 1846 3802 1902 divi-

2514 1935 2609 1992 nis
2636 1937 2789 1999 sunt,
2822 1934 3251 1993 inducebantur
3315 1975 3797 1992 ......
3838 1935 3947 1991 424

2443 2023 2737 2081 Articulus
2764 2025 2977 2081 XXXII.
3011 2027 3097 2080 An
3140 2024 3390 2082 naturali
3433 2023 3661 2082 ratione
3696 2026 3803 2082 de·

2516 2113 2831 2169 monstrari
2860 2113 3042 2186 possit
3068 2112 3298 2170 trinitas
3324 2129 3709 2186 personarum
3782 2155 3795 2169 .
3837 2113 3945 2170 426

2445 2201 2739 2259 Articulus
2766 2203 3003 2258 XXXIII.
3034 2205 3103 2258 Et
3129 2206 3217 2259 est
3246 2201 3599 2260 introductio
3622 2202 3801 2260 ratio-

2515 2306 2661 2347 num
2719 2290 2931 2363 quibus
2986 2291 3309 2347 Richardus
3355 2292 3426 2348 de
3473 2292 3529 2349 S.
3570 2293 3799 2350 Victore

2518 2379 2798 2453 gloriatus
2824 2382 2911 2437 est
2944 2396 3007 2438 se
3036 2397 3152 2436 non
3200 2397 3408 2453 parum
3455 2380 3675 2448 fecisse,
3708 2384 3799 2439 ut-

2516 2471 2657 2544 puta
2710 2469 3257 2542 superbenedictam
3300 2470 3644 2530 Trinitatem
3699 2472 3800 2528 de-

2516 2562 2871 2616 monstrasse
2940 2599 3796 2616 ..........
3837 2560 3947 2616 428

2444 2649 2741 2707 Articulus
2776 2649 3010 2705 XXXIV.
3043 2651 3208 2717 Quod
3250 2649 3483 2707 trinitas
3524 2666 3800 2722 persona·

2515 2755 2649 2796 rum
2691 2738 2749 2794 in
2794 2737 3226 2811 supersimplici
3266 2738 3505 2806 Deitate,
3545 2739 3799 2797 naturali

2514 2827 2739 2884 ratione
2788 2826 3055 2899 indagari
3114 2830 3366 2900 nequeat
3402 2843 3510 2885 nec
3554 2829 3799 2885 demon-

2516 2916 2722 2982 strari;
2751 2920 2813 2974 et
2841 2915 2982 2988 quid
3012 2919 3086 2974 ad
3118 2933 3191 2974 ea
3214 2933 3344 2990 quae
3363 2917 3687 2974 Richardus
3714 2917 3804 2974 in-

2514 3005 2793 3071 troduxit,
2825 3007 3299 3078 respondendum
3330 3007 3405 3062 sit
3411 3049 3795 3063 .....
3838 3007 3949 3063 429

2443 3094 2739 3152 Articulus
2788 3095 2994 3150 XXXV.
3044 3096 3159 3152 Cur
3205 3096 3399 3168 potius
3443 3096 3625 3152 divini
3672 3113 3801 3153 esse

2516 3186 2729 3250 unitas,
2770 3201 2949 3257 quam
2990 3201 3377 3257 personarum
3416 3184 3666 3249 trinitas,
3700 3186 3801 3242 de·-

2516 3275 2898 3332 monstrativa
2914 3275 3291 3347 inquisitione
3309 3275 3575 3348 indagari
3594 3277 3795 3348 possit.
3838 3277 3945 3333 431

2444 3364 2737 3423 Articulus
2778 3365 3010 3420 XXXVI.
3052 3365 3130 3421 De
3174 3363 3575 3421 incarnatione
3606 3364 3796 3429 Verbi,

2514 3459 2573 3512 et
2616 3455 3118 3528 quemadmodum
3171 3454 3551 3527 intelligenda
3592 3454 3667 3510 sit
3716 3469 3803 3511 se·

2515 3545 2777 3601 cundum
2798 3544 3135 3600 orthodoxae
3164 3543 3298 3601 fidei
3329 3545 3699 3600 documenta.
3780 3587 3795 3600 .
3836 3545 3949 3600 432

2445 3633 2737 3691 Articulus
2764 3633 3107 3689 XXXVII.De
3135 3649 3329 3690 errore
3357 3632 3589 3690 Photini
3616 3637 3675 3690 et
3701 3635 3801 3690 Sa-

2518 3723 2675 3780 bellii
2706 3723 2862 3779 circa
2890 3721 3353 3779 incarnationem
3410 3763 3795 3779 .....
3836 3723 3949 3778 434

2444 3810 2738 3869 Articulus
2788 3812 3071 3867 XXXVIII.
3132 3812 3211 3868 De
3266 3810 3517 3868 falsitate
3569 3811 3803 3868 Arianae

2514 3900 2819 3974 positionis
2848 3901 3001 3956 circa
3029 3900 3201 3957 Verbi
3238 3901 3701 3959 incarnationem
3782 3944 3795 3957 .
3837 3902 3948 3959 434

2444 3991 2735 4048 Articulus
2764 3990 2997 4046 XXXIX.
3028 3991 3096 4045 Et
3124 3994 3211 4048 est
3237 3991 3568 4062 reprobatio
3588 3990 3803 4063 Apolli-

2516 4080 2675 4138 naris
2703 4079 2859 4137 eirca
2886 4079 3348 4137 incarnationem
3405 4122 3793 4137 .....
3836 4082 3949 4138 435

2444 4169 2737 4227 Articulus
2791 4170 2899 4225 XL.
2959 4170 3170 4226 Contra
3214 4169 3587 4226 Valentinum
3640 4170 3799 4227 circa

2514 4263 2859 4334 praesentem
2888 4259 3195 4316 materiam
3223 4301 3795 4315 .......
3838 4262 3951 4318 436

2443 4349 2737 4408 Articulus
2766 4349 2897 4404 XLI.
2928 4349 2997 4404 Et
3014 4351 3101 4406 est
3130 4348 3479 4421 improbatio
3498 4348 3804 4406 Manichae-
3846 4367 3849 4370 ’

2516 4456 2687 4496 orum
2718 4439 2872 4494 circa
2900 4437 3362 4496 incarnationem
3408 4479 3797 4494 .....
3840 4441 3950 4497 437

2443 4527 2735 4585 Articulus
2777 4528 2946 4610 XLII3
2969 4527 3121 4592 Quid
3160 4529 3231 4584 de
3269 4526 3483 4585 unione
3513 4528 3685 4586 Verbi
3723 4531 3803 4585 ad

2513 4618 2814 4675 hominem
2868 4617 3203 4675 Theodorus
3256 4618 3691 4689 mopsuestenus
3740 4623 3806 4676 et

2516 4707 2811 4763 insecutor
2836 4707 2964 4779 ejus
2990 4706 3291 4764 Nestorius
3318 4707 3537 4780 opinati
3566 4709 3702 4764 sint.
3782 4753 3797 4762 .
3840 4709 3952 4766 438

2444 4796 2739 4854 Articulus
2785 4796 2969 4853 XLIII.
3020 4797 3099 4854 De
3146 4796 3547 4854 incarnatione
3592 4813 3805 4856 secun-

2518 4887 2659 4943 dum
2689 4885 3037 4958 positionem
3068 4885 3401 4958 Eutychetis
3408 4927 3799 4944 .....
3844 4889 3954 4946 440

2446 4973 2743 5031 Articulus
2779 4976 2959 5031 XLIV.
3000 4973 3215 5030 Positio
3243 4978 3302 5031 et
3328 4975 3657 5048 reprobatio
3684 4977 3805 5032 Ma-

2517 5063 2659 5120 carii
2703 5063 3068 5129 Antiocheni,
3114 5063 3213 5137 qui
3260 5081 3440 5122 unam
3491 5066 3807 5124 dumtaxat

2515 5153 2877 5211 voluntatem
2917 5156 2975 5210 et
3016 5153 3305 5211 actionem
3352 5151 3413 5210 in
3451 5152 3677 5211 Christo
3716 5153 3809 5212 fa-

2514 5244 2672 5298 tetur
2675 5282 3798 5300 .............
3840 5247 3952 5304 442

2446 5331 2743 5390 Articulus
2786 5333 2942 5389 XLV.
2992 5335 3058 5390 Et
3103 5337 3190 5390 est
3235 5331 3550 5408 disputatio
3596 5336 3804 5392 contra
3918 5395 3929 5403 ,
