<?xml version="1.0" encoding="UTF-8"?>
<!DOCTYPE html PUBLIC "-//W3C//DTD XHTML 1.0 Transitional//EN"
    "http://www.w3.org/TR/xhtml1/DTD/xhtml1-transitional.dtd">
<html xmlns="http://www.w3.org/1999/xhtml" xml:lang="en" lang="en">
 <head>
  <title>
</title>
<meta http-equiv="Content-Type" content="text/html;charset=utf-8" />
  <meta name='ocr-system' content='tesseract 3.04.00' />
  <meta name='ocr-capabilities' content='ocr_page ocr_carea ocr_par ocr_line ocrx_word'/>
</head>
<body>
  <div class='ocr_page' id='page_1' title='image "./doctorisecstati05unkngoog_0247.png"; bbox 0 0 4300 6259; ppageno 0'>
   <div class='ocr_carea' id='block_1_1' title="bbox 1273 473 2811 528">
    <p class='ocr_par' dir='ltr' id='par_1_1' title="bbox 1273 473 2811 528">
     <span class='ocr_line' id='line_1_1' title="bbox 1273 473 2811 528; baseline 0.003 -5"><span class='ocrx_word' id='word_1_1' title='bbox 1273 473 1698 523; x_wconf 60' lang='lat' dir='ltr'><strong>nummulo</strong></span> <span class='ocrx_word' id='word_1_2' title='bbox 1735 473 2134 522; x_wconf 70' lang='lat' dir='ltr'><strong>Tnotomm.</strong></span> <span class='ocrx_word' id='word_1_3' title='bbox 2180 491 2263 506; x_wconf 82' lang='lat'>—</span> <span class='ocrx_word' id='word_1_4' title='bbox 2303 474 2385 522; x_wconf 74' lang='lat' dir='ltr'><strong>DE</strong></span> <span class='ocrx_word' id='word_1_5' title='bbox 2424 475 2567 524; x_wconf 67' lang='lat' dir='ltr'><strong>FINE</strong></span> <span class='ocrx_word' id='word_1_6' title='bbox 2606 475 2811 528; x_wconf 64' lang='lat' dir='ltr'><strong>uuum</strong></span> 
     </span>
    </p>
   </div>
   <div class='ocr_carea' id='block_1_2' title="bbox 1565 904 2519 993">
    <p class='ocr_par' dir='ltr' id='par_1_2' title="bbox 1565 904 2519 993">
     <span class='ocr_line' id='line_1_2' title="bbox 1565 904 2519 993; baseline 0.003 -4"><span class='ocrx_word' id='word_1_7' title='bbox 1565 905 1707 990; x_wconf 88' lang='lat' dir='ltr'><strong>DE</strong></span> <span class='ocrx_word' id='word_1_8' title='bbox 1787 904 2058 991; x_wconf 88' lang='lat' dir='ltr'><strong>FINE</strong></span> <span class='ocrx_word' id='word_1_9' title='bbox 2142 905 2519 993; x_wconf 89' lang='lat' dir='ltr'><strong>MUNDI</strong></span> 
     </span>
    </p>
   </div>
   <div class='ocr_carea' id='block_1_3' title="bbox 809 1243 1636 1313">
    <p class='ocr_par' dir='ltr' id='par_1_3' title="bbox 809 1243 1636 1313">
     <span class='ocr_line' id='line_1_3' title="bbox 809 1243 1636 1313; baseline -0.005 -1"><span class='ocrx_word' id='word_1_10' title='bbox 809 1243 1332 1313; x_wconf 89' lang='lat' dir='ltr'><strong>PROPOSITIO</strong></span> <span class='ocrx_word' id='word_1_11' title='bbox 1377 1243 1636 1310; x_wconf 88' lang='lat' dir='ltr'>CLVII.</span> 
     </span>
    </p>
   </div>
   <div class='ocr_carea' id='block_1_4' title="bbox 429 1439 3589 2212">
    <p class='ocr_par' dir='ltr' id='par_1_4' title="bbox 429 1439 3589 2212">
     <span class='ocr_line' id='line_1_4' title="bbox 551 1439 1980 1520; baseline 0 -12"><span class='ocrx_word' id='word_1_12' title='bbox 551 1440 952 1520; x_wconf 76' lang='lat' dir='ltr'><strong>Quamvis</strong></span> <span class='ocrx_word' id='word_1_13' title='bbox 993 1439 1234 1507; x_wconf 83' lang='lat' dir='ltr'><strong>finem</strong></span> <span class='ocrx_word' id='word_1_14' title='bbox 1261 1439 1542 1508; x_wconf 75' lang='lat' dir='ltr'><strong>mundi</strong></span> <span class='ocrx_word' id='word_1_15' title='bbox 1569 1439 1980 1508; x_wconf 77' lang='lat' dir='ltr'><strong>inferioris</strong></span> 
     </span>
     <span class='ocr_line' id='line_1_5' title="bbox 431 1537 1980 1620; baseline 0 -12"><span class='ocrx_word' id='word_1_16' title='bbox 431 1543 556 1608; x_wconf 78' lang='lat' dir='ltr'><strong>et</strong></span> <span class='ocrx_word' id='word_1_17' title='bbox 603 1541 828 1608; x_wconf 76' lang='lat' dir='ltr'><strong>diem</strong></span> <span class='ocrx_word' id='word_1_18' title='bbox 873 1538 1362 1607; x_wconf 76' lang='lat' dir='ltr'><strong>universalis</strong></span> <span class='ocrx_word' id='word_1_19' title='bbox 1405 1537 1700 1620; x_wconf 73' lang='lat' dir='ltr'><strong>judicii</strong></span> <span class='ocrx_word' id='word_1_20' title='bbox 1747 1554 1980 1608; x_wconf 86' lang='lat' dir='ltr'><strong>nemo</strong></span> 
     </span>
     <span class='ocr_line' id='line_1_6' title="bbox 431 1637 1976 1721; baseline -0.001 -15"><span class='ocrx_word' id='word_1_21' title='bbox 431 1639 728 1721; x_wconf 79' lang='lat' dir='ltr'><strong>queat</strong></span> <span class='ocrx_word' id='word_1_22' title='bbox 792 1637 1322 1704; x_wconf 81' lang='lat' dir='ltr'><strong>determinate</strong></span> <span class='ocrx_word' id='word_1_23' title='bbox 1396 1638 1976 1705; x_wconf 71' lang='lat' dir='ltr'><strong>certitudtnail-</strong></span> 
     </span>
     <span class='ocr_line' id='line_1_7' title="bbox 431 1737 1978 1820; baseline 0 -16"><span class='ocrx_word' id='word_1_24' title='bbox 431 1739 762 1820; x_wconf 81' lang='lat' dir='ltr'><strong>terque</strong></span> <span class='ocrx_word' id='word_1_25' title='bbox 803 1737 1198 1818; x_wconf 77' lang='lat' dir='ltr'><strong>praesctre,</strong></span> <span class='ocrx_word' id='word_1_26' title='bbox 1231 1737 1586 1804; x_wconf 85' lang='lat' dir='ltr'><strong>attamen</strong></span> <span class='ocrx_word' id='word_1_27' title='bbox 1617 1737 1978 1818; x_wconf 78' lang='lat' dir='ltr'><strong>quoedam</strong></span> 
     </span>
     <span class='ocr_line' id='line_1_8' title="bbox 429 1831 1976 1916; baseline 0.001 -13"><span class='ocrx_word' id='word_1_28' title='bbox 429 1837 676 1903; x_wconf 78' lang='grc'>11108</span> <span class='ocrx_word' id='word_1_29' title='bbox 704 1834 1170 1916; x_wconf 78' lang='lat' dir='ltr'><strong>praeoedent,</strong></span> <span class='ocrx_word' id='word_1_30' title='bbox 1191 1833 1483 1916; x_wconf 70' lang='lat' dir='ltr'><strong>quibus</strong></span> <span class='ocrx_word' id='word_1_31' title='bbox 1508 1831 1716 1902; x_wconf 75' lang='lat' dir='ltr'><strong>visis</strong></span> <span class='ocrx_word' id='word_1_32' title='bbox 1749 1836 1832 1901; x_wconf 88' lang='lat' dir='ltr'><strong>et</strong></span> <span class='ocrx_word' id='word_1_33' title='bbox 1855 1850 1976 1904; x_wconf 90' lang='lat' dir='ltr'><strong>oo-</strong></span> 
     </span>
     <span class='ocr_line' id='line_1_9' title="bbox 429 1931 3585 2019; baseline 0 -19"><span class='ocrx_word' id='word_1_34' title='bbox 429 1935 760 2017; x_wconf 70' lang='lat' dir='ltr'><strong>g-mtis,</strong></span> <span class='ocrx_word' id='word_1_35' title='bbox 810 1935 1120 2000; x_wconf 73' lang='lat' dir='ltr'><strong>eertum</strong></span> <span class='ocrx_word' id='word_1_36' title='bbox 1174 1933 1335 2000; x_wconf 76' lang='lat' dir='ltr'><strong>erit</strong></span> <span class='ocrx_word' id='word_1_37' title='bbox 1381 1933 1981 2012; x_wconf 71' lang='lat' dir='ltr'><strong>generationem</strong></span> <span class='ocrx_word' id='word_1_38' title='bbox 2039 1931 2487 1997; x_wconf 79' lang='lat' dir='ltr'><strong>‘beatissimos</strong></span> <span class='ocrx_word' id='word_1_39' title='bbox 2519 1934 2721 1996; x_wconf 86' lang='lat' dir='ltr'><strong>Eliam</strong></span> <span class='ocrx_word' id='word_1_40' title='bbox 2753 1942 2818 1997; x_wconf 92' lang='lat' dir='ltr'><strong>et</strong></span> <span class='ocrx_word' id='word_1_41' title='bbox 2847 1935 3061 1998; x_wconf 86' lang='lat' dir='ltr'>Enoch</span> <span class='ocrx_word' id='word_1_42' title='bbox 3088 1953 3103 1998; x_wconf 74' lang='grc' dir='ltr'>ε</span> <span class='ocrx_word' id='word_1_43' title='bbox 3128 1937 3239 2019; x_wconf 92' lang='lat' dir='ltr'><strong>qui</strong></span> <span class='ocrx_word' id='word_1_44' title='bbox 3267 1937 3585 2002; x_wconf 89' lang='lat' dir='ltr'><strong>Antichri-</strong></span> 
     </span>
     <span class='ocr_line' id='line_1_10' title="bbox 435 2030 3589 2120; baseline 0.002 -23"><span class='ocrx_word' id='word_1_45' title='bbox 435 2036 554 2101; x_wconf 65' lang='grc' dir='ltr'><strong>οῗ,</strong></span> <span class='ocrx_word' id='word_1_46' title='bbox 613 2032 1211 2114; x_wconf 76' lang='lat' dir='ltr'><strong>corruptionem</strong></span> <span class='ocrx_word' id='word_1_47' title='bbox 1267 2031 1356 2098; x_wconf 78' lang='lat' dir='ltr'><strong>in</strong></span> <span class='ocrx_word' id='word_1_48' title='bbox 1413 2031 1839 2099; x_wconf 77' lang='lat' dir='ltr'><strong>elementis</strong></span> <span class='ocrx_word' id='word_1_49' title='bbox 1897 2034 1979 2100; x_wconf 79' lang='lat' dir='ltr'><strong>et</strong></span> <span class='ocrx_word' id='word_1_50' title='bbox 2085 2030 2167 2093; x_wconf 88' lang='lat' dir='ltr'><strong>sti</strong></span> <span class='ocrx_word' id='word_1_51' title='bbox 2198 2031 2495 2113; x_wconf 82' lang='lat' dir='ltr'><strong>detegent</strong></span> <span class='ocrx_word' id='word_1_52' title='bbox 2524 2031 2850 2106; x_wconf 76' lang='lat' dir='ltr'><strong>falsitateS,</strong></span> <span class='ocrx_word' id='word_1_53' title='bbox 2879 2034 3127 2098; x_wconf 83' lang='lat' dir='ltr'><strong>Judaeos</strong></span> <span class='ocrx_word' id='word_1_54' title='bbox 3176 2053 3436 2118; x_wconf 86' lang='lat' dir='ltr'><strong>quoque</strong></span> <span class='ocrx_word' id='word_1_55' title='bbox 3468 2055 3589 2120; x_wconf 92' lang='lat' dir='ltr'><strong>pro</strong></span> 
     </span>
     <span class='ocr_line' id='line_1_11' title="bbox 435 2129 3583 2212; baseline 0 -14"><span class='ocrx_word' id='word_1_56' title='bbox 435 2129 766 2198; x_wconf 75' lang='lat' dir='ltr'><strong>mixtis</strong></span> <span class='ocrx_word' id='word_1_57' title='bbox 801 2132 964 2198; x_wconf 74' lang='lat' dir='ltr'><strong>olto</strong></span> <span class='ocrx_word' id='word_1_58' title='bbox 1001 2129 1368 2196; x_wconf 74' lang='lat' dir='ltr'><strong>totaliter</strong></span> <span class='ocrx_word' id='word_1_59' title='bbox 1408 2129 1975 2199; x_wconf 77' lang='lat' dir='ltr'><strong>terminandas.</strong></span> <span class='ocrx_word' id='word_1_60' title='bbox 2087 2129 2368 2192; x_wconf 88' lang='lat' dir='ltr'><strong>maxima</strong></span> <span class='ocrx_word' id='word_1_61' title='bbox 2396 2137 2575 2212; x_wconf 90' lang='lat' dir='ltr'><strong>parte</strong></span> <span class='ocrx_word' id='word_1_62' title='bbox 2602 2149 2675 2192; x_wconf 88' lang='lat' dir='ltr'><strong>ac</strong></span> <span class='ocrx_word' id='word_1_63' title='bbox 2712 2131 2871 2195; x_wconf 89' lang='lat' dir='ltr'><strong>alios</strong></span> <span class='ocrx_word' id='word_1_64' title='bbox 2910 2132 3147 2196; x_wconf 89' lang='lat' dir='ltr'><strong>multos</strong></span> <span class='ocrx_word' id='word_1_65' title='bbox 3188 2142 3583 2210; x_wconf 86' lang='lat' dir='ltr'><strong>convertent,</strong></span> 
     </span>
    </p>
   </div>
   <div class='ocr_carea' id='block_1_5' title="bbox 548 2226 1978 2309">
    <p class='ocr_par' dir='ltr' id='par_1_5' title="bbox 548 2226 1978 2309">
     <span class='ocr_line' id='line_1_12' title="bbox 548 2226 1978 2309; baseline 0 -18"><span class='ocrx_word' id='word_1_66' title='bbox 548 2229 743 2304; x_wconf 83' lang='lat' dir='ltr'><strong>Quod</strong></span> <span class='ocrx_word' id='word_1_67' title='bbox 771 2233 890 2302; x_wconf 86' lang='lat' dir='ltr'><strong>est,</strong></span> <span class='ocrx_word' id='word_1_68' title='bbox 920 2226 1225 2309; x_wconf 86' lang='lat' dir='ltr'><strong>qnoniam</strong></span> <span class='ocrx_word' id='word_1_69' title='bbox 1263 2226 1552 2290; x_wconf 90' lang='lat' dir='ltr'><strong>Christus</strong></span> <span class='ocrx_word' id='word_1_70' title='bbox 1591 2227 1660 2290; x_wconf 87' lang='lat' dir='ltr'><strong>in</strong></span> <span class='ocrx_word' id='word_1_71' title='bbox 1697 2227 1978 2309; x_wconf 79' lang='lat' dir='ltr'><strong>Evange-</strong></span> 
     </span>
    </p>
   </div>
   <div class='ocr_carea' id='block_1_6' title="bbox 2011 1241 3881 1334">
    <p class='ocr_par' dir='ltr' id='par_1_6' title="bbox 2011 1241 3881 1334">
     <span class='ocr_line' id='line_1_13' title="bbox 2011 1241 3881 1334; baseline 0.005 -28"><span class='ocrx_word' id='word_1_72' title='bbox 2011 1241 2062 1306; x_wconf 83' lang='lat' dir='ltr'><strong>A</strong></span> <span class='ocrx_word' id='word_1_73' title='bbox 2166 1243 2453 1320; x_wconf 85' lang='lat' dir='ltr'><strong>Interim,</strong></span> <span class='ocrx_word' id='word_1_74' title='bbox 2474 1245 2628 1329; x_wconf 86' lang='lat' dir='ltr'><strong>quia</strong></span> <span class='ocrx_word' id='word_1_75' title='bbox 2653 1247 3061 1330; x_wconf 90' lang='lat' dir='ltr'><strong>omnipotens</strong></span> <span class='ocrx_word' id='word_1_76' title='bbox 3088 1249 3256 1314; x_wconf 87' lang='lat' dir='ltr'><strong>Deus</strong></span> <span class='ocrx_word' id='word_1_77' title='bbox 3284 1267 3412 1314; x_wconf 92' lang='lat' dir='ltr'><strong>non</strong></span> <span class='ocrx_word' id='word_1_78' title='bbox 3442 1269 3583 1334; x_wconf 90' lang='lat' dir='ltr'><strong>per·</strong></span> <span class='ocrx_word' id='word_1_79' title='bbox 3614 1271 3753 1318; x_wconf 73' lang='lat' dir='ltr'><strong>icor.</strong></span> <span class='ocrx_word' id='word_1_80' title='bbox 3770 1273 3881 1323; x_wconf 63' lang='lat' dir='ltr'><strong>ma.</strong></span> 
     </span>
    </p>
   </div>
   <div class='ocr_carea' id='block_1_7' title="bbox 2083 1341 3586 1916">
    <p class='ocr_par' dir='ltr' id='par_1_7' title="bbox 2083 1341 3586 1916">
     <span class='ocr_line' id='line_1_14' title="bbox 2087 1341 3585 1424; baseline 0.005 -20"><span class='ocrx_word' id='word_1_81' title='bbox 2087 1341 2286 1405; x_wconf 89' lang='lat' dir='ltr'><strong>mittit</strong></span> <span class='ocrx_word' id='word_1_82' title='bbox 2314 1342 2607 1407; x_wconf 89' lang='lat' dir='ltr'><strong>homines</strong></span> <span class='ocrx_word' id='word_1_83' title='bbox 2637 1346 2867 1408; x_wconf 89' lang='lat' dir='ltr'><strong>tentari</strong></span> <span class='ocrx_word' id='word_1_84' title='bbox 2895 1346 3177 1412; x_wconf 85' lang='lat' dir='ltr'><strong>totaliter</strong></span> <span class='ocrx_word' id='word_1_85' title='bbox 3203 1347 3367 1412; x_wconf 88' lang='lat' dir='ltr'><strong>ultra</strong></span> <span class='ocrx_word' id='word_1_86' title='bbox 3392 1349 3585 1424; x_wconf 84' lang='lat' dir='ltr'><strong>vires,</strong></span> 
     </span>
     <span class='ocr_line' id='line_1_15' title="bbox 2087 1440 3586 1528; baseline 0.005 -25"><span class='ocrx_word' id='word_1_87' title='bbox 2087 1440 2329 1504; x_wconf 89' lang='lat' dir='ltr'><strong>idcirco</strong></span> <span class='ocrx_word' id='word_1_88' title='bbox 2370 1441 2437 1504; x_wconf 92' lang='lat' dir='ltr'><strong>in</strong></span> <span class='ocrx_word' id='word_1_89' title='bbox 2480 1441 2673 1506; x_wconf 88' lang='lat' dir='ltr'><strong>tantis</strong></span> <span class='ocrx_word' id='word_1_90' title='bbox 2720 1443 3027 1526; x_wconf 91' lang='lat' dir='ltr'><strong>periculis</strong></span> <span class='ocrx_word' id='word_1_91' title='bbox 3066 1445 3173 1528; x_wconf 91' lang='lat' dir='ltr'><strong>pie</strong></span> <span class='ocrx_word' id='word_1_92' title='bbox 3210 1456 3586 1528; x_wconf 78' lang='lat' dir='ltr'><strong>succurret3</strong></span> 
     </span>
     <span class='ocr_line' id='line_1_16' title="bbox 2085 1540 3583 1622; baseline 0.005 -22"><span class='ocrx_word' id='word_1_93' title='bbox 2085 1545 2279 1622; x_wconf 85' lang='lat' dir='ltr'><strong>atque</strong></span> <span class='ocrx_word' id='word_1_94' title='bbox 2334 1541 2413 1603; x_wconf 92' lang='lat' dir='ltr'><strong>ad</strong></span> <span class='ocrx_word' id='word_1_95' title='bbox 2472 1540 2953 1622; x_wconf 81' lang='lat' dir='ltr'><strong>praedicandum</strong></span> <span class='ocrx_word' id='word_1_96' title='bbox 3002 1550 3222 1606; x_wconf 90' lang='lat' dir='ltr'><strong>contra</strong></span> <span class='ocrx_word' id='word_1_97' title='bbox 3266 1544 3583 1608; x_wconf 87' lang='lat' dir='ltr'><strong>Antichri-</strong></span> 
     </span>
     <span class='ocr_line' id='line_1_17' title="bbox 2085 1639 3586 1719; baseline 0.007 -20"><span class='ocrx_word' id='word_1_98' title='bbox 2085 1644 2257 1700; x_wconf 88' lang='lat' dir='ltr'><strong>stum</strong></span> <span class='ocrx_word' id='word_1_99' title='bbox 2324 1639 2485 1701; x_wconf 89' lang='lat' dir='ltr'><strong>duos</strong></span> <span class='ocrx_word' id='word_1_100' title='bbox 2550 1639 2761 1702; x_wconf 90' lang='lat' dir='ltr'><strong>mittet</strong></span> <span class='ocrx_word' id='word_1_101' title='bbox 2822 1639 3311 1706; x_wconf 75' lang='lat' dir='ltr'><strong>efficacissimos</strong></span> <span class='ocrx_word' id='word_1_102' title='bbox 3367 1650 3586 1719; x_wconf 55' lang='lat' dir='ltr'><strong>testes„</strong></span> 
     </span>
     <span class='ocr_line' id='line_1_18' title="bbox 2083 1734 3584 1822; baseline 0.006 -26"><span class='ocrx_word' id='word_1_103' title='bbox 2083 1734 2523 1799; x_wconf 86' lang='lat' dir='ltr'><strong>sanctissimos</strong></span> <span class='ocrx_word' id='word_1_104' title='bbox 2560 1737 2755 1811; x_wconf 75' lang='lat' dir='ltr'><strong>virOS,</strong></span> <span class='ocrx_word' id='word_1_105' title='bbox 2788 1739 3131 1821; x_wconf 88' lang='lat' dir='ltr'><strong>prophetas</strong></span> <span class='ocrx_word' id='word_1_106' title='bbox 3174 1741 3485 1822; x_wconf 75' lang='lat' dir='ltr'><strong>egregiOS,</strong></span> <span class='ocrx_word' id='word_1_107' title='bbox 3518 1742 3584 1805; x_wconf 93' lang='lat' dir='ltr'><strong>in</strong></span> 
     </span>
     <span class='ocr_line' id='line_1_19' title="bbox 2086 1834 3581 1916; baseline 0.005 -20"><span class='ocrx_word' id='word_1_108' title='bbox 2086 1834 2455 1915; x_wconf 78' lang='lat' dir='ltr'><strong>paradisum</strong></span> <span class='ocrx_word' id='word_1_109' title='bbox 2497 1836 2856 1911; x_wconf 86' lang='lat' dir='ltr'><strong>translatos,</strong></span> <span class='ocrx_word' id='word_1_110' title='bbox 2890 1838 3174 1901; x_wconf 90' lang='lat' dir='ltr'><strong>nondum</strong></span> <span class='ocrx_word' id='word_1_111' title='bbox 3221 1839 3581 1916; x_wconf 76' lang='lat' dir='ltr'><strong>defunctos,</strong></span> 
     </span>
    </p>
   </div>
   <div class='ocr_carea' id='block_1_8' title="bbox 2083 2227 3589 2312">
    <p class='ocr_par' dir='ltr' id='par_1_8' title="bbox 2083 2227 3589 2312">
     <span class='ocr_line' id='line_1_20' title="bbox 2083 2227 3589 2312; baseline 0.005 -23"><span class='ocrx_word' id='word_1_112' title='bbox 2083 2245 2158 2312; x_wconf 89' lang='lat' dir='ltr'><strong>ac</strong></span> <span class='ocrx_word' id='word_1_113' title='bbox 2195 2228 2453 2290; x_wconf 87' lang='lat' dir='ltr'><strong>tandem</strong></span> <span class='ocrx_word' id='word_1_114' title='bbox 2502 2227 2585 2290; x_wconf 90' lang='lat' dir='ltr'><strong>ab</strong></span> <span class='ocrx_word' id='word_1_115' title='bbox 2631 2228 3024 2294; x_wconf 81' lang='lat' dir='ltr'><strong>Antichristo</strong></span> <span class='ocrx_word' id='word_1_116' title='bbox 3068 2231 3483 2312; x_wconf 83' lang='lat' dir='ltr'><strong>occidentur3</strong></span> <span class='ocrx_word' id='word_1_117' title='bbox 3520 2241 3589 2297; x_wconf 89' lang='lat' dir='ltr'><strong>et</strong></span> 
     </span>
    </p>
   </div>
   <div class='ocr_carea' id='block_1_9' title="bbox 153 2324 3587 2508">
    <p class='ocr_par' dir='ltr' id='par_1_9' title="bbox 153 2324 3587 2508">
     <span class='ocr_line' id='line_1_21' title="bbox 153 2324 3585 2410; baseline 0.001 -19"><span class='ocrx_word' id='word_1_118' title='bbox 153 2347 380 2392; x_wconf 61' lang='lat' dir='ltr'><strong>nacta.</strong></span> <span class='ocrx_word' id='word_1_119' title='bbox 441 2328 562 2391; x_wconf 87' lang='lat' dir='ltr'><strong>lio</strong></span> <span class='ocrx_word' id='word_1_120' title='bbox 595 2332 992 2410; x_wconf 78' lang='lat' dir='ltr'><strong>protestatur</strong></span> <span class='ocrx_word' id='word_1_121' title='bbox 1021 2341 1038 2386; x_wconf 77' lang='lat' dir='ltr'><strong>t</strong></span> <span class='ocrx_word' id='word_1_122' title='bbox 1069 2325 1158 2388; x_wconf 91' lang='lat' dir='ltr'><strong>De</strong></span> <span class='ocrx_word' id='word_1_123' title='bbox 1186 2324 1292 2388; x_wconf 91' lang='lat' dir='ltr'><strong>die</strong></span> <span class='ocrx_word' id='word_1_124' title='bbox 1334 2325 1445 2388; x_wconf 90' lang='lat' dir='ltr'><strong>illa</strong></span> <span class='ocrx_word' id='word_1_125' title='bbox 1485 2332 1552 2388; x_wconf 92' lang='lat' dir='ltr'><strong>et</strong></span> <span class='ocrx_word' id='word_1_126' title='bbox 1592 2325 1748 2389; x_wconf 89' lang='lat' dir='ltr'><strong>hora</strong></span> <span class='ocrx_word' id='word_1_127' title='bbox 1789 2343 1980 2390; x_wconf 89' lang='lat' dir='ltr'><strong>nemo</strong></span> <span class='ocrx_word' id='word_1_128' title='bbox 2087 2325 2283 2408; x_wconf 91' lang='lat' dir='ltr'><strong>paulo</strong></span> <span class='ocrx_word' id='word_1_129' title='bbox 2310 2333 2453 2408; x_wconf 90' lang='lat' dir='ltr'><strong>post</strong></span> <span class='ocrx_word' id='word_1_130' title='bbox 2481 2326 2673 2389; x_wconf 89' lang='lat' dir='ltr'><strong>etiam</strong></span> <span class='ocrx_word' id='word_1_131' title='bbox 2705 2327 3237 2392; x_wconf 87' lang='lat' dir='ltr'><strong>sceleratissimus</strong></span> <span class='ocrx_word' id='word_1_132' title='bbox 3265 2329 3585 2394; x_wconf 87' lang='lat' dir='ltr'><strong>Antichri-</strong></span> 
     </span>
     <span class='ocr_line' id='line_1_22' title="bbox 441 2423 3587 2508; baseline 0 -17"><span class='ocrx_word' id='word_1_133' title='bbox 441 2427 620 2491; x_wconf 83' lang='lat' dir='ltr'><strong>scit.</strong></span> <span class='ocrx_word' id='word_1_134' title='bbox 659 2423 876 2488; x_wconf 87' lang='lat' dir='ltr'><strong>Nihilo</strong></span> <span class='ocrx_word' id='word_1_135' title='bbox 915 2425 1132 2487; x_wconf 90' lang='lat' dir='ltr'><strong>minus</strong></span> <span class='ocrx_word' id='word_1_136' title='bbox 1168 2423 1368 2506; x_wconf 78' lang='lat' dir='ltr'><strong>tangit</strong></span> <span class='ocrx_word' id='word_1_137' title='bbox 1402 2423 1618 2508; x_wconf 90' lang='lat' dir='ltr'><strong>aliqua</strong></span> <span class='ocrx_word' id='word_1_138' title='bbox 1649 2425 1850 2506; x_wconf 76' lang='lat' dir='ltr'><strong>signa,</strong></span> <span class='ocrx_word' id='word_1_139' title='bbox 1883 2444 1977 2488; x_wconf 90' lang='lat' dir='ltr'><strong>se·</strong></span> <span class='ocrx_word' id='word_1_140' title='bbox 2005 2425 2054 2488; x_wconf 89' lang='lat' dir='ltr'>B</span> <span class='ocrx_word' id='word_1_141' title='bbox 2087 2431 2225 2486; x_wconf 87' lang='lat' dir='ltr'><strong>stus</strong></span> <span class='ocrx_word' id='word_1_142' title='bbox 2282 2423 2517 2486; x_wconf 86' lang='lat' dir='ltr'><strong>virtute</strong></span> <span class='ocrx_word' id='word_1_143' title='bbox 2574 2424 2830 2488; x_wconf 89' lang='lat' dir='ltr'><strong>Domini</strong></span> <span class='ocrx_word' id='word_1_144' title='bbox 2890 2427 3091 2490; x_wconf 87' lang='lat' dir='ltr'><strong>nostri</strong></span> <span class='ocrx_word' id='word_1_145' title='bbox 3144 2428 3291 2491; x_wconf 86' lang='lat' dir='ltr'><strong>Jesu</strong></span> <span class='ocrx_word' id='word_1_146' title='bbox 3350 2427 3587 2492; x_wconf 82' lang='lat' dir='ltr'><strong>Christi</strong></span> 
     </span>
    </p>
   </div>
   <div class='ocr_carea' id='block_1_10' title="bbox 61 2413 402 2592">
    <p class='ocr_par' dir='ltr' id='par_1_10' title="bbox 61 2413 402 2592">
     <span class='ocr_line' id='line_1_23' title="bbox 125 2413 400 2460; baseline -0.007 -6"><span class='ocrx_word' id='word_1_147' title='bbox 125 2426 268 2460; x_wconf 73' lang='lat' dir='ltr'><strong>mv.</strong></span> <span class='ocrx_word' id='word_1_148' title='bbox 303 2413 400 2454; x_wconf 69' lang='lat'><strong>³6.</strong></span> 
     </span>
     <span class='ocr_line' id='line_1_24' title="bbox 91 2475 402 2519; baseline 0.003 -3"><span class='ocrx_word' id='word_1_149' title='bbox 91 2475 232 2519; x_wconf 67' lang='lat' dir='ltr'><strong>[bid.</strong></span> <span class='ocrx_word' id='word_1_150' title='bbox 271 2477 306 2516; x_wconf 74' lang='lat'>5</span> <span class='ocrx_word' id='word_1_151' title='bbox 337 2479 402 2517; x_wconf 68' lang='lat' dir='ltr'><strong>et</strong></span> 
     </span>
     <span class='ocr_line' id='line_1_25' title="bbox 61 2549 170 2592; baseline 0 -14"><span class='ocrx_word' id='word_1_152' title='bbox 61 2549 170 2592; x_wconf 75' lang='lat' dir='ltr'><strong>aeq.</strong></span> 
     </span>
    </p>
   </div>
   <div class='ocr_carea' id='block_1_11' title="bbox 67 3013 172 3054">
    <p class='ocr_par' dir='ltr' id='par_1_11' title="bbox 67 3013 172 3054">
     <span class='ocr_line' id='line_1_26' title="bbox 67 3013 172 3054; baseline 0 -10"><span class='ocrx_word' id='word_1_153' title='bbox 67 3013 172 3054; x_wconf 53' lang='grc' dir='ltr'><strong>9η.</strong></span> 
     </span>
    </p>
   </div>
   <div class='ocr_carea' id='block_1_12' title="bbox 439 2522 1978 2604">
    <p class='ocr_par' dir='ltr' id='par_1_12' title="bbox 439 2522 1978 2604">
     <span class='ocr_line' id='line_1_27' title="bbox 439 2522 1978 2604; baseline -0.003 -14"><span class='ocrx_word' id='word_1_154' title='bbox 439 2525 772 2590; x_wconf 81' lang='lat' dir='ltr'><strong>cundum</strong></span> <span class='ocrx_word' id='word_1_155' title='bbox 801 2540 992 2586; x_wconf 90' lang='lat' dir='ltr'><strong>suum</strong></span> <span class='ocrx_word' id='word_1_156' title='bbox 1032 2522 1378 2586; x_wconf 83' lang='lat' dir='ltr'><strong>adventum</strong></span> <span class='ocrx_word' id='word_1_157' title='bbox 1420 2540 1496 2585; x_wconf 89' lang='lat' dir='ltr'><strong>ac</strong></span> <span class='ocrx_word' id='word_1_158' title='bbox 1538 2523 1710 2586; x_wconf 92' lang='lat' dir='ltr'><strong>diem</strong></span> <span class='ocrx_word' id='word_1_159' title='bbox 1750 2523 1978 2604; x_wconf 82' lang='lat' dir='ltr'><strong>judicii</strong></span> 
     </span>
    </p>
   </div>
   <div class='ocr_carea' id='block_1_13' title="bbox 101 2619 1982 2988">
    <p class='ocr_par' dir='ltr' id='par_1_13' title="bbox 101 2619 1982 2988">
     <span class='ocr_line' id='line_1_28' title="bbox 439 2619 1980 2708; baseline -0.002 -22"><span class='ocrx_word' id='word_1_160' title='bbox 439 2639 894 2708; x_wconf 74' lang='lat' dir='ltr'><strong>praecessura.</strong></span> <span class='ocrx_word' id='word_1_161' title='bbox 926 2619 1156 2702; x_wconf 86' lang='lat' dir='ltr'><strong>Aliqua</strong></span> <span class='ocrx_word' id='word_1_162' title='bbox 1183 2637 1440 2702; x_wconf 87' lang='lat' dir='ltr'><strong>quoque</strong></span> <span class='ocrx_word' id='word_1_163' title='bbox 1477 2621 1774 2704; x_wconf 63' lang='lat' dir='ltr'><strong>praedixit</strong></span> <span class='ocrx_word' id='word_1_164' title='bbox 1810 2620 1980 2683; x_wconf 76' lang='lat' dir='ltr'><strong>lutu-</strong></span> 
     </span>
     <span class='ocr_line' id='line_1_29' title="bbox 437 2718 1979 2803; baseline -0.003 -17"><span class='ocrx_word' id='word_1_165' title='bbox 437 2742 540 2786; x_wconf 74' lang='lat' dir='ltr'><strong>ra</strong></span> <span class='ocrx_word' id='word_1_166' title='bbox 583 2728 939 2803; x_wconf 87' lang='lat' dir='ltr'><strong>antequam</strong></span> <span class='ocrx_word' id='word_1_167' title='bbox 982 2719 1244 2782; x_wconf 84' lang='lat' dir='ltr'><strong>venient</strong></span> <span class='ocrx_word' id='word_1_168' title='bbox 1283 2718 1466 2800; x_wconf 80' lang='lat' dir='ltr'><strong>signa</strong></span> <span class='ocrx_word' id='word_1_169' title='bbox 1508 2718 1618 2780; x_wconf 93' lang='lat' dir='ltr'><strong>illa</strong></span> <span class='ocrx_word' id='word_1_170' title='bbox 1657 2739 1800 2801; x_wconf 66' lang='lat' dir='ltr'><strong>quaa</strong></span> <span class='ocrx_word' id='word_1_171' title='bbox 1837 2738 1979 2802; x_wconf 91' lang='lat' dir='ltr'><strong>pro·</strong></span> 
     </span>
     <span class='ocr_line' id='line_1_30' title="bbox 441 2816 1980 2900; baseline -0.003 -15"><span class='ocrx_word' id='word_1_172' title='bbox 441 2822 659 2885; x_wconf 86' lang='lat' dir='ltr'><strong>xima</strong></span> <span class='ocrx_word' id='word_1_173' title='bbox 708 2825 896 2882; x_wconf 90' lang='lat' dir='ltr'><strong>erunt</strong></span> <span class='ocrx_word' id='word_1_174' title='bbox 942 2818 1226 2881; x_wconf 89' lang='lat' dir='ltr'><strong>secundo</strong></span> <span class='ocrx_word' id='word_1_175' title='bbox 1271 2817 1414 2898; x_wconf 87' lang='lat' dir='ltr'><strong>ejus</strong></span> <span class='ocrx_word' id='word_1_176' title='bbox 1459 2816 1782 2891; x_wconf 88' lang='lat' dir='ltr'><strong>adventui,</strong></span> <span class='ocrx_word' id='word_1_177' title='bbox 1827 2825 1980 2900; x_wconf 88' lang='lat' dir='ltr'><strong>puta</strong></span> 
     </span>
     <span class='ocr_line' id='line_1_31' title="bbox 101 2914 1982 2988; baseline -0.002 -8"><span class='ocrx_word' id='word_1_178' title='bbox 101 2935 234 2980; x_wconf 66' lang='lat' dir='ltr'><strong>[bid.</strong></span> <span class='ocrx_word' id='word_1_179' title='bbox 251 2938 314 2980; x_wconf 68' lang='grc' dir='ltr'><strong>ει</strong></span> <span class='ocrx_word' id='word_1_180' title='bbox 339 2941 400 2980; x_wconf 72' lang='lat' dir='ltr'><strong>et</strong></span> <span class='ocrx_word' id='word_1_181' title='bbox 435 2916 858 2983; x_wconf 86' lang='lat' dir='ltr'><strong>Antichristi</strong></span> <span class='ocrx_word' id='word_1_182' title='bbox 883 2915 1254 2986; x_wconf 86' lang='lat' dir='ltr'><strong>adventum,</strong></span> <span class='ocrx_word' id='word_1_183' title='bbox 1279 2914 1585 2988; x_wconf 83' lang='lat' dir='ltr'><strong>fallacias,</strong></span> <span class='ocrx_word' id='word_1_184' title='bbox 1619 2923 1684 2978; x_wconf 89' lang='lat' dir='ltr'><strong>et</strong></span> <span class='ocrx_word' id='word_1_185' title='bbox 1707 2916 1982 2978; x_wconf 89' lang='lat' dir='ltr'><strong>acerbis-</strong></span> 
     </span>
    </p>
   </div>
   <div class='ocr_carea' id='block_1_14' title="bbox 438 3014 1979 3098">
    <p class='ocr_par' dir='ltr' id='par_1_14' title="bbox 438 3014 1979 3098">
     <span class='ocr_line' id='line_1_32' title="bbox 438 3014 1979 3098; baseline -0.003 -18"><span class='ocrx_word' id='word_1_186' title='bbox 438 3017 682 3080; x_wconf 80' lang='lat' dir='ltr'><strong>simas</strong></span> <span class='ocrx_word' id='word_1_187' title='bbox 716 3014 1192 3098; x_wconf 76' lang='lat' dir='ltr'><strong>persecutiones</strong></span> <span class='ocrx_word' id='word_1_188' title='bbox 1246 3032 1404 3096; x_wconf 86' lang='lat' dir='ltr'><strong>quas</strong></span> <span class='ocrx_word' id='word_1_189' title='bbox 1447 3030 1564 3095; x_wconf 87' lang='lat' dir='ltr'><strong>per</strong></span> <span class='ocrx_word' id='word_1_190' title='bbox 1602 3031 1672 3076; x_wconf 88' lang='lat' dir='ltr'><strong>se</strong></span> <span class='ocrx_word' id='word_1_191' title='bbox 1713 3031 1788 3075; x_wconf 94' lang='lat' dir='ltr'><strong>ac</strong></span> <span class='ocrx_word' id='word_1_192' title='bbox 1831 3031 1979 3077; x_wconf 90' lang='lat' dir='ltr'><strong>suos</strong></span> 
     </span>
    </p>
   </div>
   <div class='ocr_carea' id='block_1_15' title="bbox 437 3110 1980 3185">
    <p class='ocr_par' dir='ltr' id='par_1_15' title="bbox 437 3110 1980 3185">
     <span class='ocr_line' id='line_1_33' title="bbox 437 3110 1980 3185; baseline -0.003 -7"><span class='ocrx_word' id='word_1_193' title='bbox 437 3115 786 3178; x_wconf 75' lang='lat' dir='ltr'><strong>satellites</strong></span> <span class='ocrx_word' id='word_1_194' title='bbox 814 3113 1048 3177; x_wconf 81' lang='lat' dir='ltr'><strong>inferet</strong></span> <span class='ocrx_word' id='word_1_195' title='bbox 1075 3111 1466 3176; x_wconf 84' lang='lat' dir='ltr'><strong>Christianis.</strong></span> <span class='ocrx_word' id='word_1_196' title='bbox 1498 3110 1742 3185; x_wconf 86' lang='lat' dir='ltr'><strong>Quibus</strong></span> <span class='ocrx_word' id='word_1_197' title='bbox 1772 3130 1980 3173; x_wconf 88' lang='lat' dir='ltr'><strong>narra-</strong></span> 
     </span>
    </p>
   </div>
   <div class='ocr_carea' id='block_1_16' title="bbox 113 3209 1976 3295">
    <p class='ocr_par' dir='ltr' id='par_1_16' title="bbox 113 3209 1976 3295">
     <span class='ocr_line' id='line_1_34' title="bbox 113 3209 1976 3295; baseline -0.006 -14"><span class='ocrx_word' id='word_1_198' title='bbox 113 3238 258 3281; x_wconf 70' lang='lat' dir='ltr'><strong>ma.</strong></span> <span class='ocrx_word' id='word_1_199' title='bbox 303 3239 398 3288; x_wconf 63' lang='grc' dir='ltr'><strong>ευ,</strong></span> <span class='ocrx_word' id='word_1_200' title='bbox 437 3216 578 3290; x_wconf 86' lang='lat' dir='ltr'><strong>tis,</strong></span> <span class='ocrx_word' id='word_1_201' title='bbox 601 3212 883 3295; x_wconf 70' lang='lat' dir='ltr'><strong>adiecit:</strong></span> <span class='ocrx_word' id='word_1_202' title='bbox 907 3211 1133 3276; x_wconf 82' lang='lat' dir='ltr'><strong>Statim</strong></span> <span class='ocrx_word' id='word_1_203' title='bbox 1165 3217 1308 3292; x_wconf 89' lang='lat' dir='ltr'><strong>post</strong></span> <span class='ocrx_word' id='word_1_204' title='bbox 1335 3209 1816 3272; x_wconf 80' lang='lat' dir='ltr'><strong>tribulationem</strong></span> <span class='ocrx_word' id='word_1_205' title='bbox 1846 3209 1976 3272; x_wconf 91' lang='lat' dir='ltr'><strong>die—</strong></span> 
     </span>
    </p>
   </div>
   <div class='ocr_carea' id='block_1_17' title="bbox 65 3303 254 3352">
    <p class='ocr_par' dir='ltr' id='par_1_17' title="bbox 65 3303 254 3352">
     <span class='ocr_line' id='line_1_35' title="bbox 65 3303 254 3352; baseline -0.005 -9"><span class='ocrx_word' id='word_1_206' title='bbox 65 3303 142 3352; x_wconf 55' lang='grc' dir='ltr'><strong>ω,</strong></span> <span class='ocrx_word' id='word_1_207' title='bbox 169 3305 254 3344; x_wconf 65' lang='grc'><strong>14.</strong></span> 
     </span>
    </p>
   </div>
   <div class='ocr_carea' id='block_1_18' title="bbox 433 3306 3871 3790">
    <p class='ocr_par' dir='ltr' id='par_1_18' title="bbox 433 3306 3871 3790">
     <span class='ocr_line' id='line_1_36' title="bbox 433 3306 1975 3382; baseline -0.006 -5"><span class='ocrx_word' id='word_1_208' title='bbox 433 3332 620 3377; x_wconf 83' lang='lat' dir='ltr'><strong>rum</strong></span> <span class='ocrx_word' id='word_1_209' title='bbox 655 3311 916 3375; x_wconf 87' lang='lat' dir='ltr'><strong>illorum</strong></span> <span class='ocrx_word' id='word_1_210' title='bbox 946 3309 1041 3372; x_wconf 91' lang='lat' dir='ltr'><strong>sol</strong></span> <span class='ocrx_word' id='word_1_211' title='bbox 1071 3307 1540 3382; x_wconf 86' lang='lat' dir='ltr'><strong>obscurabitur,</strong></span> <span class='ocrx_word' id='word_1_212' title='bbox 1574 3313 1638 3369; x_wconf 89' lang='lat' dir='ltr'><strong>et</strong></span> <span class='ocrx_word' id='word_1_213' title='bbox 1674 3306 1826 3369; x_wconf 88' lang='lat' dir='ltr'><strong>luna</strong></span> <span class='ocrx_word' id='word_1_214' title='bbox 1852 3324 1975 3370; x_wconf 93' lang='lat' dir='ltr'><strong>non</strong></span> 
     </span>
     <span class='ocr_line' id='line_1_37' title="bbox 435 3403 1978 3491; baseline -0.006 -16"><span class='ocrx_word' id='word_1_215' title='bbox 435 3410 660 3476; x_wconf 81' lang='lat' dir='ltr'><strong>dabit</strong></span> <span class='ocrx_word' id='word_1_216' title='bbox 686 3408 1090 3491; x_wconf 80' lang='lat' dir='ltr'><strong>splendorem</strong></span> <span class='ocrx_word' id='word_1_217' title='bbox 1120 3423 1344 3486; x_wconf 83' lang='lat' dir='ltr'><strong>suum3</strong></span> <span class='ocrx_word' id='word_1_218' title='bbox 1367 3413 1432 3468; x_wconf 91' lang='lat' dir='ltr'><strong>et</strong></span> <span class='ocrx_word' id='word_1_219' title='bbox 1461 3412 1613 3467; x_wconf 90' lang='lat' dir='ltr'><strong>tunc</strong></span> <span class='ocrx_word' id='word_1_220' title='bbox 1643 3403 1978 3487; x_wconf 85' lang='lat' dir='ltr'><strong>apparebit</strong></span> 
     </span>
     <span class='ocr_line' id='line_1_38' title="bbox 433 3502 1974 3591; baseline -0.006 -18"><span class='ocrx_word' id='word_1_221' title='bbox 433 3511 736 3591; x_wconf 75' lang='lat' dir='ltr'><strong>signnm</strong></span> <span class='ocrx_word' id='word_1_222' title='bbox 763 3505 908 3568; x_wconf 80' lang='lat' dir='ltr'><strong>Filii</strong></span> <span class='ocrx_word' id='word_1_223' title='bbox 939 3503 1219 3567; x_wconf 89' lang='lat' dir='ltr'><strong>hominis</strong></span> <span class='ocrx_word' id='word_1_224' title='bbox 1249 3503 1316 3566; x_wconf 91' lang='lat' dir='ltr'><strong>in</strong></span> <span class='ocrx_word' id='word_1_225' title='bbox 1345 3503 1530 3576; x_wconf 88' lang='lat' dir='ltr'><strong>coelo,</strong></span> <span class='ocrx_word' id='word_1_226' title='bbox 1561 3509 1626 3564; x_wconf 90' lang='lat' dir='ltr'><strong>et</strong></span> <span class='ocrx_word' id='word_1_227' title='bbox 1667 3502 1790 3565; x_wconf 89' lang='lat' dir='ltr'><strong>erit</strong></span> <span class='ocrx_word' id='word_1_228' title='bbox 1826 3519 1974 3565; x_wconf 92' lang='lat' dir='ltr'><strong>con·</strong></span> 
     </span>
     <span class='ocr_line' id='line_1_39' title="bbox 433 3599 3871 3682; baseline -0.002 -10"><span class='ocrx_word' id='word_1_229' title='bbox 433 3606 842 3672; x_wconf 66' lang='lat' dir='ltr'><strong>nammatio.</strong></span> <span class='ocrx_word' id='word_1_230' title='bbox 873 3601 1101 3667; x_wconf 84' lang='lat' dir='ltr'><strong>Veniet</strong></span> <span class='ocrx_word' id='word_1_231' title='bbox 1145 3618 1296 3682; x_wconf 81' lang='lat' dir='ltr'><strong>ergo</strong></span> <span class='ocrx_word' id='word_1_232' title='bbox 1340 3599 1810 3680; x_wconf 84' lang='lat' dir='ltr'><strong>Antichristus3</strong></span> <span class='ocrx_word' id='word_1_233' title='bbox 1861 3601 1971 3664; x_wconf 92' lang='lat' dir='ltr'><strong>sed</strong></span> <span class='ocrx_word' id='word_1_234' title='bbox 2001 3605 2044 3670; x_wconf 85' lang='lat' dir='ltr'>C</span> <span class='ocrx_word' id='word_1_235' title='bbox 2083 3608 2154 3663; x_wconf 92' lang='lat' dir='ltr'><strong>ut</strong></span> <span class='ocrx_word' id='word_1_236' title='bbox 2206 3601 2273 3664; x_wconf 92' lang='lat' dir='ltr'><strong>in</strong></span> <span class='ocrx_word' id='word_1_237' title='bbox 2333 3601 2561 3664; x_wconf 92' lang='lat' dir='ltr'><strong>diebus</strong></span> <span class='ocrx_word' id='word_1_238' title='bbox 2617 3601 2747 3665; x_wconf 90' lang='lat' dir='ltr'><strong>Noe</strong></span> <span class='ocrx_word' id='word_1_239' title='bbox 2807 3611 2988 3664; x_wconf 87' lang='lat' dir='ltr'><strong>erant</strong></span> <span class='ocrx_word' id='word_1_240' title='bbox 3045 3604 3453 3668; x_wconf 87' lang='lat' dir='ltr'><strong>comedentes</strong></span> <span class='ocrx_word' id='word_1_241' title='bbox 3509 3613 3574 3668; x_wconf 91' lang='lat' dir='ltr'><strong>et</strong></span> <span class='ocrx_word' id='word_1_242' title='bbox 3599 3600 3871 3650; x_wconf 58' lang='lat'><strong>¹¹¹&#39;’³⁷·³⁹·</strong></span> 
     </span>
     <span class='ocr_line' id='line_1_40' title="bbox 437 3699 1972 3790; baseline -0.005 -20"><span class='ocrx_word' id='word_1_243' title='bbox 437 3703 778 3790; x_wconf 63' lang='lat' dir='ltr'><strong>quando?</strong></span> <span class='ocrx_word' id='word_1_244' title='bbox 834 3720 966 3766; x_wconf 90' lang='lat' dir='ltr'><strong>non</strong></span> <span class='ocrx_word' id='word_1_245' title='bbox 1021 3700 1312 3764; x_wconf 80' lang='lat' dir='ltr'><strong>valemus</strong></span> <span class='ocrx_word' id='word_1_246' title='bbox 1377 3699 1794 3762; x_wconf 88' lang='lat' dir='ltr'><strong>determinate</strong></span> <span class='ocrx_word' id='word_1_247' title='bbox 1853 3717 1972 3762; x_wconf 91' lang='lat' dir='ltr'><strong>nec</strong></span> 
     </span>
    </p>
   </div>
   <div class='ocr_carea' id='block_1_19' title="bbox 439 3797 1979 4776">
    <p class='ocr_par' dir='ltr' id='par_1_19' title="bbox 439 3797 1979 4776">
     <span class='ocr_line' id='line_1_41' title="bbox 439 3797 1970 3886; baseline -0.007 -16"><span class='ocrx_word' id='word_1_248' title='bbox 439 3812 656 3870; x_wconf 80' lang='lat' dir='ltr'><strong>certo</strong></span> <span class='ocrx_word' id='word_1_249' title='bbox 695 3818 1108 3886; x_wconf 72' lang='lat' dir='ltr'><strong>praenoscere.</strong></span> <span class='ocrx_word' id='word_1_250' title='bbox 1141 3797 1390 3872; x_wconf 84' lang='lat' dir='ltr'><strong>Veniet,</strong></span> <span class='ocrx_word' id='word_1_251' title='bbox 1423 3798 1708 3880; x_wconf 88' lang='lat' dir='ltr'><strong>inquam,</strong></span> <span class='ocrx_word' id='word_1_252' title='bbox 1742 3805 1806 3859; x_wconf 90' lang='lat' dir='ltr'><strong>et</strong></span> <span class='ocrx_word' id='word_1_253' title='bbox 1841 3816 1970 3880; x_wconf 80' lang='lat' dir='ltr'><strong>prae</strong></span> 
     </span>
     <span class='ocr_line' id='line_1_42' title="bbox 439 3895 1972 3984; baseline -0.007 -15"><span class='ocrx_word' id='word_1_254' title='bbox 439 3901 730 3969; x_wconf 81' lang='lat' dir='ltr'><strong>cunctis</strong></span> <span class='ocrx_word' id='word_1_255' title='bbox 767 3897 1286 3984; x_wconf 87' lang='lat' dir='ltr'><strong>persecutoribus</strong></span> <span class='ocrx_word' id='word_1_256' title='bbox 1322 3915 1397 3960; x_wconf 89' lang='lat' dir='ltr'><strong>ac</strong></span> <span class='ocrx_word' id='word_1_257' title='bbox 1432 3895 1720 3979; x_wconf 84' lang='lat' dir='ltr'><strong>tyrannis</strong></span> <span class='ocrx_word' id='word_1_258' title='bbox 1759 3895 1972 3959; x_wconf 90' lang='lat' dir='ltr'><strong>Eccle-</strong></span> 
     </span>
     <span class='ocr_line' id='line_1_43' title="bbox 441 3992 1972 4079; baseline -0.008 -12"><span class='ocrx_word' id='word_1_259' title='bbox 441 4004 638 4068; x_wconf 85' lang='lat' dir='ltr'><strong>siam</strong></span> <span class='ocrx_word' id='word_1_260' title='bbox 688 3997 1084 4062; x_wconf 86' lang='lat' dir='ltr'><strong>atrocissime</strong></span> <span class='ocrx_word' id='word_1_261' title='bbox 1135 4003 1575 4079; x_wconf 87' lang='lat' dir='ltr'><strong>persequetur,</strong></span> <span class='ocrx_word' id='word_1_262' title='bbox 1625 4013 1698 4056; x_wconf 91' lang='lat' dir='ltr'><strong>ac</strong></span> <span class='ocrx_word' id='word_1_263' title='bbox 1756 3992 1972 4076; x_wconf 88' lang='lat' dir='ltr'><strong>plures</strong></span> 
     </span>
     <span class='ocr_line' id='line_1_44' title="bbox 439 4092 1976 4182; baseline -0.007 -17"><span class='ocrx_word' id='word_1_264' title='bbox 439 4098 759 4182; x_wconf 82' lang='lat' dir='ltr'><strong>decipiet</strong></span> <span class='ocrx_word' id='word_1_265' title='bbox 805 4115 924 4180; x_wconf 90' lang='lat' dir='ltr'><strong>per</strong></span> <span class='ocrx_word' id='word_1_266' title='bbox 974 4095 1342 4158; x_wconf 89' lang='lat' dir='ltr'><strong>simulatam</strong></span> <span class='ocrx_word' id='word_1_267' title='bbox 1387 4092 1810 4166; x_wconf 85' lang='lat' dir='ltr'><strong>sanctitatem,</strong></span> <span class='ocrx_word' id='word_1_268' title='bbox 1860 4111 1976 4175; x_wconf 91' lang='lat' dir='ltr'><strong>per</strong></span> 
     </span>
     <span class='ocr_line' id='line_1_45' title="bbox 443 4191 1971 4283; baseline -0.005 -19"><span class='ocrx_word' id='word_1_269' title='bbox 443 4203 895 4283; x_wconf 77' lang='lat' dir='ltr'><strong>apparentem</strong></span> <span class='ocrx_word' id='word_1_270' title='bbox 937 4201 1004 4258; x_wconf 94' lang='lat' dir='ltr'><strong>et</strong></span> <span class='ocrx_word' id='word_1_271' title='bbox 1047 4193 1476 4276; x_wconf 87' lang='lat' dir='ltr'><strong>deceptoriam</strong></span> <span class='ocrx_word' id='word_1_272' title='bbox 1526 4191 1971 4275; x_wconf 81' lang='lat' dir='ltr'><strong>allegationem</strong></span> 
     </span>
     <span class='ocr_line' id='line_1_46' title="bbox 441 4291 1974 4380; baseline -0.007 -16"><span class='ocrx_word' id='word_1_273' title='bbox 441 4297 844 4380; x_wconf 66' lang='lat' dir='ltr'><strong>Scripturas,</strong></span> <span class='ocrx_word' id='word_1_274' title='bbox 875 4311 990 4377; x_wconf 90' lang='lat' dir='ltr'><strong>per</strong></span> <span class='ocrx_word' id='word_1_275' title='bbox 1025 4291 1504 4356; x_wconf 87' lang='lat' dir='ltr'><strong>crudelissimas</strong></span> <span class='ocrx_word' id='word_1_276' title='bbox 1541 4299 1778 4354; x_wconf 85' lang='lat' dir='ltr'><strong>mortes</strong></span> <span class='ocrx_word' id='word_1_277' title='bbox 1817 4311 1974 4374; x_wconf 86' lang='lat' dir='ltr'><strong>quas</strong></span> 
     </span>
     <span class='ocr_line' id='line_1_47' title="bbox 446 4389 1976 4476; baseline -0.005 -16"><span class='ocrx_word' id='word_1_278' title='bbox 446 4396 737 4476; x_wconf 80' lang='lat' dir='ltr'><strong>infliget</strong></span> <span class='ocrx_word' id='word_1_279' title='bbox 763 4391 1204 4456; x_wconf 88' lang='lat' dir='ltr'><strong>constantibus</strong></span> <span class='ocrx_word' id='word_1_280' title='bbox 1233 4389 1632 4463; x_wconf 85' lang='lat' dir='ltr'><strong>Christianis,</strong></span> <span class='ocrx_word' id='word_1_281' title='bbox 1666 4409 1780 4473; x_wconf 89' lang='lat' dir='ltr'><strong>per</strong></span> <span class='ocrx_word' id='word_1_282' title='bbox 1808 4390 1976 4454; x_wconf 90' lang='lat' dir='ltr'><strong>dona</strong></span> 
     </span>
     <span class='ocr_line' id='line_1_48' title="bbox 447 4488 1974 4578; baseline -0.005 -18"><span class='ocrx_word' id='word_1_283' title='bbox 447 4504 530 4560; x_wconf 80' lang='lat' dir='ltr'><strong>et</strong></span> <span class='ocrx_word' id='word_1_284' title='bbox 575 4491 923 4578; x_wconf 84' lang='lat' dir='ltr'><strong>promissa,</strong></span> <span class='ocrx_word' id='word_1_285' title='bbox 971 4488 1483 4572; x_wconf 88' lang='lat' dir='ltr'><strong>temporalesque</strong></span> <span class='ocrx_word' id='word_1_286' title='bbox 1521 4489 1974 4574; x_wconf 90' lang='lat' dir='ltr'><strong>prosperitates</strong></span> 
     </span>
     <span class='ocr_line' id='line_1_49' title="bbox 447 4586 1976 4678; baseline -0.004 -22"><span class='ocrx_word' id='word_1_287' title='bbox 447 4611 638 4678; x_wconf 85' lang='lat' dir='ltr'><strong>quas</strong></span> <span class='ocrx_word' id='word_1_288' title='bbox 679 4589 966 4674; x_wconf 88' lang='lat' dir='ltr'><strong>deceptis</strong></span> <span class='ocrx_word' id='word_1_289' title='bbox 1006 4606 1045 4650; x_wconf 87' lang='lat' dir='ltr'><strong>a</strong></span> <span class='ocrx_word' id='word_1_290' title='bbox 1085 4605 1152 4650; x_wconf 92' lang='lat' dir='ltr'><strong>se</strong></span> <span class='ocrx_word' id='word_1_291' title='bbox 1198 4586 1520 4669; x_wconf 75' lang='lat' dir='ltr'><strong>largietur.</strong></span> <span class='ocrx_word' id='word_1_292' title='bbox 1562 4587 1753 4651; x_wconf 87' lang='lat' dir='ltr'><strong>Porro</strong></span> <span class='ocrx_word' id='word_1_293' title='bbox 1796 4588 1976 4668; x_wconf 83' lang='lat' dir='ltr'><strong>signa</strong></span> 
     </span>
     <span class='ocr_line' id='line_1_50' title="bbox 447 4686 1979 4776; baseline -0.005 -22"><span class='ocrx_word' id='word_1_294' title='bbox 447 4710 622 4776; x_wconf 77' lang='lat' dir='ltr'><strong>qnae</strong></span> <span class='ocrx_word' id='word_1_295' title='bbox 673 4688 884 4763; x_wconf 83' lang='lat' dir='ltr'><strong>faciet,</strong></span> <span class='ocrx_word' id='word_1_296' title='bbox 923 4687 1142 4750; x_wconf 90' lang='lat' dir='ltr'><strong>omnia</strong></span> <span class='ocrx_word' id='word_1_297' title='bbox 1187 4693 1378 4750; x_wconf 89' lang='lat' dir='ltr'><strong>erunt</strong></span> <span class='ocrx_word' id='word_1_298' title='bbox 1422 4686 1772 4760; x_wconf 87' lang='lat' dir='ltr'><strong>mendacia,</strong></span> <span class='ocrx_word' id='word_1_299' title='bbox 1823 4704 1979 4768; x_wconf 91' lang='lat' dir='ltr'><strong>quo-</strong></span> 
     </span>
    </p>
   </div>
   <div class='ocr_carea' id='block_1_20' title="bbox 2083 2521 3883 3588">
    <p class='ocr_par' dir='ltr' id='par_1_20' title="bbox 2087 2521 3585 2607">
     <span class='ocr_line' id='line_1_51' title="bbox 2087 2521 3585 2607; baseline 0.004 -24"><span class='ocrx_word' id='word_1_300' title='bbox 2087 2528 2349 2604; x_wconf 86' lang='lat' dir='ltr'><strong>repente</strong></span> <span class='ocrx_word' id='word_1_301' title='bbox 2378 2521 2824 2585; x_wconf 83' lang='lat' dir='ltr'><strong>interficietur.</strong></span> <span class='ocrx_word' id='word_1_302' title='bbox 2858 2525 2993 2598; x_wconf 90' lang='lat' dir='ltr'><strong>Quo</strong></span> <span class='ocrx_word' id='word_1_303' title='bbox 3033 2524 3222 2599; x_wconf 83' lang='lat' dir='ltr'><strong>facto,</strong></span> <span class='ocrx_word' id='word_1_304' title='bbox 3257 2544 3421 2607; x_wconf 89' lang='lat' dir='ltr'><strong>pene</strong></span> <span class='ocrx_word' id='word_1_305' title='bbox 3450 2543 3585 2589; x_wconf 91' lang='lat' dir='ltr'><strong>om—</strong></span> 
     </span>
    </p>

    <p class='ocr_par' dir='ltr' id='par_1_21' title="bbox 2087 2619 3587 2704">
     <span class='ocr_line' id='line_1_52' title="bbox 2087 2619 3587 2704; baseline 0.005 -24"><span class='ocrx_word' id='word_1_306' title='bbox 2087 2637 2203 2681; x_wconf 91' lang='lat' dir='ltr'><strong>nes</strong></span> <span class='ocrx_word' id='word_1_307' title='bbox 2233 2619 2315 2680; x_wconf 90' lang='lat' dir='ltr'><strong>ab</strong></span> <span class='ocrx_word' id='word_1_308' title='bbox 2346 2619 2485 2702; x_wconf 90' lang='lat' dir='ltr'><strong>ipso</strong></span> <span class='ocrx_word' id='word_1_309' title='bbox 2515 2619 2767 2702; x_wconf 88' lang='lat' dir='ltr'><strong>decepti</strong></span> <span class='ocrx_word' id='word_1_310' title='bbox 2800 2621 3181 2704; x_wconf 88' lang='lat' dir='ltr'><strong>resipiscent</strong></span> <span class='ocrx_word' id='word_1_311' title='bbox 3218 2631 3284 2685; x_wconf 88' lang='lat' dir='ltr'><strong>et</strong></span> <span class='ocrx_word' id='word_1_312' title='bbox 3324 2625 3587 2687; x_wconf 86' lang='lat' dir='ltr'><strong>credent</strong></span> 
     </span>
    </p>

    <p class='ocr_par' dir='ltr' id='par_1_22' title="bbox 2087 2715 3579 2803">
     <span class='ocr_line' id='line_1_53' title="bbox 2087 2715 3579 2803; baseline 0.005 -26"><span class='ocrx_word' id='word_1_313' title='bbox 2087 2715 2155 2778; x_wconf 90' lang='lat' dir='ltr'><strong>in</strong></span> <span class='ocrx_word' id='word_1_314' title='bbox 2186 2716 2657 2803; x_wconf 77' lang='lat' dir='ltr'><strong>Christum,qui</strong></span> <span class='ocrx_word' id='word_1_315' title='bbox 2693 2719 2757 2780; x_wconf 93' lang='lat' dir='ltr'><strong>in</strong></span> <span class='ocrx_word' id='word_1_316' title='bbox 2790 2719 3131 2800; x_wconf 79' lang='lat' dir='ltr'><strong>Evangelio</strong></span> <span class='ocrx_word' id='word_1_317' title='bbox 3160 2727 3579 2784; x_wconf 88' lang='lat' dir='ltr'><strong>contestatur:</strong></span> 
     </span>
    </p>

    <p class='ocr_par' dir='ltr' id='par_1_23' title="bbox 2085 2814 3883 3196">
     <span class='ocr_line' id='line_1_54' title="bbox 2087 2814 3883 2897; baseline 0.005 -21"><span class='ocrx_word' id='word_1_318' title='bbox 2087 2814 2279 2888; x_wconf 85' lang='lat' dir='ltr'><strong>Elias,</strong></span> <span class='ocrx_word' id='word_1_319' title='bbox 2313 2835 2515 2897; x_wconf 87' lang='lat' dir='ltr'><strong>quum</strong></span> <span class='ocrx_word' id='word_1_320' title='bbox 2561 2816 2827 2890; x_wconf 89' lang='lat' dir='ltr'><strong>venerit,</strong></span> <span class='ocrx_word' id='word_1_321' title='bbox 2870 2817 3164 2880; x_wconf 88' lang='lat' dir='ltr'><strong>restituet</strong></span> <span class='ocrx_word' id='word_1_322' title='bbox 3202 2819 3435 2882; x_wconf 89' lang='lat' dir='ltr'><strong>omnia.</strong></span> <span class='ocrx_word' id='word_1_323' title='bbox 3472 2821 3585 2883; x_wconf 90' lang='lat' dir='ltr'><strong>Ve-</strong></span> <span class='ocrx_word' id='word_1_324' title='bbox 3610 2839 3883 2894; x_wconf 53' lang='lat' dir='ltr'><strong>Macetum,</strong></span> 
     </span>
     <span class='ocr_line' id='line_1_55' title="bbox 2087 2907 3681 2996; baseline 0.006 -22"><span class='ocrx_word' id='word_1_325' title='bbox 2087 2921 2447 2976; x_wconf 87' lang='lat' dir='ltr'><strong>rumtamen</strong></span> <span class='ocrx_word' id='word_1_326' title='bbox 2496 2914 2756 2996; x_wconf 88' lang='lat' dir='ltr'><strong>quidam</strong></span> <span class='ocrx_word' id='word_1_327' title='bbox 2817 2915 3439 2981; x_wconf 89' lang='lat' dir='ltr'><strong>induratissimorum</strong></span> <span class='ocrx_word' id='word_1_328' title='bbox 3488 2937 3583 2982; x_wconf 91' lang='lat' dir='ltr'><strong>sa·</strong></span> <span class='ocrx_word' id='word_1_329' title='bbox 3616 2907 3681 2948; x_wconf 83' lang='lat'><strong>¹¹·</strong></span> 
     </span>
     <span class='ocr_line' id='line_1_56' title="bbox 2085 3011 3583 3079; baseline 0.005 -7"><span class='ocrx_word' id='word_1_330' title='bbox 2085 3011 2363 3074; x_wconf 90' lang='lat' dir='ltr'><strong>tellitum</strong></span> <span class='ocrx_word' id='word_1_331' title='bbox 2402 3012 2775 3075; x_wconf 85' lang='lat' dir='ltr'><strong>Antichristi</strong></span> <span class='ocrx_word' id='word_1_332' title='bbox 2822 3013 2886 3074; x_wconf 93' lang='lat' dir='ltr'><strong>in</strong></span> <span class='ocrx_word' id='word_1_333' title='bbox 2930 3033 3044 3076; x_wconf 86' lang='lat' dir='ltr'><strong>sua</strong></span> <span class='ocrx_word' id='word_1_334' title='bbox 3084 3015 3437 3078; x_wconf 89' lang='lat' dir='ltr'><strong>manebunt</strong></span> <span class='ocrx_word' id='word_1_335' title='bbox 3465 3016 3583 3079; x_wconf 90' lang='lat' dir='ltr'><strong>im-</strong></span> 
     </span>
     <span class='ocr_line' id='line_1_57' title="bbox 2085 3110 3586 3196; baseline 0.004 -25"><span class='ocrx_word' id='word_1_336' title='bbox 2085 3110 2343 3192; x_wconf 88' lang='lat' dir='ltr'><strong>pietate,</strong></span> <span class='ocrx_word' id='word_1_337' title='bbox 2364 3110 2685 3174; x_wconf 87' lang='lat' dir='ltr'><strong>dicentes:</strong></span> <span class='ocrx_word' id='word_1_338' title='bbox 2709 3112 3009 3185; x_wconf 87' lang='lat' dir='ltr'><strong>Quamvis</strong></span> <span class='ocrx_word' id='word_1_339' title='bbox 3040 3113 3341 3196; x_wconf 90' lang='lat' dir='ltr'><strong>princeps</strong></span> <span class='ocrx_word' id='word_1_340' title='bbox 3370 3119 3586 3177; x_wconf 87' lang='lat' dir='ltr'><strong>noster</strong></span> 
     </span>
    </p>

    <p class='ocr_par' dir='ltr' id='par_1_24' title="bbox 2083 3208 3583 3292">
     <span class='ocr_line' id='line_1_58' title="bbox 2083 3208 3583 3292; baseline 0.003 -22"><span class='ocrx_word' id='word_1_341' title='bbox 2083 3208 2335 3270; x_wconf 87' lang='lat' dir='ltr'><strong>occisus</strong></span> <span class='ocrx_word' id='word_1_342' title='bbox 2366 3208 2470 3282; x_wconf 88' lang='lat' dir='ltr'><strong>sit,</strong></span> <span class='ocrx_word' id='word_1_343' title='bbox 2494 3226 2609 3272; x_wconf 88' lang='lat' dir='ltr'><strong>nos</strong></span> <span class='ocrx_word' id='word_1_344' title='bbox 2638 3215 2852 3272; x_wconf 90' lang='lat' dir='ltr'><strong>tamen</strong></span> <span class='ocrx_word' id='word_1_345' title='bbox 2884 3227 3107 3292; x_wconf 89' lang='lat' dir='ltr'><strong>pacem</strong></span> <span class='ocrx_word' id='word_1_346' title='bbox 3139 3210 3469 3274; x_wconf 79' lang='lat' dir='ltr'><strong>habemus,</strong></span> <span class='ocrx_word' id='word_1_347' title='bbox 3496 3212 3583 3274; x_wconf 89' lang='lat' dir='ltr'><strong>De</strong></span> 
     </span>
    </p>

    <p class='ocr_par' dir='ltr' id='par_1_25' title="bbox 2083 3305 3875 3588">
     <span class='ocr_line' id='line_1_59' title="bbox 2084 3305 3875 3392; baseline 0.004 -26"><span class='ocrx_word' id='word_1_348' title='bbox 2084 3305 2323 3388; x_wconf 91' lang='lat' dir='ltr'><strong>quibus</strong></span> <span class='ocrx_word' id='word_1_349' title='bbox 2352 3305 2610 3388; x_wconf 88' lang='lat' dir='ltr'><strong>scripsit</strong></span> <span class='ocrx_word' id='word_1_350' title='bbox 2638 3307 2977 3390; x_wconf 88' lang='lat' dir='ltr'><strong>Apostolus</strong></span> <span class='ocrx_word' id='word_1_351' title='bbox 3003 3325 3017 3370; x_wconf 77' lang='lat' dir='ltr'><em>z</em></span> <span class='ocrx_word' id='word_1_352' title='bbox 3040 3309 3247 3382; x_wconf 84' lang='lat' dir='ltr'><strong>Quum</strong></span> <span class='ocrx_word' id='word_1_353' title='bbox 3276 3309 3577 3384; x_wconf 86' lang='lat' dir='ltr'><strong>dixerint,</strong></span> <span class='ocrx_word' id='word_1_354' title='bbox 3626 3338 3875 3392; x_wconf 62' lang='lat' dir='ltr'><strong>[Thena.</strong></span> 
     </span>
     <span class='ocr_line' id='line_1_60' title="bbox 2083 3404 3649 3488; baseline 0.003 -22"><span class='ocrx_word' id='word_1_355' title='bbox 2083 3405 2205 3467; x_wconf 80' lang='lat' dir='ltr'><strong>Pax</strong></span> <span class='ocrx_word' id='word_1_356' title='bbox 2248 3411 2313 3466; x_wconf 91' lang='lat' dir='ltr'><strong>et</strong></span> <span class='ocrx_word' id='word_1_357' title='bbox 2350 3404 2680 3479; x_wconf 77' lang='lat' dir='ltr'><strong>securitaS,</strong></span> <span class='ocrx_word' id='word_1_358' title='bbox 2721 3412 2873 3468; x_wconf 90' lang='lat' dir='ltr'><strong>tunc</strong></span> <span class='ocrx_word' id='word_1_359' title='bbox 2910 3407 3285 3488; x_wconf 89' lang='lat' dir='ltr'><strong>repentinus</strong></span> <span class='ocrx_word' id='word_1_360' title='bbox 3330 3407 3425 3470; x_wconf 89' lang='lat' dir='ltr'><strong>eis</strong></span> <span class='ocrx_word' id='word_1_361' title='bbox 3474 3428 3577 3470; x_wconf 85' lang='lat' dir='ltr'><strong>su·</strong></span> <span class='ocrx_word' id='word_1_362' title='bbox 3608 3405 3649 3444; x_wconf 76' lang='lat'><strong>³·</strong></span> 
     </span>
     <span class='ocr_line' id='line_1_61' title="bbox 2083 3503 3829 3588; baseline 0.007 -23"><span class='ocrx_word' id='word_1_363' title='bbox 2083 3503 2417 3585; x_wconf 88' lang='lat' dir='ltr'><strong>perveniet</strong></span> <span class='ocrx_word' id='word_1_364' title='bbox 2446 3503 2760 3566; x_wconf 90' lang='lat' dir='ltr'><strong>interitus.</strong></span> <span class='ocrx_word' id='word_1_365' title='bbox 2796 3504 3081 3568; x_wconf 87' lang='lat' dir='ltr'><strong>Salvator</strong></span> <span class='ocrx_word' id='word_1_366' title='bbox 3110 3524 3364 3588; x_wconf 84' lang='lat' dir='ltr'><strong>quoque</strong></span> <span class='ocrx_word' id='word_1_367' title='bbox 3398 3524 3414 3568; x_wconf 74' lang='grc' dir='ltr'><em>τ</em></span> <span class='ocrx_word' id='word_1_368' title='bbox 3447 3507 3575 3571; x_wconf 92' lang='lat' dir='ltr'><strong>Sic·</strong></span> <span class='ocrx_word' id='word_1_369' title='bbox 3653 3532 3829 3579; x_wconf 68' lang='lat' dir='ltr'><strong>natm.</strong></span> 
     </span>
    </p>
   </div>
   <div class='ocr_carea' id='block_1_21' title="bbox 2077 3699 3579 4768">
    <p class='ocr_par' dir='ltr' id='par_1_26' title="bbox 2077 3699 3579 3876">
     <span class='ocr_line' id='line_1_62' title="bbox 2079 3699 3579 3774; baseline 0.003 -12"><span class='ocrx_word' id='word_1_370' title='bbox 2079 3699 2397 3774; x_wconf 89' lang='lat' dir='ltr'><strong>bibentes,</strong></span> <span class='ocrx_word' id='word_1_371' title='bbox 2440 3701 2643 3765; x_wconf 90' lang='lat' dir='ltr'><strong>donec</strong></span> <span class='ocrx_word' id='word_1_372' title='bbox 2701 3701 2877 3764; x_wconf 84' lang='lat' dir='ltr'><strong>venit</strong></span> <span class='ocrx_word' id='word_1_373' title='bbox 2934 3700 3251 3764; x_wconf 86' lang='lat' dir='ltr'><strong>diluvium</strong></span> <span class='ocrx_word' id='word_1_374' title='bbox 3308 3711 3374 3766; x_wconf 88' lang='lat' dir='ltr'><strong>et</strong></span> <span class='ocrx_word' id='word_1_375' title='bbox 3429 3703 3579 3766; x_wconf 88' lang='lat' dir='ltr'><strong>tulit</strong></span> 
     </span>
     <span class='ocr_line' id='line_1_63' title="bbox 2077 3799 3455 3876; baseline 0.002 -15"><span class='ocrx_word' id='word_1_376' title='bbox 2077 3814 2341 3876; x_wconf 90' lang='lat' dir='ltr'><strong>omnes;</strong></span> <span class='ocrx_word' id='word_1_377' title='bbox 2376 3799 2461 3860; x_wconf 92' lang='lat' dir='ltr'><strong>ita</strong></span> <span class='ocrx_word' id='word_1_378' title='bbox 2490 3799 2611 3861; x_wconf 91' lang='lat' dir='ltr'><strong>erit</strong></span> <span class='ocrx_word' id='word_1_379' title='bbox 2640 3799 2950 3862; x_wconf 86' lang='lat' dir='ltr'><strong>adventus</strong></span> <span class='ocrx_word' id='word_1_380' title='bbox 2979 3799 3121 3862; x_wconf 88' lang='lat' dir='ltr'><strong>Filii</strong></span> <span class='ocrx_word' id='word_1_381' title='bbox 3150 3799 3455 3864; x_wconf 79' lang='lat' dir='ltr'><strong>hominis,</strong></span> 
     </span>
    </p>

    <p class='ocr_par' dir='ltr' id='par_1_27' title="bbox 2079 3897 3579 4671">
     <span class='ocr_line' id='line_1_64' title="bbox 2162 3897 3577 3982; baseline 0.001 -21"><span class='ocrx_word' id='word_1_382' title='bbox 2162 3899 2227 3961; x_wconf 90' lang='lat' dir='ltr'><strong>Si</strong></span> <span class='ocrx_word' id='word_1_383' title='bbox 2256 3904 2470 3961; x_wconf 87' lang='lat' dir='ltr'><strong>autem</strong></span> <span class='ocrx_word' id='word_1_384' title='bbox 2501 3897 2791 3979; x_wconf 75' lang='lat' dir='ltr'><strong>objiciaS,</strong></span> <span class='ocrx_word' id='word_1_385' title='bbox 2826 3897 2977 3981; x_wconf 88' lang='lat' dir='ltr'><strong>quia</strong></span> <span class='ocrx_word' id='word_1_386' title='bbox 3014 3899 3169 3962; x_wconf 87' lang='lat' dir='ltr'><strong>ordo</strong></span> <span class='ocrx_word' id='word_1_387' title='bbox 3206 3905 3395 3982; x_wconf 87' lang='lat' dir='ltr'><strong>atque</strong></span> <span class='ocrx_word' id='word_1_388' title='bbox 3438 3918 3577 3982; x_wconf 90' lang='lat' dir='ltr'><strong>per-</strong></span> 
     </span>
     <span class='ocr_line' id='line_1_65' title="bbox 2079 3995 3578 4078; baseline 0 -20"><span class='ocrx_word' id='word_1_389' title='bbox 2079 3995 2273 4060; x_wconf 83' lang='lat' dir='ltr'><strong>fectio</strong></span> <span class='ocrx_word' id='word_1_390' title='bbox 2330 3995 2613 4058; x_wconf 86' lang='lat' dir='ltr'><strong>universi</strong></span> <span class='ocrx_word' id='word_1_391' title='bbox 2671 3996 2963 4058; x_wconf 89' lang='lat' dir='ltr'><strong>consistit</strong></span> <span class='ocrx_word' id='word_1_392' title='bbox 3012 3996 3077 4058; x_wconf 92' lang='lat' dir='ltr'><strong>in</strong></span> <span class='ocrx_word' id='word_1_393' title='bbox 3126 3996 3465 4078; x_wconf 90' lang='lat' dir='ltr'><strong>speciebus</strong></span> <span class='ocrx_word' id='word_1_394' title='bbox 3512 4005 3578 4060; x_wconf 92' lang='lat' dir='ltr'><strong>et</strong></span> 
     </span>
     <span class='ocr_line' id='line_1_66' title="bbox 2079 4094 3577 4179; baseline 0 -22"><span class='ocrx_word' id='word_1_395' title='bbox 2079 4094 2539 4179; x_wconf 88' lang='lat' dir='ltr'><strong>permanentiis</strong></span> <span class='ocrx_word' id='word_1_396' title='bbox 2570 4112 2808 4168; x_wconf 90' lang='lat' dir='ltr'><strong>rerum,</strong></span> <span class='ocrx_word' id='word_1_397' title='bbox 2830 4112 2957 4158; x_wconf 90' lang='lat' dir='ltr'><strong>non</strong></span> <span class='ocrx_word' id='word_1_398' title='bbox 2990 4112 3140 4176; x_wconf 82' lang='lat' dir='ltr'><strong>ergo</strong></span> <span class='ocrx_word' id='word_1_399' title='bbox 3167 4095 3447 4158; x_wconf 87' lang='lat' dir='ltr'><strong>totaliter</strong></span> <span class='ocrx_word' id='word_1_400' title='bbox 3474 4096 3577 4157; x_wconf 87' lang='lat' dir='ltr'><strong>de-</strong></span> 
     </span>
     <span class='ocr_line' id='line_1_67' title="bbox 2081 4191 3577 4273; baseline -0.001 -13"><span class='ocrx_word' id='word_1_401' title='bbox 2081 4201 2410 4260; x_wconf 88' lang='lat' dir='ltr'><strong>struentur</strong></span> <span class='ocrx_word' id='word_1_402' title='bbox 2451 4193 2586 4256; x_wconf 82' lang='lat' dir='ltr'><strong>haec</strong></span> <span class='ocrx_word' id='word_1_403' title='bbox 2630 4191 2935 4256; x_wconf 81' lang='lat' dir='ltr'><strong>inferiora</strong></span> <span class='ocrx_word' id='word_1_404' title='bbox 2976 4201 3041 4256; x_wconf 91' lang='lat' dir='ltr'><strong>et</strong></span> <span class='ocrx_word' id='word_1_405' title='bbox 3082 4193 3319 4273; x_wconf 82' lang='lat' dir='ltr'><strong>mixta3</strong></span> <span class='ocrx_word' id='word_1_406' title='bbox 3365 4194 3577 4258; x_wconf 89' lang='lat' dir='ltr'><strong>dicen-</strong></span> 
     </span>
     <span class='ocr_line' id='line_1_68' title="bbox 2081 4291 3575 4375; baseline -0.001 -18"><span class='ocrx_word' id='word_1_407' title='bbox 2081 4295 2259 4366; x_wconf 91' lang='lat' dir='ltr'><strong>dum,</strong></span> <span class='ocrx_word' id='word_1_408' title='bbox 2292 4293 2461 4375; x_wconf 87' lang='lat' dir='ltr'><strong>quod</strong></span> <span class='ocrx_word' id='word_1_409' title='bbox 2496 4291 2727 4374; x_wconf 80' lang='lat' dir='ltr'><strong>plantae</strong></span> <span class='ocrx_word' id='word_1_410' title='bbox 2768 4300 2833 4354; x_wconf 91' lang='lat' dir='ltr'><strong>et</strong></span> <span class='ocrx_word' id='word_1_411' title='bbox 2872 4291 3061 4355; x_wconf 92' lang='lat' dir='ltr'><strong>bruta</strong></span> <span class='ocrx_word' id='word_1_412' title='bbox 3097 4311 3171 4356; x_wconf 90' lang='lat' dir='ltr'><strong>ac</strong></span> <span class='ocrx_word' id='word_1_413' title='bbox 3212 4293 3410 4356; x_wconf 87' lang='lat' dir='ltr'><strong>mixta</strong></span> <span class='ocrx_word' id='word_1_414' title='bbox 3446 4311 3575 4357; x_wconf 92' lang='lat' dir='ltr'><strong>non</strong></span> 
     </span>
     <span class='ocr_line' id='line_1_69' title="bbox 2081 4388 3579 4476; baseline 0 -22"><span class='ocrx_word' id='word_1_415' title='bbox 2081 4393 2389 4465; x_wconf 87' lang='lat' dir='ltr'><strong>viva,non</strong></span> <span class='ocrx_word' id='word_1_416' title='bbox 2419 4397 2567 4453; x_wconf 92' lang='lat' dir='ltr'><strong>sunt</strong></span> <span class='ocrx_word' id='word_1_417' title='bbox 2595 4391 2673 4453; x_wconf 94' lang='lat' dir='ltr'><strong>de</strong></span> <span class='ocrx_word' id='word_1_418' title='bbox 2704 4388 3063 4472; x_wconf 85' lang='lat' dir='ltr'><strong>integritate</strong></span> <span class='ocrx_word' id='word_1_419' title='bbox 3092 4399 3157 4454; x_wconf 91' lang='lat' dir='ltr'><strong>et</strong></span> <span class='ocrx_word' id='word_1_420' title='bbox 3186 4391 3579 4476; x_wconf 82' lang='lat' dir='ltr'><strong>perfectione</strong></span> 
     </span>
     <span class='ocr_line' id='line_1_70' title="bbox 2083 4479 3577 4564; baseline -0.001 -10"><span class='ocrx_word' id='word_1_421' title='bbox 2083 4490 2390 4564; x_wconf 87' lang='lat' dir='ltr'><strong>universi,</strong></span> <span class='ocrx_word' id='word_1_422' title='bbox 2424 4490 2549 4552; x_wconf 90' lang='lat' dir='ltr'><strong>nisi</strong></span> <span class='ocrx_word' id='word_1_423' title='bbox 2587 4490 2941 4552; x_wconf 91' lang='lat' dir='ltr'><strong>secundum</strong></span> <span class='ocrx_word' id='word_1_424' title='bbox 2982 4497 3217 4554; x_wconf 85' lang='lat' dir='ltr'><strong>statum</strong></span> <span class='ocrx_word' id='word_1_425' title='bbox 3257 4479 3577 4554; x_wconf 88' lang='lat' dir='ltr'><strong>mutabili·</strong></span> 
     </span>
     <span class='ocr_line' id='line_1_71' title="bbox 2083 4587 2625 4671; baseline -0.006 -19"><span class='ocrx_word' id='word_1_426' title='bbox 2083 4589 2231 4652; x_wconf 88' lang='lat' dir='ltr'><strong>tatis</strong></span> <span class='ocrx_word' id='word_1_427' title='bbox 2275 4587 2625 4671; x_wconf 67' lang='lat' dir='ltr'><strong>praesentis.</strong></span> 
     </span>
    </p>

    <p class='ocr_par' dir='ltr' id='par_1_28' title="bbox 2165 4685 3577 4768">
     <span class='ocr_line' id='line_1_72' title="bbox 2165 4685 3577 4768; baseline 0.001 -18"><span class='ocrx_word' id='word_1_428' title='bbox 2165 4687 2513 4760; x_wconf 89' lang='lat' dir='ltr'><strong>Postremo,</strong></span> <span class='ocrx_word' id='word_1_429' title='bbox 2566 4685 2734 4748; x_wconf 91' lang='lat' dir='ltr'><strong>sicut</strong></span> <span class='ocrx_word' id='word_1_430' title='bbox 2789 4686 3150 4768; x_wconf 86' lang='lat' dir='ltr'><strong>persecutio</strong></span> <span class='ocrx_word' id='word_1_431' title='bbox 3203 4686 3577 4752; x_wconf 88' lang='lat' dir='ltr'><strong>Antichristi</strong></span> 
     </span>
    </p>
   </div>
   <div class='ocr_carea' id='block_1_22' title="bbox 445 4783 3579 4866">
    <p class='ocr_par' dir='ltr' id='par_1_29' title="bbox 445 4783 3579 4866">
     <span class='ocr_line' id='line_1_73' title="bbox 445 4783 3579 4866; baseline -0.001 -11"><span class='ocrx_word' id='word_1_432' title='bbox 445 4791 656 4855; x_wconf 88' lang='lat' dir='ltr'><strong>niam</strong></span> <span class='ocrx_word' id='word_1_433' title='bbox 695 4787 774 4850; x_wconf 89' lang='lat' dir='ltr'><strong>ad</strong></span> <span class='ocrx_word' id='word_1_434' title='bbox 813 4785 1167 4848; x_wconf 76' lang='lat' dir='ltr'><strong>fallendum</strong></span> <span class='ocrx_word' id='word_1_435' title='bbox 1209 4803 1284 4847; x_wconf 91' lang='lat' dir='ltr'><strong>ac</strong></span> <span class='ocrx_word' id='word_1_436' title='bbox 1329 4785 1770 4849; x_wconf 89' lang='lat' dir='ltr'><strong>mentiendum</strong></span> <span class='ocrx_word' id='word_1_437' title='bbox 1813 4785 1978 4848; x_wconf 89' lang='lat' dir='ltr'><strong>ordi·</strong></span> <span class='ocrx_word' id='word_1_438' title='bbox 2007 4789 2056 4852; x_wconf 89' lang='lat' dir='ltr'>D</span> <span class='ocrx_word' id='word_1_439' title='bbox 2085 4785 2209 4850; x_wconf 86' lang='lat' dir='ltr'><strong>erit</strong></span> <span class='ocrx_word' id='word_1_440' title='bbox 2234 4783 2633 4866; x_wconf 83' lang='lat' dir='ltr'><strong>gravissima,</strong></span> <span class='ocrx_word' id='word_1_441' title='bbox 2667 4783 2759 4846; x_wconf 87' lang='lat' dir='ltr'><strong>sic</strong></span> <span class='ocrx_word' id='word_1_442' title='bbox 2789 4792 2853 4846; x_wconf 90' lang='lat' dir='ltr'><strong>et</strong></span> <span class='ocrx_word' id='word_1_443' title='bbox 2890 4784 3012 4846; x_wconf 89' lang='lat' dir='ltr'><strong>erit</strong></span> <span class='ocrx_word' id='word_1_444' title='bbox 3051 4784 3431 4849; x_wconf 89' lang='lat' dir='ltr'><strong>brevissima</strong></span> <span class='ocrx_word' id='word_1_445' title='bbox 3461 4804 3476 4850; x_wconf 77' lang='lat' dir='ltr'><strong>t</strong></span> <span class='ocrx_word' id='word_1_446' title='bbox 3512 4789 3579 4851; x_wconf 91' lang='lat' dir='ltr'><strong>in</strong></span> 
     </span>
    </p>
   </div>
   <div class='ocr_carea' id='block_1_23' title="bbox 447 4883 1978 4966">
    <p class='ocr_par' dir='ltr' id='par_1_30' title="bbox 447 4883 1978 4966">
     <span class='ocr_line' id='line_1_74' title="bbox 447 4883 1978 4966; baseline -0.005 -13"><span class='ocrx_word' id='word_1_447' title='bbox 447 4887 807 4953; x_wconf 87' lang='lat' dir='ltr'><strong>nabuntur</strong></span> <span class='ocrx_word' id='word_1_448' title='bbox 851 4884 934 4947; x_wconf 91' lang='lat' dir='ltr'><strong>ab</strong></span> <span class='ocrx_word' id='word_1_449' title='bbox 981 4884 1124 4966; x_wconf 89' lang='lat' dir='ltr'><strong>ipso</strong></span> <span class='ocrx_word' id='word_1_450' title='bbox 1164 4902 1238 4947; x_wconf 89' lang='lat' dir='ltr'><strong>ac</strong></span> <span class='ocrx_word' id='word_1_451' title='bbox 1285 4885 1438 4946; x_wconf 87' lang='lat' dir='ltr'><strong>suis.</strong></span> <span class='ocrx_word' id='word_1_452' title='bbox 1490 4883 1721 4966; x_wconf 87' lang='lat' dir='ltr'><strong>Aliqua</strong></span> <span class='ocrx_word' id='word_1_453' title='bbox 1767 4891 1978 4946; x_wconf 91' lang='lat' dir='ltr'><strong>tamen</strong></span> 
     </span>
    </p>
   </div>
   <div class='ocr_carea' id='block_1_24' title="bbox 2086 4882 3582 4969">
    <p class='ocr_par' dir='ltr' id='par_1_31' title="bbox 2086 4882 3582 4969">
     <span class='ocr_line' id='line_1_75' title="bbox 2086 4882 3582 4969; baseline 0.002 -22"><span class='ocrx_word' id='word_1_454' title='bbox 2086 4903 2214 4969; x_wconf 86' lang='lat' dir='ltr'><strong>qua</strong></span> <span class='ocrx_word' id='word_1_455' title='bbox 2262 4883 2472 4945; x_wconf 91' lang='lat' dir='ltr'><strong>cultus</strong></span> <span class='ocrx_word' id='word_1_456' title='bbox 2510 4882 3003 4945; x_wconf 86' lang='lat' dir='ltr'><strong>Christianitatis</strong></span> <span class='ocrx_word' id='word_1_457' title='bbox 3048 4885 3327 4948; x_wconf 87' lang='lat' dir='ltr'><strong>maxime</strong></span> <span class='ocrx_word' id='word_1_458' title='bbox 3376 4887 3582 4969; x_wconf 89' lang='lat' dir='ltr'><strong>depri-</strong></span> 
     </span>
    </p>
   </div>
   <div class='ocr_carea' id='block_1_25' title="bbox 447 4979 3581 5065">
    <p class='ocr_par' dir='ltr' id='par_1_32' title="bbox 447 4979 3581 5065">
     <span class='ocr_line' id='line_1_76' title="bbox 447 4979 3581 5065; baseline -0.001 -12"><span class='ocrx_word' id='word_1_459' title='bbox 447 4986 680 5053; x_wconf 79' lang='lat' dir='ltr'><strong>faciet</strong></span> <span class='ocrx_word' id='word_1_460' title='bbox 715 5002 868 5046; x_wconf 79' lang='lat' dir='ltr'><strong>vera</strong></span> <span class='ocrx_word' id='word_1_461' title='bbox 903 4983 1088 5065; x_wconf 79' lang='lat' dir='ltr'><strong>signa</strong></span> <span class='ocrx_word' id='word_1_462' title='bbox 1120 4999 1134 5044; x_wconf 90' lang='lat'>:</span> <span class='ocrx_word' id='word_1_463' title='bbox 1169 4999 1298 5047; x_wconf 89' lang='lat' dir='ltr'><strong>non</strong></span> <span class='ocrx_word' id='word_1_464' title='bbox 1337 4983 1558 5065; x_wconf 89' lang='lat' dir='ltr'><strong>utique</strong></span> <span class='ocrx_word' id='word_1_465' title='bbox 1601 4981 1983 5064; x_wconf 86' lang='lat' dir='ltr'><strong>simpliciter</strong></span> <span class='ocrx_word' id='word_1_466' title='bbox 2089 4990 2301 5047; x_wconf 90' lang='lat' dir='ltr'><strong>metur</strong></span> <span class='ocrx_word' id='word_1_467' title='bbox 2346 4990 2535 5063; x_wconf 88' lang='lat' dir='ltr'><strong>atque</strong></span> <span class='ocrx_word' id='word_1_468' title='bbox 2586 4979 2826 5052; x_wconf 89' lang='lat' dir='ltr'><strong>latebit,</strong></span> <span class='ocrx_word' id='word_1_469' title='bbox 2870 4987 3085 5044; x_wconf 89' lang='lat' dir='ltr'><strong>tamen</strong></span> <span class='ocrx_word' id='word_1_470' title='bbox 3134 4983 3213 5045; x_wconf 91' lang='lat' dir='ltr'><strong>ad</strong></span> <span class='ocrx_word' id='word_1_471' title='bbox 3258 4985 3581 5050; x_wconf 92' lang='lat' dir='ltr'><strong>modicum</strong></span> 
     </span>
    </p>
   </div>
   <div class='ocr_carea' id='block_1_26' title="bbox 455 5081 1984 5156">
    <p class='ocr_par' dir='ltr' id='par_1_33' title="bbox 455 5081 1984 5156">
     <span class='ocr_line' id='line_1_77' title="bbox 455 5081 1984 5156; baseline -0.007 -3"><span class='ocrx_word' id='word_1_472' title='bbox 455 5083 890 5156; x_wconf 85' lang='lat' dir='ltr'><strong>miraculosa,</strong></span> <span class='ocrx_word' id='word_1_473' title='bbox 930 5082 1054 5145; x_wconf 92' lang='lat' dir='ltr'><strong>hoc</strong></span> <span class='ocrx_word' id='word_1_474' title='bbox 1091 5088 1188 5144; x_wconf 91' lang='lat' dir='ltr'><strong>est</strong></span> <span class='ocrx_word' id='word_1_475' title='bbox 1229 5087 1424 5145; x_wconf 84' lang='lat' dir='ltr'><strong>totam</strong></span> <span class='ocrx_word' id='word_1_476' title='bbox 1464 5081 1834 5144; x_wconf 83' lang='lat' dir='ltr'><strong>facultatem</strong></span> <span class='ocrx_word' id='word_1_477' title='bbox 1879 5099 1984 5142; x_wconf 90' lang='lat' dir='ltr'><strong>na-</strong></span> 
     </span>
    </p>
   </div>
   <div class='ocr_carea' id='block_1_27' title="bbox 449 5178 1978 5371">
    <p class='ocr_par' dir='ltr' id='par_1_34' title="bbox 449 5178 1978 5371">
     <span class='ocr_line' id='line_1_78' title="bbox 449 5178 1978 5254; baseline -0.005 -5"><span class='ocrx_word' id='word_1_478' title='bbox 449 5195 644 5249; x_wconf 77' lang='lat' dir='ltr'><strong>turae</strong></span> <span class='ocrx_word' id='word_1_479' title='bbox 701 5187 928 5244; x_wconf 79' lang='lat' dir='ltr'><strong>creatae</strong></span> <span class='ocrx_word' id='word_1_480' title='bbox 983 5179 1518 5254; x_wconf 85' lang='lat' dir='ltr'><strong>transcendentia,</strong></span> <span class='ocrx_word' id='word_1_481' title='bbox 1579 5179 1704 5242; x_wconf 88' lang='lat' dir='ltr'><strong>nisi</strong></span> <span class='ocrx_word' id='word_1_482' title='bbox 1762 5178 1978 5242; x_wconf 79' lang='lat' dir='ltr'><strong>forsan</strong></span> 
     </span>
     <span class='ocr_line' id='line_1_79' title="bbox 449 5279 1264 5371; baseline -0.01 -21"><span class='ocrx_word' id='word_1_483' title='bbox 449 5279 954 5371; x_wconf 77' lang='lat' dir='ltr'><strong>praestigialiter</strong></span> <span class='ocrx_word' id='word_1_484' title='bbox 989 5285 1264 5343; x_wconf 83' lang='lat' dir='ltr'><strong>tantum.</strong></span> 
     </span>
    </p>
   </div>
   <div class='ocr_carea' id='block_1_28' title="bbox 2088 5079 3583 5360">
    <p class='ocr_par' dir='ltr' id='par_1_35' title="bbox 2088 5079 3583 5360">
     <span class='ocr_line' id='line_1_80' title="bbox 2088 5079 3581 5164; baseline 0 -17"><span class='ocrx_word' id='word_1_485' title='bbox 2088 5092 2367 5164; x_wconf 82' lang='lat' dir='ltr'><strong>tempuS.</strong></span> <span class='ocrx_word' id='word_1_486' title='bbox 2432 5080 2553 5142; x_wconf 90' lang='lat' dir='ltr'><strong>Sed</strong></span> <span class='ocrx_word' id='word_1_487' title='bbox 2618 5087 2683 5141; x_wconf 90' lang='lat' dir='ltr'><strong>et</strong></span> <span class='ocrx_word' id='word_1_488' title='bbox 2738 5079 3129 5144; x_wconf 86' lang='lat' dir='ltr'><strong>Antichristo</strong></span> <span class='ocrx_word' id='word_1_489' title='bbox 3186 5081 3418 5157; x_wconf 92' lang='lat' dir='ltr'><strong>occiso,</strong></span> <span class='ocrx_word' id='word_1_490' title='bbox 3468 5084 3581 5147; x_wconf 92' lang='lat' dir='ltr'><strong>ali·</strong></span> 
     </span>
     <span class='ocr_line' id='line_1_81' title="bbox 2088 5177 3583 5265; baseline 0.003 -24"><span class='ocrx_word' id='word_1_491' title='bbox 2088 5178 2313 5263; x_wconf 89' lang='lat' dir='ltr'><strong>quanti</strong></span> <span class='ocrx_word' id='word_1_492' title='bbox 2346 5177 2481 5239; x_wconf 91' lang='lat' dir='ltr'><strong>dies</strong></span> <span class='ocrx_word' id='word_1_493' title='bbox 2522 5177 2950 5240; x_wconf 89' lang='lat' dir='ltr'><strong>concedentur</strong></span> <span class='ocrx_word' id='word_1_494' title='bbox 2991 5178 3277 5261; x_wconf 90' lang='lat' dir='ltr'><strong>deceptis</strong></span> <span class='ocrx_word' id='word_1_495' title='bbox 3316 5178 3398 5242; x_wconf 90' lang='lat' dir='ltr'><strong>ab</strong></span> <span class='ocrx_word' id='word_1_496' title='bbox 3442 5179 3583 5265; x_wconf 89' lang='lat' dir='ltr'><strong>ipso</strong></span> 
     </span>
     <span class='ocr_line' id='line_1_82' title="bbox 2091 5274 3510 5360; baseline 0.001 -18"><span class='ocrx_word' id='word_1_497' title='bbox 2091 5278 2171 5342; x_wconf 87' lang='lat' dir='ltr'><strong>ad</strong></span> <span class='ocrx_word' id='word_1_498' title='bbox 2200 5275 2687 5360; x_wconf 85' lang='lat' dir='ltr'><strong>poenitendum3</strong></span> <span class='ocrx_word' id='word_1_499' title='bbox 2722 5274 2832 5338; x_wconf 91' lang='lat' dir='ltr'><strong>sed</strong></span> <span class='ocrx_word' id='word_1_500' title='bbox 2862 5275 3073 5358; x_wconf 85' lang='lat' dir='ltr'><strong>pauci,</strong></span> <span class='ocrx_word' id='word_1_501' title='bbox 3108 5283 3179 5338; x_wconf 93' lang='lat' dir='ltr'><strong>ut</strong></span> <span class='ocrx_word' id='word_1_502' title='bbox 3208 5278 3510 5343; x_wconf 89' lang='lat' dir='ltr'><strong>creditur.</strong></span> 
     </span>
    </p>
   </div>
  </div>
 </body>
</html>
