4300 6259
971 483 1052 530 ΒΕ
1094 483 1320 532 Lmtmn
1361 481 1744 530 CHRISTIANAE
1785 481 2087 541 monus,
2133 483 2309 530 Lmen
2337 486 2378 531 1.
2424 503 2505 514 -—·
2544 487 2683 532 ΛΒΤ.
2728 487 2869 532 ΧΙΝῙ

3354 469 3475 532 287

369 651 664 733 sequitur
687 671 886 716 amor.
920 653 1180 736 Propter
1205 653 1378 735 quod
1407 651 1694 715 Salvator
1729 651 1818 714 ait
1851 668 1864 713 :
1896 653 1947 715 A
1978 651 2042 713 in
2085 652 2407 733 agnitione
2450 661 2870 730 causatorum,
2903 656 3103 719 donec
3146 655 3478 738 perveniat

187 761 339 803 loann-
371 750 512 812 Haec
571 759 668 813 est
725 753 856 814 vita
910 759 1164 824 aeterna,
1223 759 1296 813 ut
1359 759 1745 832 cognoscant
1811 757 1869 813 te
1977 751 2052 812 ad
2087 751 2361 832 primam
2402 772 2683 816 causam.
2718 754 2781 818 Si
2823 773 3077 837 quoque
3115 755 3327 816 omnis
3366 773 3475 816 na·

189 828 341 874 ”¹¹³²
369 848 570 911 Deum
615 869 863 924 verum,
903 859 1023 914 etc.
1057 851 1253 913 Amor
1291 850 1504 932 itaque
1549 849 1868 932 perfectus
1976 857 2120 910 tura
2160 851 2441 930 primum
2482 850 2721 914 bonum
2757 853 3021 934 appetit,
3062 859 3216 915 tunc
3253 853 3474 935 utique

368 965 493 1009 non
525 957 644 1022 est,
678 951 802 1011 nisi
844 950 910 1012 in
950 956 1262 1032 quantum
1303 957 1402 1012 est
1438 948 1570 1030 jam
1613 948 1813 1011 habiti
1851 965 1865 1010 :

367 1063 494 1108 non
539 1064 694 1127 ergo
737 1047 980 1109 ratione
1023 1046 1122 1108 sui
1177 1045 1500 1128 perfectus
1549 1054 1664 1109 est.
1713 1045 1868 1108 Feli-

367 1143 525 1204 citas
567 1152 784 1206 autem
828 1163 946 1226 per
988 1163 1054 1206 se
1099 1143 1380 1225 perfecta
1425 1152 1540 1206 est.
1582 1144 1871 1206 Contem-

367 1241 566 1322 platio
610 1260 764 1305 vero
807 1261 936 1305 non
979 1251 1077 1304 est
1117 1241 1242 1304 nisi
1283 1241 1415 1322 jam
1446 1241 1646 1304 habiti
1684 1258 1698 1304 :
1733 1259 1872 1325 per-

367 1337 563 1401 fectio
609 1359 892 1422 namque
942 1339 1326 1412 intellectuS,
1376 1347 1474 1402 est
1513 1339 1868 1402 secundum

365 1438 540 1519 quod
573 1438 976 1519 intelligibile
1003 1439 1064 1501 ei
1097 1439 1332 1501 unitur.
1367 1438 1722 1500 Voluntatis
1761 1457 1870 1500 au-

365 1543 498 1598 tem
551 1537 865 1618 perfectio
921 1537 986 1599 in
1038 1536 1273 1600 unione
1323 1537 1422 1598 sui
1472 1537 1551 1599 ad
1598 1537 1868 1599 volitum

364 1634 664 1696 consistit
696 1652 710 1696 :
744 1635 1016 1717 ideoque
1046 1643 1176 1696 tam
1217 1635 1282 1697 in
1321 1635 1646 1696 tendentia
1677 1653 1868 1716 quam

366 1734 434 1795 in
479 1735 760 1798 termino
808 1743 903 1797 est
949 1751 1143 1797 amor.
1191 1734 1261 1796 In
1304 1750 1520 1796 amore
1569 1732 1868 1814 equidem

1981 965 2163 1008 mens
2220 947 2521 1029 quaelibet
2578 949 2736 1011 illud
2798 949 3313 1012 intellectualiter
3372 951 3474 1012 de-

1979 1044 2303 1108 siderabit.
2364 1047 2472 1108 His
2539 1055 2753 1108 autem
2822 1048 3163 1110 concordat
3219 1047 3475 1110 traditio

1978 1143 2358 1218 AristoteliS,
2410 1145 2563 1206 dum
2628 1145 2879 1208 decimo
2934 1146 3303 1208 Ethicorum
3365 1146 3475 1222 ait,

1981 1241 2275 1304 ultimam
2323 1243 2603 1306 hominis
2652 1243 3021 1306 felicitatem
3068 1263 3207 1306 esse
3258 1263 3481 1326 specu-

1981 1340 2263 1414 lativam,
2298 1350 2609 1423 quantum
2652 1343 2729 1404 ad
2775 1343 3277 1424 speculationem
3319 1344 3482 1426 opti-

1981 1439 2069 1500 mi
2113 1439 2549 1521 speculabiliS.

2344 1704 2833 1772 ARTICULUS
2881 1709 3119 1772 XLVI.

363 1833 670 1895 tendente
723 1841 995 1906 tantum,
1046 1849 1176 1895 non
1225 1839 1322 1894 est
1373 1831 1646 1894 felicitas
1695 1848 1709 1892 τ
1760 1830 1866 1893 ille
1904 1829 1951 1892 B
1981 1861 2165 1927 Quod
2193 1879 2398 1938 „eque
2436 1863 2506 1922 i„
2546 1868 3080 1940 contemplatione
3111 1869 3352 1943 prz'moe
3384 1891 3479 1930 ve-

363 1931 544 1992 enim
607 1930 1026 2012 imperfectus
1073 1939 1189 2002 est,
1241 1947 1450 2011 neque
1497 1937 1866 1992 contentum

363 2028 582 2090 reddit
622 2029 998 2110 appe-titum.
1035 2029 1297 2100 Rursus,
1339 2044 1518 2089 amor
1561 2027 1762 2088 habiti
1807 2033 1872 2088 et

363 2126 704 2206 praesentis
736 2126 1058 2208 perfectus
1093 2132 1190 2188 est
1228 2126 1470 2187 ratione
1511 2124 1818 2187 unitionis
1851 2143 1867 2203 3

363 2223 506 2285 haec
549 2240 704 2286 vero
747 2224 952 2287 unitio
995 2224 1156 2305 ejus,
1203 2225 1445 2286 ratione
1481 2224 1870 2306 contempla-

367 2321 565 2382 tionis
597 2329 713 2392 est,
731 2329 842 2384 aut
869 2329 1040 2384 certe
1069 2321 1526 2403 contemplatio
1555 2323 1720 2404 ipsa:
1737 2323 1870 2403 jam

365 2419 546 2482 enim
609 2419 687 2480 de
736 2420 1150 2482 intellectuali
1201 2438 1416 2482 amore
1477 2419 1554 2482 fit
1611 2420 1866 2484 locutio.

364 2517 694 2580 Elucescit
760 2517 976 2599 igitur,
1036 2519 1206 2600 quod
1273 2519 1726 2600 contemplatio
1790 2519 1874 2581 sit

364 2615 706 2678 formalior
763 2615 1176 2680 beatitudinis
1223 2618 1384 2681 ratio
1429 2636 1624 2699 quam
1671 2635 1868 2680 amor.

446 2713 908 2776 Verumtamen
952 2733 1067 2796 per
1113 2715 1372 2778 modum
1419 2716 1762 2797 quemdam
1807 2717 1870 2778 in

363 2820 517 2874 actu
565 2811 914 2875 voluntatis
961 2814 1252 2876 consistit
1291 2813 1586 2888 felicitaS,
1631 2815 1874 2878 ratione

361 2912 504 2991 jam
553 2911 764 2990 dicta;
815 2911 908 2974 sic
955 2913 1148 2975 etiam
1200 2911 1265 2974 in
1315 2913 1736 2976 delectatione
1787 2913 1876 2976 in-

2059 1950 2287 2008 ritatis
2314 1970 2459 2028 quoe
2493 1956 2925 2014 communiter
2952 1959 3251 2018 omnibus
3288 1961 3478 2031 inest,

2059 2057 2174 2096 nec
2214 2039 2287 2097 in
2330 2059 2403 2097 ea
2436 2059 2581 2118 quoe
2621 2051 2713 2101 est
2744 2061 2869 2118 per
2905 2047 3125 2120 fidem,
3158 2066 3367 2126 neque
3405 2051 3476 2109 in

2059 2128 2180 2184 illa
2209 2147 2353 2205 quoe
2380 2129 2659 2188 habetur
2686 2149 2810 2206 per
2842 2134 3479 2208 demonstrationem,

2059 2219 2172 2276 sed
2236 2235 2351 2275 nec
2418 2217 2491 2276 in
2548 2221 2779 2298 aliqua
2844 2226 3281 2296 speculatione
3339 2229 3485 2287 veri

2054 2308 2370 2380 prcesenti
2434 2310 2587 2368 vitce
2636 2311 2959 2384 possibili,
3016 2315 3102 2373 sit
3178 2318 3485 2376 constitu-

2061 2399 2231 2455 enda
2261 2398 2551 2458 humana
2591 2400 2901 2475 felicitas,

2128 2609 2409 2684 ENlQUE
2436 2609 2808 2675 felicitatem
2844 2614 3200 2695 perfectum
3240 2616 3481 2681 bonum

2155 2707 2675 2791 felicitabilisque
2742 2710 3039 2775 desiderii
3108 2718 3482 2778 contentati-

1983 2825 2137 2868 vum
2190 2807 2347 2879 fore,
2396 2825 2474 2869 ex
2524 2809 2937 2890 praeinductis
2987 2811 3193 2893 palam
3242 2822 3357 2876 est.
3405 2816 3484 2878 At

1985 2922 2136 2966 vero
2178 2903 2449 2968 felicitas
2488 2907 2754 2988 optima,
2787 2916 2884 2970 est
2928 2910 3187 2991 optimae
3226 2913 3483 2976 virtutis

369 3009 684 3072 teriorum
715 3011 1143 3092 potentiarum
1173 3019 1352 3073 actus
1383 3013 1872 3082 concomitante,
1905 3006 1948 3069 C
1983 3003 2270 3084 operatio
2297 3005 2651 3066 secundum
2692 3013 2927 3069 statum
2971 3009 3351 3090 perfectum,
3387 3030 3481 3075 se-

365 3109 660 3172 vicissim
721 3108 1045 3172 beatitudo
1093 3111 1526 3184 constituitur,
1577 3111 1876 3192 quemad·

367 3208 642 3270 modum
671 3207 799 3270 dici
831 3209 1186 3281 consuevit,
1209 3210 1377 3291 quod
1409 3227 1736 3272 summum
1766 3209 1876 3273 bo·

367 3324 532 3367 num
589 3304 872 3368 hominis
931 3305 1016 3367 sit
1071 3307 1311 3388 agnitio
1376 3307 1534 3380 veri,
1593 3307 1877 3388 operatio

367 3403 550 3476 boni,
582 3409 650 3464 et
690 3403 1026 3466 delectatio
1067 3403 1132 3466 in
1175 3412 1442 3486 utroque
1478 3424 1492 3468 :
1527 3405 1658 3468 haec
1701 3425 1874 3468 nam-

366 3519 498 3582 que
544 3501 902 3562 secundum
951 3501 1298 3565 diviniores
1342 3521 1488 3564 suas
1533 3510 1874 3584 potestates

365 3600 427 3661 ei
469 3605 868 3680 competunt.
902 3599 1163 3681 Propter
1201 3599 1370 3681 quod
1409 3599 1570 3662 dixit
1607 3601 1874 3664 Avicen-

369 3717 474 3772 na,
527 3697 810 3758 animam
863 3697 1114 3780 corpori
1169 3696 1446 3760 infusam
1500 3705 1571 3760 ut
1627 3701 1874 3762 mundi·

366 3796 612 3859 ficetur
649 3803 714 3857 et
753 3794 1212 3857 sanctificetur.
1259 3795 1333 3857 Et
1375 3796 1496 3858 hoc
1537 3805 1682 3859 ante
1725 3815 1874 3860 eum

367 3896 664 3959 Socrates
723 3899 786 3954 et
836 3891 1008 3955 Plato
1061 3892 1386 3955 testificati
1441 3900 1608 3956 sunt.
1661 3895 1878 3958 Consi-

367 3993 484 4055 stit
541 3993 758 4074 itaque
817 3990 880 4051 in
939 3990 1310 4072 operatione
1370 3993 1880 4074 contemplativae

368 4089 815 4170 intelligentiae
875 4088 1150 4152 felicitas
1222 4088 1876 4171 principaliformiter,

1983 3101 2268 3163 cundum
2296 3102 2699 3166 Aristotelem
2728 3122 2743 3182 ;
2774 3112 2885 3167 aut
2914 3114 3085 3170 certe
3126 3110 3479 3172 secundum

1982 3199 2295 3273 Boetium,
2331 3207 2533 3262 status
2574 3203 2865 3265 omnium
2906 3204 3218 3269 bonorum
3264 3226 3481 3289 aggre-

1981 3299 2235 3380 gatione
2274 3300 2597 3380 perfectus
2640 3308 2737 3362 est
2781 3301 3067 3366 felicitas.
3113 3305 3338 3367 Adhuc
3388 3325 3484 3370 se-

1983 3397 2267 3458 cundum
2336 3417 2507 3461 nunc
2565 3398 2801 3472 habita,
2864 3400 2927 3462 in
2988 3420 3061 3464 ea
3122 3402 3482 3467 intellectus

1981 3495 2353 3576 operatione
2394 3515 2537 3577 quae
2584 3496 2707 3559 sibi
2760 3499 3113 3562 secundum
3164 3501 3484 3566 nobilissi-

1987 3611 2156 3654 mam
2202 3593 2641 3675 dispositionis
2686 3614 2816 3658 suae
2864 3597 3215 3660 maneriem
3260 3617 3486 3664 conve·

1983 3691 2100 3764 nit,
2131 3691 2405 3754 felicitas
2446 3692 2667 3773 utique
2707 3693 3015 3756 consistit.
3052 3695 3339 3777 Cognitio
3375 3719 3485 3761 au·

1985 3797 2115 3852 tem
2158 3790 2268 3852 Dei
2308 3788 2611 3852 omnibus
2651 3794 3035 3866 communis,
3076 3803 3173 3857 est
3212 3795 3321 3857 illa
3359 3817 3485 3879 qua

1985 3888 2251 3951 confuse
2294 3896 2357 3950 et
2400 3888 2767 3951 indistincte
2806 3891 3076 3965 cunctis,
3110 3893 3303 3956 etiam
3345 3894 3484 3957 bar-

1985 3987 2159 4048 baris
2188 3986 2465 4070 populiS,
2500 3986 2843 4051 innotescit
2872 3989 3071 4052 Deum
3106 4009 3244 4054 esse
3272 4009 3285 4054 :
3312 3995 3481 4076 quod

1987 4085 2197 4148 cultus
2254 4085 2543 4167 gentium
2602 4087 2901 4160 ostendit,
2953 4107 3081 4169 quo
3137 4107 3359 4154 omnes
3420 4093 3483 4155 id

369 4190 484 4252 sed
538 4205 666 4250 non
727 4186 852 4248 nisi
901 4187 1258 4249 secundum
1305 4187 1473 4269 quod
1519 4207 1662 4250 eam
1711 4207 1878 4252 asse·
1909 4187 1958 4249 D
1986 4184 2158 4267 quod
2189 4183 2391 4245 Deum
2420 4183 2789 4245 existimant
2818 4185 3052 4247 colunt.
3070 4187 3213 4250 Haec
3244 4190 3485 4272 quippe

369 4293 667 4369 quuntur
694 4301 874 4346 amor
903 4290 967 4346 et
994 4284 1319 4364 gaudium.
1355 4284 1446 4347 Ob
1487 4285 1608 4348 hoc
1647 4305 1880 4369 nempe

141 4420 163 4448 e
241 4420 270 4449 ι
321 4384 538 4447 -dixit
600 4382 881 4455 Boetius,
941 4382 1112 4464 quod
1181 4381 1452 4444 felicitas
1520 4391 1616 4446 est
1681 4393 1879 4448 status

329 4501 342 4513 ·
369 4481 668 4546 omnium
697 4479 1008 4543 bonorum
1044 4481 1490 4562 aggregatione
1532 4482 1876 4564 perfectus,

371 4591 682 4663 tanquam
756 4597 884 4642 non
957 4580 1022 4642 in
1095 4579 1265 4641 nuda
1343 4581 1880 4662 contemplatione

370 4680 703 4744 consistat,
745 4678 928 4740 Nunc
971 4678 1182 4740 denuo
1224 4679 1584 4753 innotescit,
1628 4697 1742 4741 cur
1785 4699 1882 4742 ac-

369 4781 582 4842 tiones
645 4778 960 4840 virtutum
1027 4777 1498 4859 operativarum
1565 4778 1631 4838 in
1687 4779 1880 4841 actio-

369 4896 528 4940 nem
573 4875 1088 4957 contemplativae
1127 4876 1426 4956 potentiae
1465 4875 1742 4938 ordinari
1789 4877 1885 4938 di·-

371 4983 623 5038 cantur.
689 4973 946 5036 Constat
1009 4973 1224 5053 igitur,
1286 4974 1456 5055 quod
1524 4973 1881 5056 intelligere

371 5076 606 5146 Deum,
653 5073 738 5134 sit
781 5071 935 5134 finis
977 5072 1187 5134 omnis
1234 5071 1594 5134 intellectus
1637 5089 1650 5134 ε
1694 5073 1880 5154 cujus

371 5172 636 5253 signum
667 5177 784 5244 est,
807 5170 974 5251 quod
1007 5169 1377 5232 naturaliter
1407 5169 1470 5232 id
1502 5169 1718 5254 ipsum
1747 5189 1880 5234 om-

371 5271 480 5335 nis
541 5268 908 5332 intellectus
961 5266 1248 5350 appetit;
1295 5287 1414 5331 nec
1471 5268 1641 5332 sistit
1699 5289 1880 5334 mens

1989 4282 2267 4363 cognitio
2312 4281 2687 4363 imperfecta
2724 4284 2987 4347 omnino
3026 4294 3123 4348 est
3162 4295 3225 4350 et
3264 4287 3484 4351 confu-

1989 4400 2075 4444 sa.
2140 4380 2351 4442 Scitur
2406 4380 2579 4442 enim
2640 4381 2705 4442 in
2765 4401 2839 4444 ea
2899 4383 3063 4446 Deus
3130 4388 3486 4451 secundum

1990 4479 2281 4562 quaedam
2348 4479 2717 4541 communia
2774 4481 3125 4554 dumtaxat,
3187 4487 3489 4550 videlicet

1992 4587 2062 4639 ut
2094 4578 2373 4659 primum
2404 4595 2627 4658 regens
2660 4597 2771 4640 seu
2806 4587 3047 4659 potens.
3084 4583 3305 4646 Utrum
3336 4605 3488 4650 vero

1989 4678 2116 4739 tale
2164 4695 2277 4738 ens
2337 4677 2421 4738 sit
2480 4677 2853 4758 incorporea
2909 4687 3153 4753 natura,
3205 4683 3488 4764 perfecta

1991 4784 2052 4838 et
2095 4783 2351 4847 aeterna,
2394 4775 2583 4837 unica
2626 4782 2870 4837 tantum
2918 4785 2981 4838 et
3025 4778 3299 4854 infinita,
3336 4800 3489 4846 non-

1991 4875 2142 4936 dum
2176 4872 2452 4934 claruit:
2488 4889 2615 4934 non
2656 4879 2753 4933 est
2796 4892 2947 4954 ergo
2988 4875 3052 4936 in
3094 4895 3169 4938 ea
3208 4878 3487 4944 humana

1989 4972 2279 5034 felicitas.

2071 5069 2739 5152 Conformiter‚neque
2770 5071 2835 5132 in
2866 5073 3296 5154 speculatione
3326 5076 3481 5140 fidei

1989 5169 2277 5232 consistit
2308 5168 2579 5231 felicitas
2615 5186 2629 5230 τ
2664 5169 2797 5232 haec
2836 5171 3009 5233 enim
3050 5171 3115 5234 in
3154 5174 3483 5239 sublimio-

1989 5287 2124 5332 rem
2176 5266 2751 5350 perfectioremque
2797 5270 3187 5352 agnitionem
3236 5275 3483 5338 ordina-
