4300 6259
853 485 934 549 32
1416 499 1840 547 namuurum
1880 495 2341 545 Fumosopch.
2385 511 2467 525 ⁶-
2508 495 2587 542 nl:
2628 495 3057 543 unumvsm
3098 495 3403 543 emmau

855 674 982 731 ctat
1011 668 1090 732 ad
1121 666 1392 750 logicam
1438 685 1454 731 ε
1496 687 1640 752 quae
1670 666 2061 732 coordinatio
2094 664 2354 729 nomine
2381 662 2433 725 A
2466 671 2749 739 vocatur,
2800 666 2973 749 quod
3026 674 3122 729 est
3170 665 3503 750 proprium
3552 673 3616 729 et
3663 664 3963 729 intrinse-

855 765 1135 843 habituS,
1204 773 1394 849 prout
1458 774 1554 829 est
1619 764 2351 850 postpraedicamentum,

855 864 1280 947 significatur.

937 962 1226 1046 Denique
1257 962 1381 1026 tria
1416 962 1622 1045 prima
1663 961 2176 1044 praedicamenta,
2212 977 2353 1041 quae

855 1068 1006 1123 sunt
1049 1062 1438 1131 substantia,
1487 1061 1850 1139 quantita&
1900 1059 2212 1137 qualitaS,
2262 1056 2356 1118 di-

855 1167 1012 1221 cunt
1083 1159 1414 1221 entitatem
1485 1157 1870 1240 simpliciter
1937 1155 2351 1233 absolutam;

859 1263 1178 1338 quartum,
1213 1262 1364 1338 puta
1393 1258 1482 1315 ad
1509 1254 1970 1333 aliquid,dicit
1998 1252 2354 1315 formaliter

854 1354 1184 1417 entitatem
1265 1371 1422 1435 pure
1500 1352 1852 1415 relativam.
1929 1351 2148 1415 Cetera
2218 1368 2351 1424 sex,

853 1453 1146 1534 quamvis
1176 1451 1532 1515 formaliter
1560 1451 1774 1513 dicant
1803 1450 1958 1532 quid
1987 1449 2355 1512 absolutum

853 1558 918 1613 et
983 1551 1325 1633 quamdam
1396 1558 1656 1613 tenuem
1721 1549 2076 1622 entitatem,
2137 1555 2355 1609 tamen

854 1650 1010 1731 quid
1067 1650 1499 1733 respectivum
1559 1648 1898 1710 includunt
1950 1665 1964 1708 :
2017 1654 2358 1709 causantur

853 1748 1095 1831 quippe
1135 1767 1214 1811 ex
1252 1746 1728 1830 comparatione
1764 1753 2037 1827 quatuor
2083 1746 2356 1808 aliorum

2464 780 2611 825 cum
2645 763 2804 844 ejus.
2840 763 2939 826 Nil
2971 771 3185 827 autem
3216 774 3315 828 est
3346 766 3545 847 magis
3577 764 3861 848 primum
3900 770 3967 826 et

2464 860 2797 943 proprium
2854 869 3046 943 atque
3096 862 3516 926 intrinsecum
3565 862 3720 936 enti,
3770 879 3983 949 quam,

2464 977 2580 1020 sua
2626 959 2903 1023 essentia
2942 977 3055 1022 seu
3106 967 3331 1023 natura
3372 979 3387 1023 ε
3430 979 3797 1044 quanquam
3838 959 3968 1041 pri·

2466 1074 2645 1119 mum
2692 1054 2907 1139 agene,
2950 1059 3120 1141 quod
3174 1066 3271 1121 est
3318 1059 3485 1123 Deus
3534 1058 3965 1141 omnipotenS,

2467 1154 2715 1217 dicatur
2746 1155 3037 1218 intimius
3068 1156 3259 1219 rebus
3288 1176 3404 1240 per
3446 1157 3851 1220 influentiam
3892 1174 3969 1219 ac

2469 1252 2702 1315 realem
2736 1253 3162 1334 praesentiam,
3187 1253 3315 1316 imo
3346 1261 3410 1316 et
3441 1272 3555 1335 per
3584 1272 3715 1317 suae
3744 1272 3967 1334 super-

2467 1350 2965 1431 simplicissimae
3012 1350 3351 1414 infinitatis
3401 1351 3968 1433 incircumscripti-

2468 1449 2664 1511 bilem
2710 1449 3233 1532 penetrationem.
3268 1450 3493 1513 Forma
3521 1467 3777 1532 quoque
3807 1450 3967 1512 dici·

2468 1553 2593 1623 tur,
2624 1566 2767 1629 quae
2797 1548 2903 1610 dat
2930 1567 3087 1611 esse.
3124 1547 3283 1611 Hinc
3327 1549 3625 1619 essentia,
3660 1548 3865 1611 forma
3901 1555 3966 1609 et

2470 1653 2694 1710 natura
2751 1647 3143 1720 coincidunt,
3205 1666 3574 1730 quanquam
3634 1646 3966 1709 distinctas

2469 1744 2745 1807 habeant
2782 1746 3075 1808 rationes.
3120 1746 3271 1809 Esse
3310 1746 3506 1809 etiam
3546 1764 3760 1808 rerum
3809 1744 3969 1808 effe—

853 1847 932 1909 ad
963 1847 1194 1930 aliqua.
1227 1848 1418 1909 Actio
1457 1846 1631 1909 enim
1673 1852 1968 1908 causatur
2005 1862 2042 1905 a
2082 1842 2355 1906 naturali
2386 1844 2433 1907 B
2471 1844 2639 1905 ctive
2668 1842 2817 1905 fluit
2845 1862 2919 1906 ac
2949 1843 3273 1906 derivatur
3309 1863 3348 1906 a
3386 1862 3579 1906 causa
3615 1842 3964 1917 efficiente,

855 1945 1226 2009 substantiae
1284 1946 1588 2029 potentia,
1641 1950 2002 2025 comparata
2059 1942 2136 2006 ad
2198 1942 2357 2005 illud

857 2043 1026 2126 quod
1073 2044 1285 2125 agenti
1344 2044 1698 2107 secundum
1761 2041 2109 2124 potentiam
2164 2039 2357 2103 talem

858 2140 1202 2222 subjicitur
1225 2159 1240 2219 ;
1265 2142 1481 2218 passio
1509 2157 1683 2214 vero,
1715 2158 1792 2201 ex
1824 2138 2092 2201 naturali
2136 2146 2358 2220 poten·

860 2238 949 2301 tia
992 2241 1264 2322 passiva,
1307 2246 1672 2321 comparata
1712 2238 1791 2300 ad
1827 2255 2061 2319 agens3
2096 2239 2359 2316 quando

856 2345 1090 2411 autem,
1105 2356 1182 2400 ex
1211 2337 1566 2418 adjacentia
1595 2336 1900 2418 temporis
1930 2335 2006 2397 ad
2039 2354 2177 2397 rem
2206 2342 2363 2396 tem·

863 2436 1150 2518 poralem
1171 2454 1190 2516 3
1223 2438 1361 2506 ubi,
1391 2454 1469 2497 ex
1512 2434 2110 2516 circumscriptione
2157 2433 2362 2495 activa

862 2535 1008 2611 loci,
1040 2543 1231 2617 atque
1261 2536 1512 2618 passiva
1543 2534 1729 2599 locati
1757 2552 1772 2613 3
1796 2536 2059 2611 positio,
2090 2552 2168 2596 ex
2198 2533 2363 2596 ordi-

862 2634 1117 2697 natione
1147 2635 1424 2717 partium
1460 2634 1623 2697 inter
1654 2653 1721 2696 se
1755 2634 1818 2695 in
1846 2639 1977 2697 toto
2004 2640 2068 2695 et
2097 2633 2163 2695 in
2189 2632 2361 2711 loeo;

860 2735 1124 2795 habitus
1152 2741 1389 2807 autem,
1424 2752 1500 2795 ex
1540 2732 2012 2815 comparatione
2052 2731 2144 2793 rei
2185 2730 2363 2794 habi-

863 2840 942 2895 tae
972 2832 1050 2895 ad
1081 2831 1422 2896 habentem
1459 2849 1474 2893 :
1507 2831 1730 2914 sicque
1759 2831 2048 2912 designat
2078 2828 2363 2911 applica·

863 2929 1104 2991 tionem
1136 2929 1226 2990 rei
1257 2927 1490 2992 habitae
1519 2929 1596 2990 ad
1627 2927 1988 3001 habentem,
2005 2927 2360 2991 secundum

2469 1940 2825 2004 formaliter
2852 1958 3005 2003 vero
3032 1940 3113 2003 ab
3144 1941 3420 2004 essentia
3450 1960 3565 2003 seu
3595 1948 3823 2003 natura
3860 1947 3971 2003 aut

2470 2039 2692 2103 forma.

2549 2138 2865 2221 AmpliuS,
2910 2140 3185 2202 essentia
3231 2139 3615 2202 abstractive
3662 2138 3832 2201 dicta
3878 2138 3969 2201 vi—

2471 2239 2658 2301 detur
2699 2237 2781 2300 ab
2819 2246 2986 2312 ente,
3029 2238 3567 2319 quemadmodum
3606 2237 3969 2301 humanitas

2469 2337 2553 2400 ab
2582 2337 2701 2399 hoc
2734 2337 3015 2411 nomine,
3050 2337 3242 2400 homo
3276 2354 3289 2398 :
3323 2337 3638 2399 abstracta
3676 2354 3828 2400 vero
3866 2357 3971 2399 na-

2471 2444 2683 2499 turam
2727 2444 2791 2498 et
2828 2435 3095 2498 formam
3140 2435 3420 2499 concreti
3466 2455 3540 2499 ac
3580 2436 3721 2517 ejus
3759 2454 3970 2499 essen·

2472 2536 2627 2599 tiam
2665 2536 3053 2617 exprimunt.
3098 2536 3434 2617 Quumque
3482 2555 3599 2599 ens
3647 2536 3859 2618 primo
3896 2554 3967 2599 ac

2474 2633 2916 2717 principaliter
2954 2634 3033 2697 de
3072 2634 3428 2697 substantia
3471 2635 3873 2716 praedicetur,
3908 2642 3971 2697 et

2473 2732 2851 2795 secundario
2894 2732 2971 2795 de
3015 2733 3363 2807 accidente,
3409 2733 3618 2815 palam
3663 2735 3837 2815 quod
3878 2753 3971 2797 es-

2473 2832 2678 2894 sentia
2722 2830 2929 2914 primo
2978 2830 3547 2914 principaliterque
3596 2831 3969 2895 substantiis

2473 2936 2815 3011 competat,
2884 2929 3325 2992 accidentibus
3390 2947 3541 2993 vero
3614 2930 3969 2993 secundum

867 3044 1060 3109 quam
1127 3044 1226 3088 res
1287 3025 1503 3088 habita
1559 3025 1877 3107 figuratur
1931 3026 2009 3087 ad
2067 3024 2363 3088 habentis
2399 3030 2441 3093 C
2474 3028 2649 3110 quid.
2721 3028 3268 3101 Quemadmodum
3335 3028 3529 3090 etiam
3598 3027 3971 3091 substantiae

861 3123 1158 3205 figuram.
1193 3125 1427 3187 Verum
1460 3125 1525 3187 in
1567 3124 1895 3187 communi
1938 3142 2057 3185 usu
2099 3121 2365 3205 loquen-

861 3222 948 3296 di,
983 3224 1300 3285 sumimus
1329 3222 1622 3286 habitum
1659 3222 1942 3285 secundo
1981 3223 2171 3284 modo
2211 3242 2365 3304 prae-

863 3327 1052 3393 tacto,
1096 3328 1248 3404 puta
1297 3338 1414 3403 pro
1463 3319 1766 3404 qualitate
1805 3319 2161 3383 difficulter
2199 3320 2366 3383 dele-

864 3418 1252 3500 bili;sicque
1279 3418 1537 3481 habitus
1567 3426 1666 3481 est
1693 3418 1849 3500 quid
1880 3418 2167 3479 medium
2198 3418 2365 3482 inter

863 3517 1213 3600 potentiam
1261 3524 1454 3599 atque
1503 3523 1738 3593 actum,
1794 3523 1865 3579 ut
1916 3516 2230 3599 sapientia
2272 3516 2363 3579 in-

863 3624 960 3678 ter
997 3614 1396 3678 intellectum
1425 3622 1488 3678 et
1521 3615 2126 3697 contemplationem
2162 3632 2177 3676 :
2211 3615 2361 3678 hinc

865 3715 1058 3777 homo
1087 3714 1312 3777 doctus
1351 3714 1698 3787 dormienS,
1732 3732 1849 3777 nec
1891 3721 2038 3775 actu
2079 3713 2365 3776 conside-

863 3831 1033 3887 ranS,
1063 3811 1300 3875 dicitur
1329 3813 1582 3895 sapiens
1625 3810 2058 3884 habitualiter,
2093 3829 2221 3874 non
2263 3829 2364 3872 ac-

864 3910 1137 3974 tualiter.
1175 3912 1504 3993 Quumque
1539 3910 1822 3991 potentia
1851 3907 2222 3990 perficiatur
2252 3927 2366 3992 per

865 4008 1180 4083 habitum,
1223 4016 1288 4072 et
1333 4008 1588 4071 habitus
1634 4008 1964 4071 ordinetur
2007 4008 2086 4069 ad
2125 4015 2361 4081 actum,

865 4115 1035 4172 recte
1085 4107 1367 4190 potentia
1414 4113 1818 4189 comparatur
1861 4122 2088 4168 somno
2132 4105 2198 4167 in
2240 4122 2366 4187 quo

2476 3126 2927 3209 incorporaleS‚
2954 3125 3435 3199 intellectualeS,
3460 3135 3805 3209 perpetuae,
3825 3133 3972 3189 sunt

2475 3225 2821 3288 nobiliores
2853 3234 2918 3287 et
2944 3226 3397 3288 eminentiores
3430 3224 3805 3287 substantiis
3844 3244 3972 3288 ma-

2476 3323 2828 3397 terialibus,
2874 3343 2947 3385 ac
2988 3323 3405 3386 sensibilibus
3455 3323 3687 3403 rebus3
3731 3324 3817 3387 ita
3865 3342 3971 3387 no·

2480 3441 2625 3485 men
2674 3429 2738 3484 et
2790 3422 2949 3485 ratio
2996 3422 3289 3485 essentiae
3339 3421 3759 3505 principalius
3800 3439 3969 3486 com-

2480 3522 2640 3603 petit
2688 3519 2838 3594 illis,
2878 3538 3245 3602 quanquam
3299 3519 3673 3595 substantia,
3714 3527 3779 3583 et
3818 3520 3969 3583 item

2478 3618 2775 3692 essentia,
2829 3618 3029 3699 logice
3088 3617 3301 3691 fando,
3354 3618 3625 3681 univoce
3684 3618 3972 3701 utrisque

2479 3716 2872 3780 conveniant.
2916 3716 3367 3778 Verumtamen
3416 3716 3692 3779 essentia
3739 3716 3974 3779 abstra-

2479 3816 2647 3879 ctive
2683 3814 3018 3896 accipitur,
3052 3832 3180 3877 non
3217 3813 3296 3876 ab
3336 3822 3483 3875 ente
3522 3814 3975 3895 qualitercum-

2477 3932 2602 3995 que
2633 3920 2912 3995 sumpto,
2927 3913 3034 3975 sed
3066 3911 3146 3973 ab
3177 3919 3322 3975 ente
3354 3912 3650 3985 reali‚cui
3682 3913 3799 3976 soli
3832 3932 3976 3977 con-

2476 4012 2652 4075 venit
2710 4010 2945 4073 habere
3000 4010 3388 4089 essentiam3
3439 4029 3565 4073 non
3620 4020 3835 4075 autem
3893 4012 3973 4075 ab

2477 4118 2623 4173 ente
2654 4109 2915 4172 rationis
2945 4118 3053 4171 aut
3086 4109 3402 4191 privativo
3437 4126 3450 4171 2
3486 4128 3633 4171 nam
3665 4117 3729 4172 et
3766 4110 3973 4193 priva-

865 4211 1046 4267 actus
1095 4205 1416 4268 sensitivae
1465 4202 1766 4287 potentiae
1807 4204 2088 4265 totaliter
2117 4210 2364 4282 cessat3
2398 4212 2445 4273 D
2478 4209 2590 4282 tio,
2613 4226 2687 4270 ac
2718 4208 2991 4288 negatio,
3014 4215 3206 4289 atque
3237 4208 3532 4270 secundae
3564 4208 3969 4283 intentioneS,

869 4303 1127 4367 habitus
1166 4311 1402 4376 autem,
1435 4320 1660 4365 somno
1693 4303 1758 4365 in
1789 4319 1917 4384 quo
1948 4301 2366 4384 imperfectus

867 4409 965 4466 est
1001 4408 1181 4465 actus
1221 4400 1560 4483 potentiae3
1600 4402 1767 4463 actio
1813 4417 1986 4475 vero,
2018 4399 2257 4481 vigiliae
2300 4400 2366 4462 in

868 4520 996 4584 qua
1023 4500 1361 4584 expeditus
1392 4508 1454 4563 et
1485 4498 1648 4561 liber
1687 4507 1783 4561 est
1819 4500 2120 4583 potentiae
2163 4506 2361 4562 actus,
2402 4574 2411 4581 q

1237 4711 1758 4778 PROPOSITIO
1805 4712 1992 4776 XIII.

945 4901 1310 4971 Essentia
1337 4900 1795 4983 appellatur
1823 4900 1907 4966 id
1931 4913 1979 4966 a
1997 4915 2153 4982 quo
2184 4899 2369 4967 fluit

865 5018 1037 5071 esse
1095 5004 1473 5083 tanquam
1534 5015 1582 5066 a.
1641 5013 1876 5066 causa
1933 5001 2370 5067 intrinseca

869 5117 962 5170 ae
1011 5100 1329 5170 formali
1375 5101 1786 5182 principio.

950 5202 1129 5277 Quod
1157 5210 1275 5276 est,
1308 5201 1462 5284 quia
1490 5200 1767 5263 essentia
1795 5200 1886 5263 rei
1917 5206 2014 5262 est
2042 5217 2193 5262 vera
2228 5197 2369 5279 ejus

873 5310 1099 5369 natura
1126 5320 1200 5366 ac
1231 5300 1489 5384 propria
1530 5298 1754 5362 forma.
1788 5297 1974 5361 Porro
2016 5304 2237 5359 natura
2277 5296 2369 5359 rei

2478 4315 2543 4371 et
2574 4307 2807 4379 futura,
2832 4306 3047 4387 aliquo
3081 4306 3265 4369 modo
3296 4306 3467 4368 entia
3496 4315 3970 4391 nuncupantur,

2478 4425 2621 4488 quae
2667 4411 2881 4467 tamen
2931 4422 3335 4487 nequaquam
3387 4404 3809 4486 perhibentur
3866 4407 3971 4470 ha-

2480 4504 2631 4567 bere
2670 4504 3033 4567 essentiam.
3079 4503 3366 4565 Essentia
3414 4521 3565 4585 ergo
3611 4504 3848 4568 dicitur
3893 4506 3972 4569 ab

2480 4612 2627 4666 ente
2657 4603 2931 4686 positivo
2963 4602 3140 4677 reali,
3174 4602 3342 4684 quod
3384 4602 3448 4665 in
3489 4603 3713 4665 decem
3752 4606 3975 4688 praedi-

2481 4710 2773 4766 camenta
2813 4701 3138 4764 dividitur.

2560 4802 3093 4882 Praeterea,quum
3127 4798 3419 4863 definitio
3448 4800 3793 4864 essentiam
3824 4802 3976 4865 defi-

2480 4900 2598 4963 niti
2629 4899 2919 4962 enuntiet
2948 4906 3010 4962 et
3038 4898 3347 4979 designet,
3382 4906 3551 4962 recte
3584 4899 3723 4982 ipsa
3763 4920 3973 4965 essen·

2481 5001 2570 5062 tia
2617 4998 2807 5062 etiam
2860 4998 3180 5079 quidditas
3228 4997 3595 5061 nominatur
3648 5017 3663 5061 ε
3717 5008 3974 5084 propter

2482 5099 2653 5181 quod
2695 5096 3122 5161 communiter
3164 5096 3420 5171 dicitur,
3466 5098 3637 5179 quod
3680 5098 3974 5163 definitio

2480 5196 2786 5280 exprimit
2832 5196 2987 5279 quid
3040 5202 3137 5259 est
3180 5195 3314 5275 rei;
3358 5203 3422 5258 et
3463 5196 3634 5278 quod
3678 5197 3971 5262 definitio

2480 5305 2598 5372 est,
2632 5295 2801 5378 quod
2831 5294 2985 5377 quid
3016 5302 3112 5357 est
3139 5312 3281 5357 esse
3311 5293 3425 5370 rei,
3456 5294 3849 5376 significans·
