4300 6259
884 472 1004 538 2254

1499 491 1578 538 DE
1619 490 1848 538 mmmm
1889 487 2274 538 cmusrlANAE
2314 487 2615 546 meum,
2661 489 2837 536 LIBER
2880 489 2920 536 1.
2966 507 3046 520 -
3086 490 3225 538 ΛΒΤ.
3271 492 3381 538 XX!

881 667 1094 722 torum
1125 661 1482 724 secundum
1525 668 1818 725 naturam
1857 658 1972 734 rei,
2006 677 2120 722 seu
2160 676 2385 721 secun·
2413 658 2465 722 A
2574 658 2917 722 Enimvero
2964 659 3131 741 quod
3180 660 3391 742 primo
3431 658 3755 742 objicitur,
3794 673 3967 738 nega-

881 758 1035 820 dum
1081 758 1551 840 plenitudinem
1593 758 2074 842 perfectamque
2121 775 2382 819 suarum

881 855 1221 918 entitatum
1280 856 1614 930 rationem,
1665 856 1880 918 verius
1929 863 1993 917 et
2039 853 2383 916 sublimius

881 953 1106 1036 primae
1137 972 1344 1018 causae
1373 972 1567 1036 quam
1596 954 1823 1018 creatis
1855 959 2243 1035 competunt.
2259 951 2385 1015 Nos

879 1051 1125 1134 quippe
1153 1050 1448 1114 divinum
1479 1070 1618 1115 esse
1648 1051 1834 1114 aliter
1865 1051 2238 1132 conspicere
2280 1067 2385 1112 ne·

879 1149 1140 1231 quimus
1186 1167 1302 1232 per
1342 1150 1868 1224 affirmationem,
1901 1149 2027 1211 nisi
2068 1157 2140 1210 ut
2182 1149 2246 1210 in
2289 1166 2384 1210 se·

879 1247 1108 1310 cundis
1137 1248 1525 1330 resplendet,
1543 1267 1672 1312 non
1701 1256 1916 1311 autem
1947 1254 2019 1309 ut
2048 1247 2114 1308 in
2145 1265 2213 1308 se
2245 1246 2386 1329 ipso

880 1347 1192 1409 subsistit.
1227 1348 1566 1430 Quumque
1595 1348 2020 1410 secundorum
2066 1344 2385 1408 bonitates

880 1465 916 1508 a
947 1445 1048 1508 sui
1080 1444 1274 1507 fontis
1314 1444 1716 1528 plenitudine
1755 1444 2009 1507 infinite
2049 1443 2379 1518 deficiant,

883 1544 1096 1626 potius
1128 1542 1330 1606 Deum
1362 1561 1477 1625 per
1506 1542 1894 1606 ablationem
1934 1560 2126 1624 quam
2168 1542 2385 1624 positi·

881 1659 1070 1704 onem
1131 1641 1412 1704 dicimur
1468 1658 1832 1722 agnoscere.
1894 1639 2108 1703 Nihilo
2168 1641 2385 1702 minus

881 1739 1226 1823 perfectior
1255 1747 1351 1802 est
1381 1739 1584 1803 divini
1612 1739 1778 1802 entis
1811 1739 2061 1801 intuitio
2091 1739 2381 1820 positiva,

2492 757 2698 818 tivum
2730 757 2948 818 reduci
2978 757 3055 819 ad
3086 756 3550 821 affirmativum
3580 765 3871 838 tanquam
3896 755 3969 818 ad

2493 853 2847 934 digniorem
2883 861 3127 936 partem
3157 855 3347 930 entis,
3380 855 3501 918 hoc
3532 855 3793 926 obtinet,
3815 852 3969 934 quod

2492 950 2727 1032 aliquis
2757 951 3142 1026 intellectuS,
3166 970 3377 1034 neque
3410 953 3681 1035 primuS,
3703 951 3973 1014 divinum

2494 1066 2634 1110 esse
2674 1049 2863 1130 plene
2913 1066 3041 1112 non
3089 1050 3600 1132 comprehendit.
3633 1085 3713 1095 —
3749 1049 3973 1119 Denuo,

2494 1147 2901 1210 auctoritates
2932 1147 3205 1211 inductae
3234 1147 3669 1229 intelligendae
3688 1155 3825 1210 sunt
3849 1161 3981 1227 pro-

2497 1251 2568 1306 ut
2596 1251 2835 1307 naturae
2876 1244 3001 1308 illae
3040 1245 3465 1328 impermixtae
3494 1255 3559 1308 et
3586 1264 3753 1310 verae
3778 1244 3981 1306 dicun·

2496 1349 2601 1404 tur
2630 1359 2643 1404 :
2668 1341 2761 1404 sic
2798 1343 2971 1405 enim
3005 1343 3133 1405 Deo
3169 1343 3289 1406 soli
3330 1343 3743 1408 conveniunt.
3776 1341 3887 1406 Sed
3914 1349 3981 1404 ut

2499 1440 2791 1504 habitum
2820 1449 2938 1516 est,
2972 1442 3064 1505 sic
3097 1461 3223 1505 non
3263 1451 3738 1526 cognoscuntur
3765 1442 3840 1504 de
3866 1439 3982 1524 pri-

2498 1556 2625 1614 mo,
2658 1538 2780 1602 nisi
2824 1543 2985 1620 quia
3016 1551 3195 1612 sunt,
3226 1559 3355 1605 non
3383 1549 3600 1604 autem
3631 1543 3794 1621 quid
3822 1546 3976 1602 sunt.

2496 1636 2588 1700 Ob
2632 1638 2751 1700 hoc
2792 1657 3025 1722 nempe
3064 1639 3207 1703 ideo
3242 1641 3324 1702 ad
3368 1640 3803 1721 cognitionem
3832 1639 3981 1718 quid

2495 1744 2611 1805 est,
2642 1735 2853 1797 verior
2890 1741 2955 1796 et
2992 1736 3200 1818 potior
3234 1744 3331 1799 est
3360 1736 3615 1818 negatio
3654 1755 3847 1819 quam
3882 1753 3982 1817 po-

881 1838 936 1902 si
989 1836 1306 1901 bonitates
1361 1838 1789 1901 secundorum
1845 1837 2200 1900 secundum
2246 1835 2384 1900 fon·
2413 1837 2461 1902 B
2496 1833 2693 1896 sitio:
2729 1833 2959 1896 melius
3007 1852 3287 1917 namque
3334 1835 3579 1897 scimus
3624 1834 3785 1917 quid
3828 1835 3981 1897 Deus

879 1936 1072 1999 talem
1107 1955 1289 1998 suam
1333 1936 1802 2019 plenitudinem
1843 1935 2379 2017 contemplentur.

879 2034 1120 2098 Horum
1159 2051 1312 2097 vero
1356 2033 1726 2116 exemplum
1771 2034 1863 2095 sic
1903 2032 2111 2115 accipi
2154 2039 2379 2114 potest.

879 2131 1126 2194 Dicitur
1155 2149 1434 2214 namque
1463 2133 1628 2194 Deus
1659 2149 1799 2194 esse
1827 2138 1891 2193 et
1922 2131 2169 2194 bonitas
2198 2139 2385 2213 atque

881 2228 1266 2302 intellectuS,
1299 2236 1364 2291 et
1390 2246 1516 2292 non
1549 2229 1674 2291 nisi
1720 2247 1834 2310 per
1873 2247 2130 2291 causam
2170 2235 2235 2290 ct
2272 2246 2385 2290 ex-

881 2327 1149 2408 emplar.
1200 2326 1418 2408 Neque
1479 2327 1614 2390 haec
1670 2345 1820 2390 vera
1878 2333 1997 2401 est,
2058 2327 2225 2389 Deus
2287 2333 2385 2389 est

882 2425 1154 2500 bonitaS‚
1189 2425 1313 2487 nisi
1345 2424 1498 2507 quia
1526 2443 1654 2488 non
1684 2433 1782 2488 est
1821 2442 1949 2488 non
1996 2425 2223 2488 bonus.
2260 2425 2382 2487 Sed

881 2525 1016 2587 haec
1047 2523 1312 2587 omnino
1354 2542 1504 2586 vera
1546 2531 1664 2598 est,
1699 2525 1864 2586 Deus
1895 2541 2024 2586 non
2067 2533 2167 2586 est
2207 2522 2385 2588 boni·

881 2629 998 2696 taS,
1051 2621 1102 2684 si
1152 2628 1379 2684 natura
1425 2621 1574 2684 boni
1627 2627 1918 2683 sumatur
1978 2627 2048 2683 ut
2103 2639 2140 2682 a
2198 2621 2383 2685 nobis

877 2718 1290 2801 agnoscibilis
1321 2727 1436 2782 est.
1481 2719 1546 2782 Si
1590 2736 1742 2782 vero
1782 2718 2034 2781 bonitas
2073 2718 2382 2802 simplici-

879 2825 976 2881 ter
1005 2827 1068 2880 et
1098 2818 1454 2881 secundum
1487 2836 1668 2880 suam
1700 2817 2169 2900 plenitudinem
2214 2817 2381 2879 dica-

879 2924 1006 2991 tur,
1023 2923 1178 2978 tunc
1207 2934 1357 2979 vere
1387 2917 1516 2978 Deo
1544 2923 1608 2978 et
1637 2916 1762 2998 ipsi
1793 2916 2124 2979 dumtaxat
2156 2933 2383 2978 conve-

879 3015 993 3076 nit.
1029 3013 1132 3076 Sic
1163 3031 1316 3076 vero
1354 3033 1391 3076 a
1426 3013 1612 3077 nobis
1653 3031 1782 3076 non
1823 3020 2028 3095 potest
2067 3013 2375 3094 dignosci.
2414 3018 2458 3082 C

879 3113 1154 3194 Ideoque
1182 3128 1311 3194 quo
1340 3110 1542 3173 Deum
1572 3110 1920 3193 perfectius
1948 3113 2378 3192 agnoscimuS,

881 3227 958 3273 eo
987 3209 1204 3272 omnia
1233 3208 1514 3272 secunda
1553 3209 1778 3291 purius
1817 3215 1883 3271 et
1919 3208 2261 3272 distantius
2296 3209 2379 3271 ab

879 3325 956 3372 eo
1013 3324 1446 3381 removemus,
1494 3325 1612 3390 per
1667 3307 1785 3370 hoc
1846 3306 2124 3370 lucidius
2173 3307 2379 3370 divini

879 3423 1022 3469 esse
1090 3405 1341 3467 cunctis
1396 3405 1862 3488 superpositam
1924 3405 2377 3469 exaltationem

880 3503 1294 3586 explicantes.

960 3603 1024 3666 Si
1055 3602 1314 3676 dixeriS,
1348 3603 1439 3664 Ex
1470 3601 1662 3666 rebus
1693 3610 1758 3664 ct
1787 3620 2004 3665 rerum
2041 3602 2377 3667 ordinibus

877 3701 1118 3764 scimus
1148 3701 1348 3762 Deum
1380 3699 1514 3763 fore
1545 3718 1768 3782 puram
1796 3707 1861 3762 et
1889 3699 2377 3782 supersubstan-

877 3799 1094 3861 tialem
1165 3817 1238 3860 ac
1310 3797 2060 3880 incircumscriptibilem
2131 3797 2376 3860 bonita-

877 3904 1040 3976 tem;
1062 3915 1272 3979 neque
1303 3896 1557 3958 videtur
1589 3895 1838 3959 bonitas
1869 3896 1962 3958 sic
1990 3894 2161 3957 dicta
2190 3912 2377 3976 posse

877 3994 1096 4076 negari
1146 3995 1224 4057 de
1273 3995 1423 4068 Deo,
1475 4012 1676 4076 quum
1726 3994 1819 4056 sic
1868 4000 2199 4076 concepta,
2254 3993 2376 4076 ipsi

877 4093 995 4157 soli
1046 4093 1386 4156 conveniat
1433 4109 1447 4154 ε
1496 4092 1742 4155 bonitas
1789 4109 1941 4172 ergo
1988 4098 2059 4153 ut
2105 4111 2142 4153 a
2189 4090 2377 4154 nobis

877 4190 1328 4273 cognoscibilis
1357 4197 1475 4264 est,
1510 4190 1841 4272 potissime
1870 4189 1999 4253 Deo
2028 4190 2374 4272 competit;

879 4290 1011 4353 imo
1052 4307 1131 4352 ex
1176 4289 1296 4351 hoc
1340 4295 1625 4371 apparet,
1671 4288 1842 4370 quod
1891 4287 2187 4350 divinum
2235 4306 2376 4351 esse

879 4387 1233 4452 secundum
1288 4385 1758 4468 plenitudinem
1817 4405 1949 4449 suae
2007 4393 2251 4450 naturae
2308 4387 2374 4449 in

879 4483 1158 4548 sciendis
1207 4483 1489 4546 reluceat
1535 4490 1727 4566 atque
1778 4484 2060 4547 resultet.
2114 4483 2235 4547 Sed
2286 4485 2377 4547 di-

878 4582 1176 4657 cendum,
1210 4582 1381 4664 quod
1425 4581 1772 4645 bonitatem
1820 4582 1912 4644 sic
1950 4583 2211 4656 dictam,
2245 4600 2373 4646 non

875 4681 1003 4744 nisi
1044 4682 1204 4760 quia
1244 4690 1359 4752 est,
1400 4681 1480 4743 de
1528 4681 1657 4744 Deo
1697 4680 2227 4763 contemplamur.
2272 4681 2373 4743 Sic

873 4778 1050 4842 enim
1096 4778 1314 4841 divina
1361 4786 1587 4842 natura
1634 4778 1916 4860 perfecte
1961 4777 2373 4859 agnoscibilis

873 4879 1068 4941 estin
1107 4877 1426 4941 secundis.
1475 4878 1610 4942 Non
1655 4885 1868 4940 autem
1912 4879 2084 4959 capit
2126 4878 2373 4941 intelle·

875 4983 1016 5038 ctus
1073 4977 1239 5055 quid
1294 4976 1378 5037 sit
1436 4975 1693 5037 infinita
1749 4975 2020 5050 bonitaS‚
2070 4993 2146 5038 eo
2202 4977 2373 5058 quod

873 5073 1244 5137 facultatem
1275 5074 1416 5155 ejus
1448 5073 1704 5136 infinite
1744 5074 2237 5156 supergrediens
2264 5075 2368 5150 sit,

877 5191 992 5254 per
1020 5171 1184 5234 nihil
1215 5172 1644 5236 secundorum
1675 5171 1864 5254 plene
1892 5172 2373 5254 repraesentabi-

877 5269 960 5334 lis
987 5269 1320 5333 exsistens,

2496 1948 2622 1994 non
2678 1939 2797 2006 est,
2846 1950 3041 2014 quam
3096 1933 3253 2014 quid
3308 1941 3423 1996 est.
3483 1933 3707 2015 Neque
3764 1931 3983 1995 dicitur

2496 2029 2663 2091 Deus
2712 2048 2871 2111 pura
2909 2029 3181 2106 bonitas,
3222 2032 3579 2095 secundum
3620 2031 3793 2114 quod
3834 2046 3983 2113 pura

2497 2127 2746 2190 bonitas
2774 2148 2811 2190 a
2840 2129 3025 2191 nobis
3062 2119 3476 2212 agnoscibilis
3512 2137 3628 2192 est.
3654 2165 3737 2174 —
3764 2129 3984 2192 Ultima

2495 2226 2773 2309 denique
2812 2227 2973 2290 ratio
3011 2228 3131 2290 hoc
3170 2229 3517 2303 convincit,
3552 2229 3723 2312 quod
3756 2227 3985 2310 simpli-

2496 2323 2656 2386 citer
2712 2325 2993 2406 cognitio
3047 2327 3321 2407 positiva
3370 2327 3455 2389 sit
3514 2327 3746 2408 potior,
3794 2327 3857 2388 in
3910 2342 3981 2388 eo

2496 2421 2744 2485 scilicet
2802 2423 3131 2487 intellectu
3180 2425 3292 2507 qui
3340 2425 3575 2489 divinae
3620 2425 3981 2508 quidditatis

2496 2519 3065 2604 comprehensivas
3104 2531 3204 2586 est
3235 2541 3250 2586 ε
3284 2523 3454 2606 quod
3494 2523 3737 2588 etenim
3776 2524 3841 2586 in
3878 2540 3979 2586 no-

2494 2618 2595 2682 bis
2632 2620 2839 2702 potior
2876 2627 2974 2684 est
3009 2621 3248 2684 ablatio
3284 2641 3477 2704 quam
3516 2623 3751 2706 positio
3786 2623 3864 2686 de
3900 2623 3983 2685 di-

2494 2718 2687 2792 vinis,
2738 2725 2969 2782 nostrae
3014 2719 3519 2784 defectibilitatis
3562 2729 3680 2784 est.

2880 2955 3371 3059 ARTICULUS
3416 2993 3604 3058 XXI.

2495 3129 2679 3196 Quod
2705 3129 3009 3191 divinum
3050 3151 3180 3191 esse
3212 3132 3571 3192 intuitione
3608 3132 3767 3214 quid
3801 3140 3919 3206 est,
3948 3153 3985 3192 a

2571 3221 2756 3278 nullo
2809 3228 3027 3280 creato
3086 3221 3424 3281 intellectu
3470 3224 3680 3298 possit
3720 3232 3985 3284 contem-

2567 3308 2754 3382 plari
2798 3311 3106 3369 naturali
3147 3329 3269 3370 sua
3318 3310 3589 3371 virtute.

2630 3504 2911 3570 ICENTE
2948 3504 3307 3579 Aristotele,
3339 3504 3885 3578 Quemadmodum
3922 3524 3987 3569 sc

2659 3604 2852 3666 habet
2882 3602 3358 3685 vespertilionis
3388 3602 3563 3666 visus
3592 3605 3673 3666 ad
3712 3604 3984 3668 intuitio-

2490 3720 2638 3764 nem
2670 3700 2893 3764 solaris
2931 3700 3115 3774 radii,
3148 3700 3242 3763 sic
3271 3700 3349 3764 ad
3378 3700 3775 3782 agnitionem
3812 3720 3981 3784 sepa-

2488 3807 2770 3863 ratarum
2829 3799 3335 3861 substantiarum
3392 3817 3459 3861 se
3517 3799 3713 3862 habet
3776 3809 3983 3864 noster

2490 3897 2891 3974 intellectus3
2942 3896 3007 3958 id
3063 3913 3287 3960 omnes
3344 3896 3760 3972 confitentur,
3819 3897 3982 3981 quod

2488 4005 2808 4079 separatas
2838 3996 3227 4058 substantias
3256 3996 3609 4060 secundum
3635 4015 3783 4059 suas
3812 3997 3984 4081 quid-

2489 4093 2715 4156 ditates
2748 4092 2813 4154 in
2846 4093 2963 4156 hac
2995 4093 3124 4155 vita
3152 4094 3548 4176 conspicere,
3582 4103 3679 4158 est
3720 4103 3832 4158 aut
3872 4095 3983 4158 im·

2409 4199 2458 4260 D
2488 4191 2815 4275 possibile,
2866 4198 2975 4254 aut
3012 4199 3183 4254 certe
3220 4192 3484 4256 omnino
3530 4192 3825 4256 difficile.
3869 4193 3987 4258 Pri·

2488 4309 2632 4353 mus
2670 4307 2823 4352 vero
2866 4296 2930 4352 et
2977 4289 3239 4352 divinus
3288 4290 3651 4354 intellectus
3698 4292 3985 4355 omnium

2486 4406 2901 4471 supernorum
2928 4388 3283 4450 animorum
3314 4388 3774 4453 sublimitatem
3804 4391 3987 4454 inter-

2488 4486 2781 4550 minabili
2813 4487 3295 4569 supergreditur
3324 4486 3721 4569 perfectione
3743 4505 3759 4550 :
3780 4488 3985 4551 omni·

2488 4603 2570 4648 no
2609 4602 2759 4666 ergo
2802 4583 3205 4667 impossibile
3244 4591 3341 4646 est
3378 4586 3593 4666 ipsum
3632 4586 3981 4649 secundum

2486 4683 2908 4765 quidditatem
2956 4682 3212 4746 intueri.
3261 4682 3507 4758 Adhuc,
3552 4683 3716 4747 nihil
3760 4703 3983 4748 secun·

2484 4781 2638 4844 dum
2682 4781 3023 4844 essentiam
3065 4781 3343 4856 videtur,
3384 4781 3511 4844 nisi
3552 4783 3813 4865 propria
3853 4803 3979 4848 suae

2485 4881 2776 4944 essentiae
2806 4880 3162 4943 similitudo
3192 4881 3344 4943 insit
3380 4881 3578 4944 menti
3604 4883 3765 4963 (non
3804 4884 3975 4947 enim

2484 4979 2668 5062 lapiS‚
2702 4979 2812 5041 sed
2841 4979 3089 5061 species
3118 4979 3259 5060 ejus
3288 4987 3386 5042 est
3416 4979 3482 5043 in
3512 4981 3783 5062 anima);
3816 4982 3974 5045 nihil

2482 5084 2695 5140 autem
2744 5086 3099 5140 creatarum
3149 5097 3363 5142 rerum
3411 5078 3645 5144 divinae
3686 5063 3975 5145 essentias

2481 5175 2809 5258 adaequata
2845 5175 3201 5238 similitudo
3236 5195 3377 5240 esse
3419 5184 3647 5259 potest,
3688 5196 3765 5242 eo
3808 5180 3975 5263 quod

2482 5275 2693 5337 omnis
2724 5273 3035 5356 perfectio
3072 5275 3500 5339 secundorum
3530 5295 3566 5340 a
3596 5278 3801 5342 divini
3838 5297 3973 5344 esse
