4300 6259
666 5197 1123 5272 irim.1v‚atque
1167 5204 1481 5269 perversa.
1525 5183 1700 5249 Unde
1742 5185 2081 5266 Apostolus
2120 5184 2256 5247 ait:
2291 5184 2432 5249 Om-
2539 5187 2756 5249 dinem
2813 5184 3089 5247 habeant
3145 5182 3443 5246 infideles
3501 5202 3652 5247 cum
3709 5177 3994 5245 miraculis

638 5275 683 5319 4.

920 462 1041 529 898
1558 480 1639 529 na
1678 476 1905 529 mma
1947 476 2330 527 cumsrunffl
2371 477 2674 537 monim,
2717 478 2894 527 nmen
2935 480 2998 527 n.
3044 498 3125 509 —
3165 480 3308 527 aar.
3353 480 3394 526 x

921 648 1196 733 imperio
1224 652 1535 716 subdatur
1564 650 1747 735 quasi
1778 650 2093 733 superiori
2135 668 2222 713 se.
2259 649 2420 731 Magi
2451 650 2500 713 A
2531 650 2700 732 quod
2735 650 2975 714 malum
3005 670 3124 714 nec
3153 650 3467 726 subsistit,
3482 668 3600 713 nec
3630 649 3785 713 inest
3808 648 3980 711 subsi·
4019 670 4065 715 De
4089 672 4180 717 uim.

920 754 1137 813 autem
1182 749 1715 823 invocationibuS,
1749 758 1814 813 et
1853 749 2239 832 quandoque
2278 765 2420 830 pro·
2532 749 2741 811 stenti.
2776 750 2845 811 ln
2875 767 3005 832 quo
3046 757 3221 831 patet
3265 748 3508 812 falsitas
3537 748 3978 811 Manichaeorum
3999 748 4168 779 ΜΗ·

922 846 1359 923 strationibus,
1392 848 1736 931 implorant
1758 864 1865 911 eos
1888 846 2252 910 intellectus
2273 863 2424 928 quo-
2532 845 2885 910 dicentium
2929 846 3216 911 diabolos
3255 846 3633 910 naturaliter
3669 844 3868 909 malos.

922 963 1065 1007 rum
1122 945 1413 1009 subsidio
1468 953 1697 1028 egent3
1748 954 1811 1009 et
1866 946 2021 1008 dum
2072 943 2419 1019 adfuerint,

921 1042 1240 1125 imperant
1304 1044 1398 1107 eis
1466 1045 1634 1107 sicut
1705 1042 2121 1106 inferioribus
2194 1060 2208 1105 :
2279 1060 2422 1125 quae

921 1140 1137 1203 omnia
1172 1149 1321 1203 sunt
1359 1142 1643 1225 perversi
1683 1142 1890 1205 solum
1931 1140 2317 1203 intellectus.
2349 1140 2420 1202 ln
2966 1118 3459 1185 ARTICULUS
3506 1120 3594 1183 X·

920 1255 1049 1319 quo
1094 1237 1443 1303 destruitur
1488 1240 1829 1321 gentilium
1887 1256 2087 1312 error,
2140 1238 2251 1320 qui
2309 1238 2422 1301 has
2535 1260 2718 1327 Quod
2772 1260 3182 1335 operationes
3221 1259 3365 1318 αἶα,
3405 1260 3740 1319 mirabile,
3787 1256 3992 1337 quam,

918 1335 1323 1418 operationes
1366 1338 1843 1420 adscripserunt
1886 1337 2029 1400 diis.
2612 1348 2982 1407 christiana
3006 1349 3174 1425 fides
3201 1347 3552 1419 innititur,
3575 1348 3704 1407 sint
3725 1366 3866 1407 cera
3889 1346 3988 1405 mi·

1000 1434 1477 1512 Verumtamen,
1536 1436 1899 1499 substantia
1945 1433 2424 1517 hujuscemodi,
2616 1440 2869 1508 racula,
2891 1445 2952 1497 et
2981 1456 3020 1495 a
3051 1437 3284 1497 divina
3315 1437 3568 1497 virtute
3587 1436 3986 1513 procedentia.

921 1532 1073 1597 licet
1102 1536 1461 1598 secundum
1490 1534 1887 1599 voluntatem
1916 1534 2180 1617 quidem
2209 1549 2424 1596 corru-

920 1640 1033 1715 pta
1076 1633 1185 1708 sit,
1232 1650 1363 1697 non
1408 1640 1623 1697 tamen
1675 1654 1753 1698 ex
1803 1641 2029 1698 natura
2086 1652 2202 1695 sua
2259 1632 2426 1695 mala
2667 1633 2720 1695 X
2777 1632 3193 1715 praeinductis
3250 1640 3464 1695 autem
3525 1630 3736 1713 colligi
3789 1636 3987 1713 potest,

920 1748 1063 1795 esse
1112 1739 1337 1814 potest.
1380 1732 1550 1795 Nihil
1594 1734 1768 1795 enim
1821 1739 2029 1814 potest
2072 1749 2210 1795 esse
2252 1731 2422 1814 quod
2694 1731 2864 1813 quod
2905 1730 3104 1794 solius
3146 1730 3258 1795 Dei
3307 1738 3408 1794 est
3463 1729 3832 1793 miraculose
3867 1746 3992 1810 ope·

922 1829 1087 1893 nihil
1145 1830 1489 1913 participet
1545 1830 1869 1894 bonitatiS.
1932 1831 2085 1893 Esse
2142 1846 2422 1911 namque
2459 1830 2508 1895 B
2538 1830 2698 1911 rari3
2722 1837 2786 1893 et
2805 1830 2976 1913 quod
3005 1848 3081 1894 ea
3110 1849 3254 1914 quae
3283 1830 3454 1894 fiunt
3470 1830 3706 1893 virtute
3735 1828 3988 1891 substan·

922 1929 1432 2012 uniuscujusque
1463 1936 1561 1993 est
1589 1929 1829 1993 bonum
1849 1946 1861 1991 :
1885 1929 2069 1991 aliter
2098 1946 2226 1992 non
2257 1935 2425 1991 esset
2533 1930 2766 1993 tiarum
2789 1929 3494 2004 intellectualium,sive
3525 1928 3845 2001 malarum,
3857 1946 3989 2010 quas

920 2027 1183 2091 habenti
1232 2028 1677 2091 desiderabile.
1729 2029 1865 2091 Non
1914 2036 2013 2091 est
2070 2045 2222 2109 ergo
2278 2027 2423 2090 talis
2534 2029 2853 2092 communi
2885 2029 3144 2092 nomine
3172 2028 3494 2093 daemones
3522 2026 3990 2111 appellamus,si·

923 2124 1281 2189 substantia
1322 2126 1830 2190 substantialiter
1874 2126 2060 2189 mala.
2092 2126 2420 2199 Praeterea,
2533 2147 2610 2191 ve
2633 2128 3138 2212 bonarum,quas
3165 2128 3424 2210 angelos
3455 2129 3863 2203 nominamus,
3882 2144 3989 2189 non

922 2243 959 2285 a
990 2223 1160 2287 bono
1187 2241 1317 2288 non
1347 2232 1445 2287 est
1482 2224 1607 2287 nisi
1650 2223 1914 2288 bonum.
1948 2226 2158 2306 Agens
2189 2242 2422 2307 nempe
2533 2234 2682 2289 sunt
2738 2228 2996 2310 proprie
3045 2245 3255 2310 neque
3301 2244 3451 2291 vere
3499 2226 3820 2299 miracula,
3865 2224 3990 2307 quia

924 2323 1222 2404 producit
1250 2323 1377 2386 sibi
1406 2323 1639 2397 simile,
1672 2324 1978 2405 quoniam
2010 2341 2200 2388 omne
2231 2342 2422 2404 agens
2532 2343 2648 2408 per
2703 2325 3200 2408 applicationem
3247 2325 3639 2389 naturalium
3695 2340 3988 2388 causarum

922 2421 1167 2504 agendo
1197 2422 1473 2485 intendit
1514 2421 1777 2485 bonum.
1812 2422 2013 2485 Aliter
2044 2440 2170 2485 non
2211 2429 2426 2503 ageret
2535 2423 2721 2487 nobis
2765 2423 3050 2487 vicissim
3099 2423 3462 2505 ignotarum
3511 2423 3890 2487 efficiuntur.
3935 2422 3990 2484 ln

924 2528 1188 2604 propter
1215 2521 1418 2584 finem
1453 2538 1467 2583 t
1502 2540 1650 2584 nam
1683 2520 1837 2583 finis
1868 2529 1932 2583 et
1971 2520 2214 2584 bonum
2255 2520 2426 2583 coin·
2535 2523 2762 2604 primis
2822 2522 3082 2605 quidem
3135 2522 3330 2603 igitur
3369 2540 3604 2604 negare
3641 2539 3764 2585 non
3803 2536 3992 2603 possu-

922 2620 1164 2684 cidunt.
1199 2619 1419 2684 Omnis
1448 2628 1665 2685 autem
1694 2627 1941 2694 natura,
1966 2628 2031 2683 et
2060 2638 2252 2683 omne
2282 2637 2424 2683 esse
2537 2640 2679 2683 mus
2723 2622 2879 2703 quin
2926 2619 3224 2684 infideles
3269 2620 3493 2703 aliqui,
3533 2620 3870 2684 secundum
3908 2636 3992 2680 cx·

924 2718 1380 2794 secundorum,
1412 2739 1449 2782 a
1480 2719 1691 2801 prima
1719 2738 1911 2783 causa
1948 2726 2422 2801 processerunt,
2531 2719 2833 2783 teriorem
2871 2719 3310 2801 apparentiam
3361 2717 3864 2782 conformitatem
3905 2716 3993 2778 ha-

856 2864 897 2892 „
924 2819 1094 2882 sicut
1124 2819 1185 2881 in
1220 2818 1430 2901 primo
1460 2818 1941 2882 multiformiter
1972 2818 2424 2899 investigatum
2535 2817 2727 2879 beant
2759 2818 2822 2879 in
2854 2816 3158 2899 operibus
3188 2815 3574 2900 quibusdam
3607 2814 3990 2887 mirabilibus,

925 2926 1041 2983 est.
1075 2919 1243 2982 Talis
1273 2919 1487 3000 itaque
1530 2918 1884 2981 substantia
1924 2917 2279 2980 secundum
2319 2934 2426 2979 vo·
2535 2934 2683 2979 cum
2717 2916 3191 3003 Christianiset
3227 2914 3708 2998 operationibus
3733 2932 3876 2997 quas
3901 2928 3994 2975 nos
4213 2906 4215 2941 ³

928 3018 1237 3081 luntatem
1278 3024 1523 3079 tantum
1563 3016 1731 3078 mala
1768 3024 1882 3078 est.
1916 3015 2233 3098 AmpliuS,
2266 3014 2425 3076 nihil
2462 3020 2507 3084 C
2539 3014 2846 3077 miracula
2874 3014 3152 3077 dicimus
3181 3022 3371 3096 atque
3409 3014 3646 3077 divinae
3683 3009 3992 3076 causalitati
4213 2952 4215 3102 Ι

927 3116 1277 3198 respiciens
1341 3116 1421 3178 ad
1481 3115 1744 3188 malum,
1804 3122 2102 3196 operatur
2159 3113 2424 3187 malum,
2535 3111 2944 3175 attribuimus
2988 3130 3002 3175 :
3045 3120 3308 3175 eatenus
3348 3120 3421 3174 ut
3455 3112 3679 3175 eadem
3728 3130 3858 3193 quae
3897 3125 3990 3171 nos

841 3235 852 3249 ·
896 3214 1284 3281 .secundum
1326 3212 1698 3294 Dionysium
1733 3210 2105 3292 :objectum
2145 3228 2426 3293 namque
2535 3214 2664 3275 Deo
2719 3211 3156 3285 attribuimus,
3201 3211 3325 3294 ipsi
3375 3229 3633 3294 quoque
3679 3210 3986 3274 efficiant:

822 3313 880 3345 Ν·
927 3312 1249 3395 appetitus
1280 3318 1377 3373 est
1406 3310 1671 3383 honum,
1700 3309 1801 3372 vel
1832 3328 2055 3372 verum
2095 3309 2197 3372 vel
2237 3328 2426 3391 appa·
2535 3309 3078 3393 quemadmodum
3107 3310 3310 3373 divini
3341 3309 3684 3373 Pharaonis
3713 3310 3774 3372 in
3805 3306 3989 3371 multis
4029 3328 4184 3374 rme.

930 3430 1095 3474 rens.
1138 3412 1346 3491 Agens
1391 3426 1645 3491 quoque
1682 3408 1812 3489 agit
1850 3408 2204 3470 secundum
2253 3407 2424 3490 quod
2534 3409 2898 3473 consimilia
2933 3408 3227 3471 fecerunt
3267 3408 3514 3489 magica
3554 3416 3713 3482 arte,
3742 3408 3835 3471 his
3871 3394 4179 3498 quae‡¹·²³³'²'³·
4211 3382 4213 3508 1

928 3517 1027 3571 est
1074 3509 1139 3571 in
1187 3515 1354 3570 actu.
1407 3506 1578 3570 Nihil
1629 3524 1779 3588 ergo
1826 3506 1955 3588 agit
2003 3506 2067 3567 in
2115 3512 2424 3588 quantum
2533 3508 2767 3571 divinae
2796 3506 3051 3569 virtutis
3089 3506 3456 3588 operatione
3499 3507 3816 3569 credimus
3852 3505 3988 3585 Moy-

930 3607 1193 3681 malum,
1228 3624 1429 3688 quum
1459 3612 1638 3667 actus
1668 3605 1752 3667 sit
1789 3604 2098 3687 perfectio
2134 3604 2421 3686 agentis3
2533 3624 2646 3668 sen
2677 3604 2928 3667 fecisse.
2963 3604 3140 3668 Unde
3171 3612 3387 3679 restat,
3421 3611 3491 3667 ut
3519 3604 3690 3667 sicut
3718 3621 3826 3668 nos
3851 3603 3991 3684 ipso-

926 3724 1135 3788 neque
1169 3704 1408 3766 malum
1438 3702 1505 3765 in
1534 3710 1847 3785 quantum
1890 3702 2037 3777 tale,
2071 3702 2426 3764 intenditur
2537 3723 2678 3766 rum
2710 3722 2904 3786 opera
2936 3702 3105 3765 malo
3143 3702 3466 3785 principio
3501 3703 3914 3774 attribuimus,
3939 3704 3992 3759 et
4210 3772 4211 3781 ἵ

924 3804 1007 3867 ab
1048 3810 1291 3885 agente.
1334 3802 1414 3865 At
1456 3819 1608 3865 vero
1656 3800 1905 3863 bonitas
1953 3808 2018 3862 et
2066 3800 2310 3863 malitia
2357 3800 2423 3861 in
2536 3820 2686 3865 vera
2727 3801 3034 3864 miracula
3080 3799 3515 3882 abnegamus3
3558 3802 3652 3863 sic
3689 3809 3752 3864 et
3785 3799 3893 3882 ipsi
3933 3814 3994 3861 ca

924 3902 1250 3966 voluntate
1280 3900 1644 3984 dependent
1672 3918 1750 3962 ex
1781 3897 2063 3961 bonitate
2092 3906 2158 3962 et
2183 3898 2425 3960 malitia
2535 3918 2730 3982 opera
2756 3898 2992 3982 quibus
3033 3897 3230 3961 fidem
3275 3898 3464 3961 inniti
3503 3905 3568 3961 et
3606 3898 3863 3962 stabiliri
3899 3895 3996 3958 sci·

926 4000 1289 4063 intellectus
1337 4018 1352 4062 :
1395 3999 1548 4082 quia
1589 3997 1831 4062 bonum
1875 3997 2296 4071 intellectum,
2329 4003 2427 4060 est
2538 4018 2705 4074 muS,
2765 3998 2978 4061 dicant
3035 3996 3400 4079 deceptoria
3454 4016 3530 4059 ac
3597 3997 3831 4079 magica
3886 4000 3996 4056 arte

923 4098 1251 4180 objectum
1299 4098 1669 4162 voluntatis,
1713 4096 1903 4159 Error
1948 4103 2162 4159 autem
2209 4103 2274 4157 et
2320 4096 2425 4159 de·
2538 4097 2828 4181 produci,
2860 4104 2925 4159 et
2953 4095 3319 4158 nullatenus
3349 4115 3386 4157 a
3413 4096 3544 4158 Deo
3583 4096 3662 4158 ad
3702 4092 3996 4178 perhiben-

926 4198 1137 4281 ceptio
1168 4196 1531 4259 intellectus
1560 4201 1657 4259 est
1686 4202 1914 4277 praeter
1942 4202 2258 4256 naturam.
2283 4195 2427 4257 Pro·
2458 4202 2508 4265 D
2535 4198 2690 4259 dum
2721 4194 3160 4257 testimonium
3192 4193 3477 4257 veritatis
3507 4192 3822 4257 traditioni
3860 4189 3998 4253 chri·
4207 4214 4209 4229 =

926 4296 1067 4380 pria
1094 4294 1267 4359 enim
1296 4293 1603 4377 perfectio
1632 4292 2125 4367 intellectus,est
2154 4293 2430 4373 cognitio
2537 4295 2775 4358 stianae.
2826 4292 2960 4382 Nisi
3006 4292 3221 4373 itaque
3261 4291 3656 4367 ostendatur,
3693 4309 3872 4375 opera
3908 4286 3997 4350 illa
4207 4238 4209 4324 ⁴

926 4394 1088 4469 veri,
1121 4393 1291 4456 sicut
1330 4398 1394 4455 et
1431 4392 1631 4465 visus,
1665 4390 1897 4453 coloris
1926 4390 2109 4455 visio.
2143 4390 2428 4454 Potentia
2537 4393 2773 4477 quibus
2811 4390 2975 4455 fides
3015 4390 3303 4464 fulcitur,
3335 4409 3373 4453 a
3403 4389 3575 4454 bono
3616 4389 3915 4474 principio
3945 4392 3996 4449 et

927 4502 1143 4557 autem
1202 4508 1330 4555 non
1378 4488 1603 4553 deficit
1647 4489 2022 4553 naturaliter
2068 4490 2241 4551 circa
2288 4507 2428 4572 pro·
2537 4493 2755 4556 divina
2783 4491 3018 4554 virtute
3048 4508 3367 4563 emanare,
3399 4507 3530 4552 non
3570 4488 3879 4554 videbitur
3907 4485 3996 4549 fir-

928 4592 1144 4676 prium
1174 4590 1525 4672 obJectum,
1560 4589 1670 4652 sed
1709 4596 1970 4670 propter
2009 4587 2427 4651 infectionem
2540 4610 2719 4655 mum
2767 4609 2841 4652 ac
2891 4588 3117 4651 stabile
3165 4606 3308 4651 esse
3352 4588 3508 4651 fidei
3556 4594 3992 4670 argumentum,
4205 4604 4207 4732 4

928 4689 1294 4774 quamdam,
1327 4695 1391 4751 et
1428 4686 1885 4751 accidentalem
1924 4686 2423 4769 corruptionem.
2539 4710 2618 4755 ex
2675 4688 2979 4772 operibus
3027 4706 3170 4770 quae
3217 4686 3528 4750 miracula
3585 4700 3994 4769 nuncupamus

926 4789 1270 4854 Ordinatur
1337 4786 1513 4851 enim
1585 4784 1869 4869 potentia
1934 4786 2291 4849 secundum
2359 4804 2428 4849 se
2536 4793 2960 4870 assumptum.
2993 4786 3123 4849 Hoc
3149 4792 3365 4849 autem
3395 4786 3834 4869 multipliciter
3859 4783 3994 4845 facc-

929 4890 1137 4973 ipsam
1166 4894 1231 4951 et
1260 4886 1584 4971 propriam
1614 4884 1714 4947 sui
1747 4883 2174 4959 rationem,ad
2204 4902 2430 4948 conna-
2539 4906 2607 4951 re
2650 4886 2957 4949 valemuS.

928 4989 1135 5053 turale
1164 4986 1512 5069 objectum,
1544 4984 1713 5047 sicut
1751 4982 2009 5046 auditus
2051 4984 2130 5047 ad
2173 5001 2423 5048 sonum.
2618 4987 2690 5049 ln
2729 4983 2955 5068 primis
2985 4983 3308 5066 equidem,
3340 4984 3638 5066 quamvis
3665 4986 3764 5067 (ut
3789 4989 3994 5046 tactum

930 5089 1119 5153 Nulla
1156 5105 1308 5169 ergo
1348 5086 1644 5150 voluntas
1686 5084 2059 5148 naturaliter
2103 5103 2298 5167 prava
2334 5092 2432 5149 est
2539 5086 2664 5167 est)
2694 5086 2758 5147 in
2796 5083 3181 5167 quibusdam
3219 5084 3704 5166 operationibus
3739 5081 3996 5147 similitu-

934 5291 1038 5357 nis
1084 5294 1372 5352 creatura
1418 5286 1532 5349 Dei
1571 5286 1757 5349 bona.
1806 5284 1883 5347 Et
1926 5285 2265 5369 Dionysius
2316 5286 2426 5361 ait,
2541 5304 2683 5369 quae
2710 5283 2911 5346 fidem
2941 5282 3212 5345 fundant
3237 5289 3303 5344 et
3331 5280 3597 5345 firmant
3610 5300 3629 5362 ;
3660 5299 3784 5345 non
3811 5288 3992 5342 tamen
