4300 6259
816 485 936 550 126

1486 498 1909 548 ssmnmfllo
1950 495 2347 544 mmmmm.
2393 511 2477 526 -
2515 495 2594 543 DB
2636 496 2752 544 1)Εο
2793 496 2915 544 uNo
2955 497 3030 544 ΕΤ
3069 497 3252 545 mmo

819 689 1018 754 purus
1075 677 1279 745 actuS,
1330 686 1458 734 non
1506 676 1605 734 est
1648 667 1860 752 passio
1906 667 2121 749 aliqua
2168 684 2319 729 vera
2345 664 2396 728 A
2429 664 2935 729 substantialiter
2974 684 3050 729 ac
3091 665 3348 730 realiter
3387 665 3527 749 ipsa
3569 663 3792 728 divina
3829 681 3940 726 es-

817 787 891 831 ac
935 767 1192 852 proprie
1236 769 1427 842 dicta,
1460 767 1755 851 quamvis
1800 764 2135 848 productio
2174 763 2318 826 Filii

818 874 1009 948 atque
1040 866 1306 949 spiratio
1335 885 1449 929 seu
1489 865 1813 949 processio
1850 862 2125 945 Spiritus
2167 862 2320 925 San-

818 965 903 1028 cti
944 964 1193 1047 passive
1232 963 1702 1046 significentur,
1734 961 2040 1044 quoniam
2084 978 2163 1023 ex
2208 978 2318 1023 no-

816 1063 931 1125 stri
965 1061 1327 1125 intellectus
1366 1059 1806 1124 imbecillitate
1844 1058 2029 1122 aliter
2068 1076 2176 1121 eas
2215 1076 2314 1121 ca-

817 1179 969 1243 pere
1037 1167 1101 1222 et
1170 1159 1531 1242 exprimere
1599 1175 1727 1221 non
1799 1156 2108 1221 valemus,
2181 1157 2316 1218 Imo

815 1257 1115 1340 quaelibet
1144 1258 1425 1320 increata
1453 1273 1719 1339 persona
1748 1261 1845 1317 est
1874 1272 2075 1336 purus
2112 1260 2310 1316 actus.

815 1356 911 1420 Ab
941 1355 1345 1418 emanatione
1374 1371 1629 1436 quoque
1662 1352 1881 1416 divina
1916 1352 1995 1414 ad
2028 1351 2195 1414 intra
2223 1369 2318 1414 re·

818 1455 1131 1518 movenda
1156 1460 1285 1526 ,est
1337 1452 1547 1515 omnis
1606 1450 2009 1533 imperfectio
2058 1469 2200 1531 quae
2249 1448 2313 1511 in

816 1562 1249 1616 creaturarum
1281 1551 1793 1616 emanationibus
1825 1550 2163 1632 reperitur,
2183 1566 2315 1611 om-

816 1652 917 1716 nis
984 1652 1285 1716 videlicet
1351 1649 1804 1734 potentialitaS,
1866 1646 2312 1730 dependentia,

815 1749 1225 1826 inferioritas,
1260 1747 1697 1832 posterioritas
1726 1765 1800 1810 ac
1833 1745 2203 1827 indigentia.
2237 1779 2314 1790 —

2425 763 2630 826 sentia
2674 763 3056 846 deitatisque
3100 764 3436 847 plenitudo
3479 781 3492 826 :
3539 771 3680 845 quae
3721 777 3939 845 quum

2425 860 2490 922 in
2536 860 2822 943 qualibet
2871 861 2952 924 sit
3000 862 3279 925 increata
3326 879 3599 945 persona
3654 879 3807 924 vere
3851 877 3940 922 ac

2425 958 2636 1040 plene,
2669 976 2929 1022 omnem
2960 977 3222 1042 prorsus
3255 959 3814 1042 imperfectionem
3841 956 3938 1018 ab

2424 1075 2810 1139 unaquaque
2878 1057 3178 1120 excludit.
3239 1056 3454 1139 Aliqui
3521 1073 3676 1120 vero
3739 1055 3942 1118 aliter

2426 1155 2815 1237 respondent
2871 1155 2950 1220 ad
3000 1155 3192 1230 istud,
3245 1155 3356 1218 sed
3414 1155 3536 1218 ista
3593 1153 3939 1237 responsio

2423 1254 2632 1336 aptior
2660 1261 3010 1336 reputatur.
3035 1290 3114 1300 —
3134 1254 3228 1317 Ad
3260 1261 3510 1318 sextum
3541 1253 3776 1317 solutio
3805 1259 3934 1326 est,

2425 1351 2594 1432 quod
2640 1351 2955 1434 quidquid
2995 1352 3389 1434 producitur,
3425 1352 3491 1414 id
3528 1358 3646 1426 est,
3677 1349 3756 1412 de
3795 1367 3936 1414 non

2425 1467 2564 1512 esse
2621 1449 2697 1512 ad
2748 1467 2887 1512 esse
2936 1450 3332 1532 perducitur,
3381 1458 3479 1514 est
3523 1450 3590 1511 in
3641 1448 3936 1532 potentia

2425 1553 2487 1608 et
2517 1546 2989 1629 imperfectum.
3022 1583 3103 1594 —
3132 1547 3225 1610 Ad
3269 1548 3618 1631 septimum
3662 1563 3935 1630 respon-

2424 1644 2628 1719 detur,
2679 1645 2849 1727 quod
2897 1645 3117 1710 divina
3162 1645 3440 1708 essentia
3483 1652 3700 1728 posset
3741 1645 3936 1725 juxta

2428 1751 2708 1806 veterem
2741 1744 3004 1807 modum
3036 1743 3337 1826 loquendi
3369 1744 3495 1806 dici
3527 1761 3823 1826 persona,
3857 1749 3938 1806 ut

815 1849 907 1911 Ex
974 1847 1211 1930 quibus
1275 1854 1450 1930 patet
1514 1845 1747 1910 solutio
1804 1845 1993 1908 tertii.
2060 1843 2312 1906 Etenim
2341 1845 2388 1908 B
2427 1840 2592 1904 libro
2630 1841 2708 1902 de
2737 1840 3042 1905 Trinitate
3080 1841 3364 1924 loquitur
3399 1841 3818 1922 Augustinus,
3849 1859 3934 1904 eo

814 1945 1119 2028 quaelibet
1172 1963 1445 2028 persona
1502 1944 1782 2007 increata
1839 1949 1937 2006 est
1992 1959 2142 2006 vere
2201 1959 2320 2004 ens

816 2044 1123 2127 primum,
1164 2051 1499 2118 aeternum,
1539 2049 1694 2125 puta
1735 2059 1927 2105 verus
1971 2040 2160 2114 Deus,
2199 2057 2315 2102 ens

817 2161 1075 2226 quoque
1120 2143 1576 2225 independens.
1610 2140 1739 2204 Nec
1782 2139 1908 2204 sibi
1951 2138 2075 2221 ipsi
2118 2137 2314 2200 etiam

818 2241 1061 2315 relicta,
1101 2248 1270 2304 esset
1309 2247 1421 2303 aut
1461 2239 1649 2303 fieret
1691 2237 1875 2312 nihil,
1919 2255 2039 2300 nec
2079 2237 2145 2299 in
2189 2253 2314 2300 non

818 2357 959 2402 esse
991 2338 1415 2412 delaberetur,
1448 2337 1617 2401 sicut
1646 2356 1766 2401 nec
1797 2335 1963 2399 facta
1992 2342 2090 2398 est
2116 2354 2194 2398 ex
2223 2334 2317 2396 ni-

818 2437 991 2517 hilo;
1034 2455 1155 2500 nec
1202 2436 1269 2499 in
1316 2455 1392 2500 ea
1439 2453 1565 2500 non
1613 2454 1754 2500 csse
1802 2434 2105 2517 praecedit
2149 2451 2312 2506 esse,

818 2555 1019 2618 quum
1052 2535 1222 2598 idem
1253 2551 1521 2598 numero
1548 2533 1945 2598 babeat'esse
1974 2532 2145 2613 quod
2174 2549 2314 2614 per-

816 2653 973 2700 sona
1019 2654 1056 2697 a
1105 2653 1231 2718 qua
1287 2634 1595 2717 procedit,
1646 2639 1710 2696 et
1756 2633 2048 2696 eamdem
2106 2649 2316 2694 essen-

816 2735 991 2798 tiam.
1024 2734 1154 2797 Nec
1194 2751 1428 2796 nomen
1469 2751 1675 2796 causae
1716 2732 1780 2793 in
1820 2730 2056 2794 divinis
2101 2730 2314 2793 locum

816 2832 1100 2906 sortitur,
1132 2831 1434 2914 quoniam
1466 2848 1656 2894 causa
1694 2837 1977 2903 vocatur,
2010 2829 2088 2891 ad
2128 2827 2316 2908 cujus

817 2950 959 2995 esse
988 2930 1277 3012 sequitur
1304 2927 1957 2992 aliud.Graeci·tamen
1988 2927 2316 2990 extensius

2429 1938 2616 2002 modo
2666 1957 2794 2021 quo
2849 1939 3049 2003 Judaei
3106 1946 3171 2002 et
3226 1939 3498 2020 gentiles
3555 1939 3935 2022 philosophi

2428 2036 2777 2119 loquuntur
2805 2038 2884 2100 de
2915 2038 3156 2101 ratione
3203 2054 3492 2122 personae
3537 2037 3604 2101 in
3647 2037 3799 2112 Dec,
3831 2038 3932 2100 vi·

2427 2135 2661 2200 delicet
2717 2135 3025 2200 absolute.
3088 2137 3388 2218 Theologi
3447 2153 3600 2201 vero
3653 2143 3935 2200 utuntur

2426 2233 2688 2298 nomine
2738 2252 3026 2316 personae
3083 2234 3151 2298 in
3207 2236 3447 2300 divinis
3505 2236 3792 2310 relative,
3855 2242 3932 2298 ut

2428 2332 2594 2395 infra
2621 2333 2952 2414 pandetur.
2979 2333 3190 2396 Nihilo
3221 2334 3435 2396 minus
3465 2334 3686 2398 divina
3711 2352 3932 2398 essen-

2426 2429 2515 2492 tia
2552 2430 2796 2493 ratione
2833 2449 2964 2494 suae
3003 2430 3342 2496 infinitatis
3381 2438 3446 2494 et
3490 2433 3930 2497 exuberantiae

2426 2528 2684 2610 penitus
2722 2528 3016 2604 infinitae,
3051 2537 3266 2593 manet
3302 2531 3863 2596 communicabilis
3905 2549 3924 2596 ε

2429 2627 2601 2708 quod
2650 2627 2719 2689 in
2762 2628 3071 2691 creaturis
3115 2646 3246 2693 non
3299 2629 3646 2693 invenitur.
3699 2665 3782 2677 —
3827 2630 3928 2694 Ad

2428 2725 2730 2788 ultimum
2798 2727 3240 2809 respondetur,
3311 2728 3483 2809 quod
3551 2728 3618 2790 in
3685 2728 3928 2792 divinis

2427 2841 2528 2886 res
2558 2842 2891 2905 generans,
2925 2823 3174 2887 scilicet
3213 2825 3414 2899 Pater,
3447 2833 3513 2888 et
3548 2844 3649 2889 res
3687 2826 3923 2908 genita,

2425 2929 2581 3004 puta
2636 2922 2856 2996 Filius,
2907 2922 3390 3004 distinguuntur
3444 2924 3722 3000 realiter,
3770 2931 3928 3008 puta

818 3035 1085 3092 sumunt
1113 3045 1347 3091 nomen
1378 3044 1607 3100 causae,
1625 3029 1825 3108 prout·
1844 3025 2115 3088 includit
2143 3024 2316 3107 prin·
2350 3019 2394 3084 C
2427 3018 2925 3102 suppositaliter‚
2975 3028 3246 3103 uterque
3300 3029 3516 3086 tamen
3565 3029 3663 3086 est
3706 3022 3928 3088 divina

819 3127 1087 3210 cipium,
1128 3126 1283 3189 dum
1334 3143 1527 3187 unam
1579 3141 1915 3207 personam
1966 3125 2031 3186 in
2076 3121 2315 3186 divinis

816 3225 1099 3288 fatentur
1128 3242 1387 3288 causam
1427 3222 1709 3286 alterius.
1744 3223 1961 3304 ltaque
2003 3229 2129 3284 tres
2166 3221 2314 3284 ado—

818 3323 1029 3387 randae
1071 3340 1359 3405 personae
1401 3328 1551 3383 sunt
1590 3339 1794 3382 unum
1844 3339 1959 3382 ens
2000 3320 2311 3402 primum,

815 3423 983 3485 sicut
1012 3427 1076 3484 et
1105 3439 1271 3483 unus
1300 3419 1491 3494 DeuS,
1524 3425 1589 3482 et
1620 3438 1821 3482 unum
1864 3417 2312 3480 universorum

817 3518 1212 3602 principium
1262 3535 1278 3580 :
1325 3517 1477 3599 quia
1528 3517 1595 3580 in
1640 3517 1756 3580 hac
1801 3517 2106 3580 Trinitate
2150 3516 2314 3580 nihil

814 3617 995 3700 prius
1016 3623 1126 3679 aut
1156 3616 1487 3698 posterius,
1506 3614 1673 3678 nihil
1692 3615 1907 3696 'majus
1936 3622 2048 3678 aut
2076 3615 2309 3679 minus.

814 3715 1268 3778 Verumtamen
1311 3713 1609 3797 prioritas
1646 3713 1913 3795 originis
1954 3714 2317 3777 admittitur

817 3813 883 3875 in
915 3811 1151 3876 divinis
1178 3830 1192 3874 :
1218 3831 1359 3894 quae
1392 3829 1518 3876 non
1550 3818 1649 3874 est
1676 3811 1975 3893 prioritas
2004 3811 2314 3894 temporis

816 3918 926 3974 aut
955 3909 1330 3982 durationiS,
1364 3927 1484 3971 nec
1516 3908 1863 3988 dignitatis.
1898 3944 1977 3954 —
2004 3908 2098 3970 Ad
2127 3927 2315 3991 quar-

815 4017 954 4072 tum
994 4007 1436 4091 respondetur,
1486 4006 1655 4088 quod
1699 4006 1980 4070 activum
2019 4013 2117 4069 est
2167 4026 2317 4089 prae-

817 4108 1086 4172 stantius
1117 4123 1303 4189 passo
1334 4105 1593 4188 proprie
1622 4111 1903 4187 sumpte,
1938 4105 2106 4187 quod
2137 4105 2312 4168 scili-

2425 3119 2704 3182 essentia
2737 3136 2750 3181 :
2787 3119 2889 3181 cui
2931 3119 3190 3202 proprie
3228 3119 3421 3185 fando
3459 3138 3580 3184 nec
3615 3137 3924 3202 generare

2425 3216 2727 3279 convenit
2773 3235 2892 3280 nec
2930 3218 3243 3298 generari,
3288 3218 3400 3282 sed
3445 3217 3924 3285 absolutissimo

2424 3315 2832 3396 designatur;
2864 3334 3057 3398 quam
3089 3324 3154 3378 et
3181 3315 3362 3379 Pater
3401 3316 3596 3379 habet
3636 3335 3714 3380 ex
3751 3335 3818 3380 se
3857 3322 3924 3379 et

2425 3430 2554 3476 non
2582 3413 2864 3488 aliunde,
2898 3423 3089 3497 atque
3117 3415 3409 3478 eamdem
3440 3432 3712 3478 numero
3748 3432 3920 3478 com·

2425 3511 2710 3574 municat
2750 3512 2911 3576 Filio
2946 3531 2960 3574 :
3004 3513 3148 3577 ideo
3190 3513 3268 3576 de
3307 3521 3576 3596 utroque
3621 3513 3922 3597 praedica·

2422 3617 2550 3684 tur,
2581 3609 2888 3691 quoniam
2919 3610 3046 3673 alia
3073 3629 3146 3676 ac
3176 3611 3301 3676 alia
3338 3611 3582 3674 ratione
3621 3611 3924 3674 convenit

2425 3708 2717 3790 personis
2746 3723 2982 3794 nomen
3021 3725 3310 3791 personae
3339 3716 3402 3771 et
3432 3726 3666 3773 nomen
3705 3727 3921 3772 essen-

2423 3806 2545 3870 tiae.
2579 3805 2709 3869 Nec
2739 3806 3198 3870 inconveniens
3229 3815 3326 3870 est
3356 3807 3422 3869 in
3452 3808 3675 3870 eadem
3703 3807 3924 3872 divina

2424 3904 2721 3978 essentia,
2755 3904 2838 3968 ob
2869 3923 3050 3967 suam
3083 3905 3391 3968 fontalem
3430 3905 3814 3969 infinitatem
3855 3913 3922 3971 et

2425 4002 2908 4066 exuberantiam
2940 4002 3463 4086 perfectionalem
3496 4021 3757 4087 prorsus
3801 4004 3920 4067 im-

2428 4120 2738 4176 mensam,
2799 4121 2939 4166 esse
2997 4108 3061 4165 et
3118 4102 3371 4165 fundari
3425 4110 3556 4166 tam
3627 4102 3690 4165 id
3746 4103 3919 4184 quod

819 4213 920 4270 cet
968 4205 1045 4268 de
1094 4203 1379 4287 potentia
1422 4203 1653 4266 transit
1697 4203 1764 4265 in
1812 4209 2049 4277 actum,
2088 4211 2151 4266 et
2199 4223 2316 4286 per
2342 4205 2391 4268 D
2424 4199 2854 4263 distinctionis
2903 4206 3001 4263 est
3045 4199 3226 4274 ratio,
3275 4218 3469 4282 quam
3528 4199 3688 4263 illud
3745 4201 3920 4282 quod

819 4303 1083 4368 modum
1141 4301 1487 4382 indigentis
1544 4318 1612 4363 se
1670 4299 1883 4374 habet,
1944 4319 2019 4363 ac
2085 4301 2314 4383 perfici

818 4402 1063 4483 indiget
1090 4399 1171 4462 ab
1201 4406 1425 4481 agente
1458 4417 1473 4461 τ
1506 4399 1676 4480 quod
1707 4398 1772 4461 in
1803 4398 2039 4462 divinis
2070 4407 2317 4463 constat

819 4517 948 4564 non
978 4517 1139 4563 esse.
1174 4534 1254 4544 —
1280 4498 1376 4560 Ad
1404 4497 1704 4580 quintum
1735 4497 2111 4579 respondeo,
2144 4499 2315 4580 quod

818 4598 1121 4684 quaelibet
1180 4596 1397 4660 divina
1444 4613 1715 4677 persona
1760 4602 1858 4658 est
1904 4594 2194 4659 absolute
2242 4615 2316 4660 ac

818 4697 1075 4762 infinite
1126 4694 1408 4778 perfecta
1458 4710 1473 4754 ε
1524 4693 1728 4756 nihilo
1772 4693 1986 4756 minus
2036 4712 2164 4756 una
2203 4712 2318 4776 per

816 4797 1054 4860 realem
1084 4794 1457 4858 relationem
1488 4790 1707 4856 differt
1734 4791 1815 4854 ab
1845 4791 1986 4855 alia.
2004 4791 2081 4854 Et
2110 4810 2320 4874 quam-

816 4896 917 4959 vis
946 4893 1171 4957 relatio
1200 4893 1391 4956 unius
1423 4907 1709 4974 personae
1740 4890 2095 4952 secundum
2127 4909 2316 4953 suum

819 5010 1055 5056 nomen
1078 4998 1141 5054 et
1162 4991 1489 5064 rationem,
1503 4997 1716 5052 actum
1744 4995 1811 5050 et
1840 4988 2316 5070 proprietatem,

822 5109 949 5154 non
981 5091 1065 5154 sit
1094 5090 1158 5152 in
1187 5088 1334 5162 alia,
1358 5095 1635 5152 attamen
1665 5087 2023 5149 secundum
2055 5086 2117 5148 id
2150 5087 2318 5168 quod

823 5188 1079 5252 realiter
1126 5194 1245 5260 est,
1297 5187 1367 5249 in
1412 5185 1697 5266 qualibet
1742 5191 1841 5248 est
1889 5203 2178 5267 persona.
2226 5186 2320 5249 Si-

2425 4298 2774 4362 identitatis
2816 4305 2914 4362 est
2955 4317 3164 4362 causa.

2780 4507 3298 4574 PROPOSITIO
3344 4507 3561 4573 XVII.

2493 4694 2704 4761 Deus
2722 4695 2960 4761 Pater
2979 4693 3504 4772 intelllgendo
3528 4709 3611 4763 se
3633 4695 3922 4776 ipsum,

2425 4791 2554 4859 sul
2593 4791 2849 4873 lpslus
2886 4793 3356 4872 conceptum
3392 4793 3610 4860 intra
3637 4807 3722 4860 se
3751 4807 3923 4874 pro-

2426 4889 2610 4973 fert,
2668 4905 2760 4958 ac
2815 4888 3166 4957 Verbum
3225 4891 3613 4958 aeternum
3682 4893 3767 4958 ln
3837 4907 3922 4959 se

2426 4989 3093 5057 intellectualiter
3136 4987 3430 5067 gignit.

2507 5088 2684 5162 Quod
2715 5095 2832 5162 est,
2865 5087 3166 5169 quoniam
3201 5087 3368 5149 Deus
3397 5095 3496 5150 est
3523 5087 3926 5172 simplicissi-

2431 5206 2534 5250 ma
2580 5206 2654 5250 ac
2703 5184 3374 5269 supersapientissima
3429 5205 3635 5261 mens,
3684 5187 3924 5251 incom-

824 5286 1087 5374 quidem
1138 5302 1536 5367 unaquaeque
1577 5283 1644 5346 in
1685 5283 1923 5346 divinis
1962 5283 2187 5348 relatio
2225 5292 2323 5348 est
2433 5284 2762 5348 mutabilis
2791 5293 2856 5348 et
2883 5291 3118 5350 aeterna
3151 5301 3166 5346 ε
3200 5283 3345 5348 ideo
3385 5302 3455 5348 se
3493 5284 3706 5367 ipsum
3747 5293 3926 5350 aeter·
