4300 6259
823 476 942 542 194

1197 665 1718 734 PROPOSITIO
1764 663 1933 731 CVI.

1489 490 1911 539 nummulo
1951 487 2348 536 mmmmm.
2393 506 2473 516 —
2515 486 2595 534 mi:
2634 484 2902 534 PEccA‘ro
2942 486 3256 534 calenum

2792 660 3313 728 PROPOSITIO
3360 660 3563 726 CVII.

897 864 993 930 In
1048 862 1266 928 statu
1334 860 1812 927 1nnocent1ae
1873 857 2158 924 fuisset
2229 858 2315 922 in
2346 854 2399 918 A
2506 857 2817 923 Fuisset
2870 859 3254 937 praeterea
3310 857 3395 922 in
3450 853 3935 921 innocentiae

817 962 1188 1044 paradiso
1246 960 1674 1040 dlsparltas
1745 957 2165 1025 hominum
2229 956 2315 1021 in

817 1058 1340 1139 naturalibus,
1393 1054 2021 1123 accidentalibus
2074 1056 2313 1136 atque

815 1155 1228 1238 gratuitis.

898 1256 1075 1331 Quod
1122 1262 1239 1329 est,
1289 1252 1592 1336 quoniam
1651 1271 1778 1314 una
1832 1268 2168 1313 causarum
2228 1249 2319 1310 in-

817 1353 1168 1419 stitutionis
1215 1351 1457 1434 speciei
1505 1350 1801 1414 humanae
1859 1355 1958 1412 est
2001 1347 2317 1430 reparatio

816 1452 1018 1516 ruinae
1061 1449 1380 1532 angelicae.
1417 1449 1504 1510 De
1541 1447 1831 1529 quolibet
1868 1454 2082 1509 autem
2121 1445 2317 1507 choro

815 1570 890 1614 ac
944 1550 1168 1614 ordine
1223 1547 1596 1629 angelorum
1653 1545 1854 1627 aliqui
1913 1548 2311 1608 corruerunt.

816 1649 982 1730 Ergo
1024 1647 1104 1710 de
1152 1662 1423 1708 numero
1469 1643 1807 1707 hominum
1853 1642 2203 1706 electorum
2248 1640 2316 1701 in

815 1744 1197 1810 innocentiae
1225 1750 1392 1806 statu
1423 1741 1680 1825 quidam
1709 1739 2213 1823 promeruissent
2239 1738 2318 1799 ad

817 1843 1102 1925 singulos
1131 1841 1504 1922 angelorum
1537 1840 1761 1902 choros
1793 1837 2076 1920 perduci.
2109 1836 2317 1910 Quum

816 1959 968 2024 ergo
999 1947 1171 2002 tauta
1201 1941 1283 2002 sit
1311 1938 1682 2002 differentia
1709 1935 2036 1999 felicitatis
2071 1953 2146 1998 ac
2185 1934 2318 2015 glo-

2427 956 2646 1021 statu
2687 954 3052 1020 ordinata
3094 953 3481 1035 praelatio.

2506 1052 2683 1127 Quod
2726 1059 2845 1126 est,
2878 1051 3182 1136 quoniam
3228 1051 3295 1114 in
3338 1051 3647 1132 angelicis
3690 1050 3935 1113 hierar-

2428 1151 2591 1213 chiis
2646 1157 2797 1213 sunt
2851 1149 3343 1224 dominationeS,
3404 1149 3808 1231 praelationes
3868 1154 3939 1209 et

2426 1249 2825 1332 principatus
2877 1266 2891 1310 ε
2936 1256 3176 1330 quanto
3227 1249 3427 1328 magis
3477 1248 3541 1310 in
3592 1246 3935 1330 paradiso?

2427 1347 2737 1429 Denique,
2770 1346 2935 1409 sicut
2976 1347 3109 1426 jam
3155 1347 3384 1429 patuit,
3426 1346 3493 1408 in
3540 1354 3707 1408 statu
3752 1345 3937 1408 inno-

2427 1446 2651 1508 centiae
2699 1464 2864 1507 unus
2908 1443 3138 1506 fuisset
3178 1443 3303 1506 alio
3347 1443 3413 1505 in
3456 1444 3641 1506 donis
3685 1450 3933 1506 natura)

2427 1552 2491 1606 et
2531 1543 2771 1625 gratiae,
2818 1543 2885 1604 in
2929 1541 3243 1624 sapientia
3284 1541 3559 1604 naturali
3603 1547 3665 1604 et
3712 1541 3933 1623 acqui·

2426 1642 2567 1714 sita,
2624 1641 2689 1703 iu
2738 1639 3051 1722 sapientia
3096 1657 3353 1723 quoque
3399 1638 3613 1702 infusa
3666 1639 3931 1721 spiritu-

2425 1740 2509 1804 ali
2568 1758 2642 1802 ac
2708 1737 3200 1821 supernaturali,
3262 1738 3329 1800 in
3392 1737 3679 1800 scientiis
3734 1744 3931 1820 atque

2426 1835 2772 1902 virtutibus
2825 1836 3029 1916 maj0r
3066 1843 3131 1898 et
3174 1835 3383 1910 altior,
3424 1842 3490 1898 et
3535 1836 3615 1899 de
3663 1854 3779 1898 sua
3826 1855 3933 1898 ex-

2427 1935 2758 1998 uberantia
2798 1934 2941 1996 aliis
2980 1934 3540 2007 communicasset,
3572 1933 3933 2015 fuissetque

816 2042 928 2104 riae
993 2039 1364 2121 angelorum
1422 2055 1654 2101 novem
1721 2036 2060 2099 chororum
2128 2033 2316 2096 coele-
2347 2034 2396 2099 B
2426 2034 2519 2097 ibi
2546 2041 2725 2096 actus
2755 2033 3134 2096 hierarchici
3167 2032 3481 2115 purgatio,
3514 2030 3931 2106 illuminati0,

817 2139 1038 2211 stium,
1072 2136 1425 2220 praesertim
1466 2134 1680 2198 infimi
1718 2153 1792 2198 ac
1831 2133 2138 2216 supremi,
2174 2148 2319 2195 con-

819 2243 945 2300 stat
984 2235 1154 2317 quod
1198 2233 1754 2316 proportionaliter
1793 2231 2049 2313 grandis
2092 2231 2320 2293 fuisset

818 2331 1146 2394 distinctio
1173 2331 1427 2412 graduS‚
1461 2330 1783 2413 profectus
1814 2335 1878 2390 et
1905 2327 2317 2410 perfectionis

817 2429 1178 2505 hominum,
1226 2430 1303 2492 ad
1347 2437 1475 2490 tam
1523 2428 1858 2490 distinctos
1905 2426 2162 2488 ordines
2210 2444 2316 2487 an·

816 2529 1168 2611 gelicorum
1198 2527 1543 2610 spirituum
1573 2526 2045 2590 elevandorum.
2070 2525 2320 2587 Praeter-

817 2645 914 2702 ea,
949 2627 1014 2690 in
1045 2634 1210 2689 statu
1251 2625 1633 2689 innocentiae
1677 2641 1944 2706 corpora
1977 2622 2314 2686 hominum

817 2725 1092 2789 fuissent
1131 2725 1400 2789 diversae
1439 2722 1924 2806 complexionis,
1957 2720 2314 2785 coelestium

818 2842 1074 2908 quoque
1103 2839 1445 2906 corporum
1479 2821 1837 2884 influentiis
1867 2819 2161 2883 subdita:
2196 2819 2317 2882 sic-

817 2941 944 3004 que
991 2940 1070 2984 ex
1126 2919 1525 2983 naturalibus
1583 2918 1793 2981 causis
1852 2915 2313 2999 corporalibuS,

817 3027 948 3082 tam
981 3018 1345 3106 intrinsecis
1376 3036 1569 3100 quam
1610 3015 2010 3088 extrinseciS,
2043 3013 2317 3076 fuissent

816 3118 897 3180 ad
963 3117 1274 3180 virtutum
1339 3132 1414 3176 ac
1475 3113 1887 3176 scientiarum
1953 3109 2314 3194 profectum

2425 2131 2754 2214 perfectio.
2808 2131 3104 2194 Parentes
3153 2148 3409 2213 quoque
3464 2130 3666 2193 soboli
3726 2130 3933 2192 admi-

2424 2232 2820 2304 nistrassent,
2872 2237 2937 2292 et
2980 2231 3059 2292 ad
3113 2228 3586 2311 proficiendum
3632 2228 3937 2292 ardenter

2422 2327 2949 2404 admonuissent3
2982 2333 3047 2389 et
3082 2343 3212 2408 quo
3252 2327 3318 2388 in
3358 2325 3661 2389 omnibus
3700 2325 3935 2389 fuisset

2424 2425 2769 2508 perfectior
2812 2425 3071 2487 dilectio
3114 2431 3243 2486 tam
3290 2424 3570 2487 fraterna
3607 2443 3801 2506 quam
3838 2424 3937 2486 di-

2424 2525 2595 2597 vina,
2647 2540 2724 2587 eo
2780 2523 3101 2605 copiosius
3150 2522 3274 2584 sibi
3326 2522 3605 2586 invicem
3656 2523 3936 2585 fuissent

2426 2621 2741 2704 cooperati
2773 2621 2848 2683 ad
2880 2639 3071 2684 omne
3100 2619 3727 2695 bonum‚secundum
3754 2621 3937 2703 quod

2425 2721 2616 2783 statui
2686 2720 2779 2782 illi
2850 2719 3268 2801 congruisset.
3329 2719 3781 2782 Verumtamen
3848 2719 3937 2782 de

2425 2818 2792 2901 praelatione
2850 2818 3199 2891 caritativa,
3258 2817 3549 2881 ordinata
3602 2836 3676 2881 ac
3729 2817 3933 2898 justa,

2424 2935 2566 2997 quae
2622 2917 2702 2978 ad
2761 2914 3121 2998 profectum
3189 2915 3593 2990 inferiorum,
3652 2932 3779 2979 non
3845 2915 3937 2978 ad

2424 3013 2834 3076 commodum
2901 3013 3405 3095 praesidentium,
3466 3013 3796 3076 ordinatur
3850 3031 3937 3076 ac

2424 3111 2649 3186 tendit,
2709 3130 2851 3193 quae
2918 3129 3038 3173 nec
3096 3110 3375 3174 libertati
3442 3119 3772 3193 repugnat,
3836 3112 3939 3174 in-

820 3215 1022 3296 magis
1051 3221 1116 3276 et
1144 3213 1360 3276 minus
1397 3210 1714 3294 dispositi,
1749 3210 2059 3284 inclinati,
2093 3208 2312 3290 aptati,
2350 3207 2395 3273 G
2424 3209 2843 3290 telligendum
2891 3216 2989 3272 est
3033 3209 3221 3272 istud.
3270 3209 3397 3272 Nec
3444 3210 3509 3272 iu
3554 3209 3663 3272 illa
3710 3227 3939 3273 neces-

817 3321 1077 3395 tamque
1114 3309 1540 3373 diversimoda
1578 3307 1792 3371 indole
1836 3307 2071 3370 diversi
2110 3307 2317 3369 diver-

819 3409 1066 3474 simode
1097 3409 1196 3472 usi
1227 3408 1518 3471 fuissent.
1551 3407 1711 3470 Hinc
1743 3414 1916 3489 patet
1945 3406 2115 3488 quod
2146 3424 2315 3467 unus

817 3509 944 3572 alio
991 3507 1341 3572 exstitisset
1386 3505 1794 3588 ingeniosior,
1845 3503 2175 3587 pulchrior
2229 3510 2317 3566 at-

819 3626 944 3690 que
987 3606 1324 3671 robustior.
1369 3605 1658 3687 Insuper,
1696 3602 1885 3666 liberi
1918 3602 2194 3664 fuissent
2226 3620 2318 3664 ar-

817 3706 994 3769 bitrii
1025 3704 1432 3768 eminentiori
1463 3703 1653 3766 modo
1692 3720 1887 3784 quam
1917 3719 2089 3763 nunc
2123 3717 2137 3761 :
2172 3700 2315 3763 ideo

817 3824 896 3870 ex
944 3804 1140 3869 variis
1183 3803 1394 3866 causis
1444 3802 1678 3885 partim
1718 3800 1851 3882 jam
1894 3799 2099 3871 tactiS,
2147 3816 2315 3861 unus

818 3903 1020 3984 magis
1064 3902 1314 3965 intense
1357 3918 1550 3984 quam
1595 3899 1760 3962 alius
1802 3916 1869 3961 se
1911 3897 2193 3960 dedisset
2237 3896 2316 3958 ad

818 4001 1183 4086 spirituales
1242 3999 1588 4083 profectus.
1641 3999 1807 4062 Deus
1852 4013 2108 4078 quoque
2164 4003 2318 4057 tunc

820 4101 987 4163 sicut
1031 4105 1094 4161 et
1138 4115 1309 4159 nunc
1353 4114 1556 4158 unum
1597 4113 1727 4177 prae
1764 4093 1891 4156 alio
1929 4092 2205 4174 gratiose
2242 4110 2318 4155 ac

817 4198 1088 4262 dulciter
1117 4194 1542 4278 praevenisset,
1555 4193 1902 4255 secundum
1932 4191 2097 4273 quod
2125 4192 2206 4253 ad
2235 4190 2321 4253 al-

817 4297 980 4360 tiora
1009 4293 1392 4357 charismata
1419 4309 1492 4353 ac
1522 4290 1739 4371 gloriae
1778 4290 1944 4352 dona
1979 4307 2129 4351 eum
2165 4307 2321 4370 prae-

818 4393 1212 4458 destinasset.
1229 4387 1534 4452 Similiter
1561 4387 1866 4469 angelicis
1897 4387 2322 4469 inspirationi·
2350 4389 2401 4451 D

821 4493 943 4556 bus
981 4509 1056 4554 ac
1092 4488 1330 4553 divinis
1370 4486 1782 4549 instinctibus
1819 4504 1986 4548 unus
2026 4504 2158 4568 prae
2194 4485 2321 4549 alio

821 4587 1251 4675 acquievisset
1297 4584 1645 4669 perfectius
1692 4602 1706 4646 ε
1759 4584 2076 4665 siquidem
2127 4584 2319 4646 etiam

825 4691 892 4753 in
941 4685 1322 4751 innocentiae
1379 4690 1545 4746 statu
1594 4681 1904 4745 adfuisset
1950 4681 2321 4744 hominibus

825 4786 1198 4870 angelorum
1228 4781 1538 4856 custodia,
1561 4780 1914 4864 praesertim
1945 4780 1995 4842 si
2028 4780 2323 4843 homines

828 4905 955 4950 non
985 4885 1260 4948 fuissent
1296 4879 1386 4944 ibi
1427 4878 1792 4943 confirmati
1832 4879 1897 4940 in
1936 4881 2159 4960 gratia,
2194 4881 2322 4943 imo

827 4986 948 5048 etsi
985 4984 1052 5046 in
1091 5001 1166 5044 ea
1200 4979 1562 5044 confirmati
1601 4977 1894 5052 fuissent,
1927 4977 2079 5059 quia
2115 4978 2324 5040 adhuc

829 5085 1102 5148 viatores
1149 5078 1542 5143 exstitissent
1599 5083 1661 5138 et
1720 5076 2080 5158 potuissent
2126 5075 2323 5159 profi·

830 5199 976 5246 cere
1018 5198 1032 5242 t
1073 5196 1224 5241 nam
1269 5183 1332 5238 et
1374 5175 1662 5238 Christus
1704 5175 2004 5255 angelum
2047 5175 2325 5238 habebat

831 5277 1183 5352 custodem,
1215 5281 1280 5338 et
1320 5272 1689 5335 beatissima
1729 5272 1937 5354 Virgo.

2424 3308 2587 3370 saria
2636 3306 2864 3369 fuisset
2910 3307 3009 3370 vis
3056 3307 3402 3370 coercitiva
3446 3325 3561 3390 per
3608 3324 3865 3389 poenam
3910 3325 3931 3370 ε

2424 3407 2555 3468 imo
2596 3405 2660 3467 in
2702 3411 2869 3467 statu
2901 3405 3014 3468 illo
3052 3423 3241 3488 poena
3281 3423 3409 3468 non
3447 3405 3656 3487 potuit
3694 3423 3935 3487 praece-

2424 3505 2573 3567 dere
2604 3503 2883 3585 culpam.
2901 3503 3091 3566 Porro
3120 3503 3470 3567 dominatio
3499 3523 3612 3567 seu
3644 3504 3936 3586 praelatio

2425 3621 2567 3684 quae
2614 3602 2692 3664 ad
2743 3600 3075 3683 proprium
3124 3601 3331 3664 tendit
3380 3602 3813 3677 commodum,
3862 3611 3935 3666 et

2426 3698 2756 3762 subditum
2806 3700 2874 3761 in
2924 3699 3299 3762 servitutem
3348 3700 3599 3781 redigit,
3640 3719 3805 3764 verae
3854 3701 3935 3763 li·—

2426 3798 2655 3860 bertati
2704 3797 3042 3872 contraria,
3076 3815 3192 3880 pro
3224 3805 3489 3880 peccato
3530 3798 3776 3862 inflicta
3804 3808 3928 3875 est,

2426 3904 2537 3958 aut
2594 3897 2849 3979 culpam
2898 3904 3155 3976 secuta3
3207 3903 3271 3959 et
3317 3905 3629 3978 quantum
3677 3899 3757 3960 ad
3805 3898 3933 3962 hoc

2426 3994 2800 4057 verificatur
2842 3994 3012 4076 quod
3052 4001 3305 4056 sanctus
3341 3995 3742 4078 deprompsit
3777 3995 3929 4060 Gre-

2425 4093 2642 4173 gorius
2688 4109 2703 4152 :
2752 4092 2815 4154 Si
2864 4092 3111 4174 primus
3158 4091 3351 4155 homo
3398 4110 3527 4155 non
3576 4101 3927 4176 peccasset,

2426 4197 2654 4253 natura
2694 4207 2919 4253 omnes
2960 4189 3287 4271 genuisset
3328 4191 3623 4272 aequales.

2776 4398 3295 4464 PROPOSITIO
3344 4397 3581 4464 CVIII.

2509 4584 2935 4650 Paradisus
2963 4584 3374 4649 terrestris
3405 4587 3529 4650 est
3558 4585 3929 4652 amoenis-

2428 4685 2703 4765 simus,
2744 4681 3431 4748 fructuofflssimus
3474 4683 3559 4748 et
3596 4683 3931 4763 quietis-

2428 4783 2681 4946 ἓξὲξ
2721 4779 2968 4860 loona,
3009 4793 3348 4860 parsque
3378 4779 3931 4848 elevatissima

2510 4977 2686 5051 Quod
2743 4983 2859 5049 est,
2913 4973 3065 5057 quia
3106 4975 3208 5055 (ut
3256 4975 3488 5056 patuit)
3536 4973 3929 5056 congruebat
3958 5009 4263 5052 propo-‚xa

2432 5075 2813 5137 innocentiae
2851 5072 3065 5146 statui,
3098 5072 3165 5134 in
3204 5089 3331 5153 quo
3366 5070 3599 5135 fuisset
3630 5073 3927 5137 omnium

2430 5173 2622 5236 decor
2658 5172 2993 5245 virtutum,
3037 5168 3586 5252 imperturbabilis
3622 5171 3931 5254 tranquil-

2430 5272 2595 5346 litas,
2630 5269 2861 5333 mentis
2902 5267 3497 5350 incorruptibilitaS,
3532 5268 3664 5332 imo
3702 5276 3771 5331 et
3808 5269 3931 5334 im·
