4300 6259
1046 515 1468 567 ammixtio
1511 519 1908 569 Tnssotoch.
1955 539 2034 550 —
2077 521 2157 568 DE
2198 521 2703 571 nnariwmmnus

3312 507 3433 576 227

83 706 301 762 samu.
327 681 682 767 Scriptura)
709 691 1124 772 cogitationes
1155 695 1520 758 mortalium
1561 691 1824 766 timidae,
1854 693 1904 754 A
1937 711 2115 766 num,
2166 693 2485 768 instabile,
2534 693 2850 775 indigens,
2899 704 3089 777 atque
3149 695 3214 758 in
3274 695 3435 758 nihil

121 1103 244 1148 eccs.

91 1179 218 1214 xxxvii,
242 1165 302 1207 18.

103 5318 314 5376 Manibus.

327 788 390 843 et
433 781 690 849 incertae
732 798 884 850 sunt
922 792 1340 873 providentiae
1383 799 1634 857 nostrae.
1679 791 1828 854 Ideo

331 879 690 962 indigemus
737 889 1206 970 supernaturali
1251 898 1516 964 motore,
1561 897 1626 952 et
1668 888 1827 952 inef-

331 976 510 1040 fabili
550 981 902 1048 directione
938 1006 1012 1049 ac
1049 987 1271 1051 habitu
1311 989 1506 1070 hujus
1549 987 1822 1051 consilii.

331 1077 484 1140 Hinc
529 1079 628 1160 (ut
685 1081 749 1144 in
800 1083 1250 1151 Ecclesiastico
1306 1086 1570 1168 dicitur)
1613 1087 1827 1149 anima

329 1175 450 1238 viri
481 1178 682 1240 sancti
715 1183 1009 1246 enuntiat
1038 1202 1206 1268 saepe
1243 1205 1415 1260 vera,
1449 1186 1595 1268 plus
1633 1203 1826 1268 quam

327 1283 574 1357 septem
619 1280 1052 1360 speculatores
1099 1285 1392 1348 sedentes
1451 1284 1516 1347 in
1574 1284 1828 1348 excelso

327 1374 404 1436 ad
447 1375 936 1457 speculandum.

405 1471 734 1539 Fortitudo
762 1494 1019 1560 quoque
1050 1488 1120 1543 ut
1149 1481 1412 1554 donum,
1445 1488 1540 1544 est
1572 1481 1828 1544 habitus

327 1587 454 1652 quo
485 1572 862 1637 roboramur
898 1596 934 1639 a
973 1577 1214 1661 Spiritu
1257 1579 1486 1643 Sancto
1525 1581 1602 1642 ad
1641 1597 1826 1660 agen·

329 1669 482 1732 dum
533 1679 598 1734 et
647 1673 1019 1754 patiendum
1072 1676 1136 1740 in
1187 1678 1288 1740 his
1337 1698 1479 1760 quae
1523 1678 1722 1741 fidem
1766 1685 1832 1739 et

330 1769 762 1850 evangelicam
811 1774 1168 1856 respiciunt
1217 1775 1422 1857 legem
1470 1795 1484 1838 ε
1531 1776 1684 1860 quia
1728 1776 1832 1857 (ut

1935 791 2252 864 vertibile,
2286 791 2409 854 nisi
2452 793 2729 874 desuper
2767 802 3199 857 conservetur.

2015 889 2299 964 Interim,
2332 890 2572 953 donum
2606 890 2861 973 pietatis
2890 899 2987 955 est
3026 892 3267 954 donum
3308 909 3436 974 quo

1937 1003 2274 1050 monemur
2332 1007 2707 1050 succurrere
2766 989 3099 1070 proximis,
3150 991 3302 1072 quia
3356 989 3435 1052 ad

1935 1082 2044 1146 Dei
2093 1085 2437 1165 imaginem
2477 1094 2542 1148 et
2580 1085 3073 1150 similitudinem
3114 1095 3265 1150 sunt
3306 1105 3439 1150 cre-

1934 1180 2020 1244 ati
2073 1199 2088 1244 z
2139 1189 2205 1242 et
2252 1183 2345 1244 sic
2394 1183 2499 1266 pie
2544 1183 2623 1245 ad
2672 1183 2843 1266 ipsos
2892 1183 3244 1258 afficimur,
3293 1202 3440 1248 con-

1935 1279 2250 1354 dolemus,
2302 1280 2763 1354 succurrimus,
2814 1282 3168 1345 secundum
3221 1283 3440 1364 gratias

1937 1378 2385 1459 legem.Virtus
2422 1386 2637 1442 autem
2670 1379 3123 1444 misericordias
3160 1380 3255 1444 eis
3296 1399 3467 1446 con·-

1935 1476 2108 1540 dolet
2134 1483 2203 1539 et
2230 1478 2549 1540 succurrit
2568 1484 2640 1539 ut
2658 1486 2810 1541 sunt
2838 1477 3113 1561 proximi
3137 1488 3199 1542 et
3230 1479 3436 1561 egeni.

2007 1575 2353 1650 Postremo,
2376 1575 2571 1638 timor
2592 1576 2946 1640 secundum
2970 1577 3141 1660 quod
3174 1577 3438 1654 donum,

1937 1672 2231 1737 habitum
2260 1673 2419 1736 dicit
2449 1692 2579 1756 quo
2615 1692 2693 1737 ex
2736 1675 3135 1758 inspectione
3164 1675 3441 1760 propriae

1939 1771 2399 1836 imbecillitatis
2445 1790 2519 1836 ac
2578 1774 2929 1855 parvitatis,
2984 1775 3315 1858 potissime
3363 1793 3443 1838 ex

328 1864 500 1929 fatur
541 1868 908 1952 Gregorius)
948 1872 1324 1937 Sanctorum
1377 1875 1686 1938 fortitudo
1733 1883 1830 1938 est
1863 1869 1909 1931 B
1942 1870 2281 1934 intuitione
2340 1870 3035 1954 incircumscriptibilis
3094 1873 3443 1954 majestatis

328 1983 586 2028 carnem
636 1968 916 2044 domare,
968 1972 1268 2054 spiritum
1319 1973 1640 2046 roborare,
1687 1991 1828 2056 pro-

331 2073 468 2147 pter
489 2065 817 2130 Christum
838 2068 1178 2132 victoriose
1210 2071 1340 2152 pati
1363 2079 1426 2134 ct
1445 2089 1632 2152 agere
1656 2088 1669 2133 :
1689 2091 1831 2154 quae

327 2163 721 2227 eminentius
750 2164 922 2229 fiunt
949 2185 1068 2250 per
1095 2168 1540 2232 fortitudinem
1563 2189 1708 2252 quae
1736 2178 1832 2233 est

331 2261 594 2335 donum,
629 2282 822 2344 quam
865 2283 980 2346 per
1018 2267 1290 2330 virtutes
1333 2266 1626 2330 morales.

409 2361 487 2421 At
533 2379 689 2424 vero
733 2362 1000 2426 scientia
1047 2383 1191 2446 quae
1237 2373 1336 2428 est
1389 2366 1653 2439 donum,
1705 2383 1831 2430 non

333 2459 808 2522 diversificatur
837 2480 1034 2543 penes
1074 2471 1284 2526 creata
1311 2463 1583 2545 objecta,
1615 2483 1836 2546 quam-

333 2557 428 2618 vis
487 2556 662 2620 circa
730 2559 838 2621 illa
907 2568 1220 2636 versetur,
1280 2562 1448 2624 sicut
1515 2562 1834 2624 naturales

332 2654 658 2734 scientiae3
715 2657 823 2719 sed
873 2665 970 2720 est
1021 2657 1276 2722 habitus
1331 2659 1835 2742 supernaturalis

333 2752 608 2827 infusus,
644 2773 974 2837 nunquam
1018 2755 1336 2832 informis,
1368 2773 1497 2840 quo
1535 2775 1650 2840 per
1687 2774 1833 2820 con·

330 2850 722 2915 formitatem
780 2853 1050 2917 affectus
1107 2863 1172 2918 et
1229 2854 1463 2919 mentis
1515 2873 1832 2938 saporem,

331 2951 448 3012 rite
489 2952 810 3015 sentimus
846 2959 914 3015 et
948 2952 1314 3034 judicamus
1354 2953 1434 3016 de
1473 2953 1664 3016 rebus
1702 2973 1834 3018 cre-

1941 1967 2077 2043 Dei,
2122 1969 2187 2030 in
2239 1969 2564 2052 propriam
2615 1969 3044 2034 nihileitatem
3092 1971 3439 2046 resilimus,

1939 2067 2190 2130 attoniti
2234 2085 2447 2131 coram
2499 2068 2633 2141 illo,
2678 2076 2743 2130 et
2788 2087 2935 2131 cum
2983 2069 3225 2150 ingenti
3270 2087 3443 2133 reve-

1942 2165 2146 2228 rentia
2194 2164 2515 2228 adstantes
2559 2165 2792 2241 eidem,
2839 2184 3159 2248 omneque
3202 2167 3442 2230 malum

1943 2263 2150 2345 culpae
2206 2264 2464 2346 penitus
2523 2264 2930 2327 detestantes
2984 2265 3143 2328 Hinc
3202 2266 3445 2328 donum

1943 2361 2064 2424 boc
2112 2369 2425 2443 quantum
2474 2361 2554 2423 ad
2602 2369 2817 2424 actum
2870 2361 3063 2425 istum
3115 2372 3331 2426 manet
3377 2363 3445 2426 in

1945 2460 2172 2542 patria,
2216 2466 2281 2521 et
2324 2459 2449 2522 fuit
2488 2479 2561 2522 ac
2606 2467 2705 2522 est
2748 2460 2814 2522 in
2860 2461 3075 2524 anima
3118 2461 3373 2525 Christi.

2021 2557 2132 2620 His
2162 2557 2347 2621 donis
2378 2565 2682 2640 tanquam
2714 2567 2961 2642 septem
2994 2559 3449 2642 pulcherrimis

1943 2663 2134 2738 atque
2178 2656 2555 2719 clarissimis
2598 2656 2825 2730 stellis,
2870 2658 3209 2721 decoratur
3249 2666 3314 2721 et
3354 2677 3447 2722 ra-

1943 2757 2074 2818 diat
2115 2755 2329 2818 anima
2369 2755 2527 2835 justi
2564 2773 2579 2817 τ
2612 2755 2849 2838 quibus
2886 2765 2957 2819 ut
3004 2775 3445 2840 perornemur,

1942 2853 2023 2916 ab
2049 2854 2228 2918 omni
2260 2854 2649 2918 carnalitatis
2680 2862 2743 2918 et
2775 2855 3125 2937 iniquitatis
3156 2857 3447 2938 squalore

1945 2970 2295 3034 purgemur
2334 2961 2399 3015 et
2442 2952 2895 3016 abstineamus.

330 3049 468 3122 atis,
516 3049 690 3129 quod
743 3049 808 3111 in
860 3049 1016 3132 ipsis
1065 3067 1195 3113 non
1239 3051 1323 3113 sit
1371 3049 1524 3113 finis
1567 3049 1836 3114 ultimus
1871 3048 1914 3112 C
2024 3050 2479 3114 Verumtamen
2524 3051 2785 3132 quidam
2825 3050 3069 3133 opinati
3118 3060 3267 3115 sunt
3310 3051 3447 3116 haec

333 3147 1102 3230 statuendus,praesertim
1137 3149 1202 3210 in
1233 3149 1617 3212 transitoriis
1647 3157 1712 3212 et
1741 3168 1838 3212 ca-

333 3244 512 3306 ducis
560 3263 576 3308 :
623 3245 930 3327 quoniam
977 3263 1170 3309 omne
1215 3253 1500 3309 creatum
1549 3247 1614 3310 in
1659 3265 1728 3310 se
1773 3255 1838 3311 et

333 3343 690 3406 secundum
721 3363 790 3408 se
820 3352 1174 3427 sumptum,
1205 3350 1303 3406 est
1343 3344 1705 3408 radicaliter
1730 3363 1836 3408 va-

1945 3150 2112 3212 dona
2151 3167 2189 3210 a
2232 3149 2577 3213 virtutibus
2624 3167 2751 3213 non
2798 3149 3105 3231 distingui
3150 3151 3445 3232 realiter3

1947 3247 2058 3310 sed
2099 3247 2221 3310 ista
2260 3247 2493 3330 positio
2523 3247 2733 3312 verior
2773 3254 3128 3330 reputatur,
3161 3256 3350 3332 prout
3380 3249 3449 3312 in

1947 3345 2263 3428 opusculo
2304 3346 2385 3408 de
2426 3346 2617 3410 Donis
2661 3345 2917 3429 plenius
2960 3353 3056 3410 est
3096 3355 3444 3411 ostensum.

1280 3791 1425 3876 DE
1515 3789 2503 3878 BEATITUDINIBUS

703 4101 1225 4195 PRoPosrrio
1273 4127 1466 4194 (ΠΝ.

407 4323 609 4392 Octo
641 4322 1185 4390 beatitudines
1225 4322 1757 4402 assignantur.

407 4423 588 4496 Quod
621 4421 910 4504 est,quia
938 4420 1266 4485 beatitudo
1296 4419 1415 4484 viae
1445 4427 1542 4484 est
1570 4417 1840 4503 disposi-

335 4521 441 4597 tio,
496 4520 848 4595 inchoati0,
901 4520 1204 4582 meritum
1248 4527 1440 4601 atquc
1482 4516 1841 4602 praeambu-

337 4620 466 4682 lum
497 4618 920 4682 beatitudinis
952 4617 1172 4701 patriae
1193 4619 1305 4681 :ad
1335 4636 1528 4700 quam
1558 4616 1842 4680 ascendi-

335 4725 456 4792 tur,
502 4718 642 4780 itur
685 4735 761 4780 ac
807 4716 1180 4798 pervenitur
1231 4735 1347 4798 per
1383 4722 1526 4779 octo
1574 4714 1841 4777 beatitu-

335 4816 512 4878 dines
552 4815 698 4879 viae.
743 4813 1004 4897 Oportet
1052 4833 1330 4897 namque
1376 4812 1839 4896 impedimenta

337 4933 497 4978 vcrae
528 4912 952 4976 beatitudinis
983 4930 1312 4976 removere
1345 4928 1360 4974 :
1396 4931 1538 4994 quaa
1569 4910 1838 4993 impedi-

341 5019 552 5074 menta
582 5018 735 5074 sunt
765 5011 1028 5085 divitiae,
1062 5009 1307 5074 deliciae
1337 5017 1402 5072 et
1429 5009 1724 5083 honores,
1766 5027 1840 5071 ac

337 5110 456 5172 alia
499 5109 726 5172 multa.

413 5208 564 5271 ldeo
627 5215 846 5270 contra
902 5207 1184 5290 primum
1235 5206 1840 5290 impedimentorum

342 5297 604 5370 illorum
664 5305 836 5368 dixit
883 5303 1168 5368 Salvator
1228 5322 1244 5366 τ
1293 5304 1466 5368 Beati
1527 5324 1842 5388 pauperes

1946 4120 2198 4203 spiritu.
2220 4120 2561 4203 Paupertas
2592 4125 2893 4208 equidem
2926 4127 3189 4210 spiritus
3218 4137 3315 4194 est
3342 4147 3449 4194 vo-

1868 4219 1918 4284 D
1947 4217 2223 4281 luntaria
2278 4219 2645 4286 divitiarum
2704 4225 3050 4309 despecti0,
3100 4235 3450 4310 spontanea

1947 4333 2203 4399 quoque
2242 4319 2572 4400 perpessio
2610 4324 2917 4404 penurias,
2950 4334 3262 4408 quantum
3301 4327 3449 4392 fieri

1949 4421 2179 4498 potest,
2206 4423 2467 4498 propter
2487 4418 2707 4482 Deum.
2733 4421 2997 4500 Rursus,
3011 4423 3162 4507 quia
3192 4424 3449 4489 initium
3570 4446 3575 4452 ·

1948 4514 2161 4576 omnis
2192 4515 2435 4597 peccati
2466 4526 2671 4582 exstat
2699 4521 3023 4604 superbia,
3054 4531 3117 4585 et
3148 4523 3239 4588 ibi
3269 4541 3451 4608 opor-

1949 4618 2040 4675 tet
2069 4630 2407 4676 ascensum
2442 4615 2725 4699 incipere
2766 4620 2875 4683 ubi
2916 4622 3192 4685 cessavit
3230 4623 3446 4704 ruina;

1949 4709 2100 4771 hinc
2131 4727 2247 4792 per
2278 4721 2719 4792 paupertatem
2762 4716 3029 4798 spiritus
3066 4717 3273 4801 accipi
3312 4727 3448 4801 pot·

1948 4816 2045 4871 est
2110 4808 2465 4883 humilitas,
2526 4831 2669 4894 quae
2733 4821 2945 4878 tutum
3012 4825 3075 4878 et
3130 4817 3449 4900 optimum

1947 4906 2301 4988 spiritualis
2340 4907 2753 4990 perfectionis
2798 4920 2893 4975 est
2935 4913 3446 4980 fundamentum.

1951 5006 2028 5068 Et
2057 5024 2136 5068 ne
2177 5006 2323 5088 quis
2362 5025 2440 5069 ex
2478 5009 2846 5085 amissione,
2880 5010 3313 5078 subtractione
3341 5023 3453 5080 aut

1951 5106 2233 5168 carentia
2301 5107 2755 5188 temporalium
2830 5127 3068 5185 rerum,
3135 5113 3215 5175 ad
3288 5113 3449 5178 iram

1949 5210 2060 5266 aut
2089 5204 2557 5286 impatientiam
2590 5215 2941 5284 moveatur,
2981 5211 3261 5274 secunda
3304 5214 3448 5276 bea-

1951 5304 2157 5366 titudo
2204 5302 2619 5386 subjungitur
2673 5323 2687 5368 :
2738 5305 2911 5369 Beati
2964 5309 3167 5373 mites.
3219 5311 3450 5380 Mititas
3474 5333 3741 5388 Muenna.
