4300 6259
960 494 1039 540 DE
1078 492 1306 539 Lunum
1348 490 1730 540 euulsTlANAE
1769 490 2070 547 Tnltomae,
2114 490 2292 537 LIBER
2331 490 2395 536 11.
2441 508 2520 519 --
2561 490 2700 536 ΛΒΤ.
2747 491 2848 536 le

3337 470 3456 535 457

348 664 567 746 gibilis
596 665 1061 748 species.'l'unc
1090 665 1307 747 itaque
1336 682 1485 727 vere
1514 663 1573 727 ei
1604 662 1847 727 similes
1878 660 1931 725 A
1961 668 2193 745 posset.
2229 660 2332 725 Sic
2374 662 2549 725 enim
2594 680 2709 745 per
2751 680 2890 724 esse
2934 680 3123 723 suum
3163 659 3459 723 determi-

58 774 325 827 ΙΙοωιπ-ιιι,
349 764 615 839 erimus,
664 764 833 827 sicut
876 765 1148 828 Joannes
1196 764 1307 837 ait,
1359 764 1511 825 dum
1570 762 1708 845 ipsa
1755 762 1850 824 di·-

58 840 99 879 ²'
348 863 497 925 vina
538 861 816 925 essentia
856 864 978 926 erit
1020 862 1203 925 nobis
1246 866 1421 942 quod
1465 861 1739 935 videtur,
1785 868 1849 923 et
1892 852 1905 863 ’

346 981 471 1041 quo
500 961 776 1025 videtur.
810 961 913 1025 Sic
942 980 1223 1043 namque
1262 961 1381 1023 erit
1421 968 1485 1023 et
1521 960 1845 1041 obJectum

342 1067 406 1123 et
434 1059 728 1122 formalis
768 1060 929 1122 ratio
970 1059 1421 1122 intellectualis
1458 1058 1845 1140 operationis

342 1166 569 1221 creatae
599 1158 835 1221 mentis
870 1175 883 1220 :
920 1158 1463 1240 quemadmodum
1494 1165 1559 1219 et
1588 1158 1715 1219 Deo
1750 1176 1846 1219 es-

340 1256 549 1319 sentia
576 1276 713 1329 sua,
744 1262 811 1319 et
848 1256 1178 1337 obJeetum
1220 1262 1317 1318 est
1360 1263 1425 1318 et
1462 1256 1709 1337 species
1755 1262 1843 1316 at-

340 1371 465 1436 que
507 1353 691 1416 ratio.

416 1451 897 1525 Verumtamen,
940 1470 1143 1534 quum
1186 1459 1437 1514 creatus
1482 1450 1843 1514 intellectus

341 1568 457 1632 per
503 1551 787 1632 speciem
840 1568 909 1612 se
958 1550 1413 1613 informantem
1464 1550 1555 1612 rei
1598 1548 1847 1612 intelle-

342 1656 481 1721 ctae,
546 1666 659 1731 per
726 1648 1221 1711 similitudinem
1294 1654 1632 1729 cognoscat
1695 1646 1844 1709 sub-

344 1747 645 1809 stantiam
702 1745 965 1827 cogniti,
1026 1747 1197 1809 sicut
1261 1746 1535 1809 ubilibet
1598 1745 1847 1828 conspi-

1956 768 2217 823 naretur
2247 760 2314 823 in
2355 780 2424 824 se
2453 761 2593 842 ipsa
2627 778 2641 823 :
2674 760 2841 823 sicut
2880 767 2977 822 est
3016 759 3456 839 intelligentia.

2036 860 2151 922 Per
2197 859 2370 921 hunc
2421 860 2683 922 modum
2734 859 2813 921 de
2873 857 3276 939 intelligibili,
3321 875 3461 920 esse

1956 976 2220 1021 necesse
2269 964 2366 1021 est
2411 958 2722 1040 accipere.
2775 957 2939 1019 Illud
2997 956 3172 1020 enim
3231 956 3463 1019 intelli-

1954 1056 2154 1139 gibile
2197 1076 2336 1120 esse
2393 1058 2564 1139 quod
2618 1064 2716 1119 est
2767 1063 3016 1118 tantum
3061 1055 3318 1127 veritaS,
3369 1055 3461 1117 nil

1956 1154 2256 1237 prohibet
2297 1155 2478 1218 alteri
2524 1156 2692 1218 uniri
2741 1162 3046 1237 tanquam
3095 1152 3462 1235 intelligibi-

1958 1253 2085 1317 lem
2144 1254 2436 1316 formam.
2490 1253 2612 1320 Sed
2671 1252 3076 1333 intelligibile
3136 1252 3306 1335 quod
3365 1259 3468 1321 est

1956 1369 2082 1414 non
2128 1369 2243 1414 sua
2285 1350 2541 1423 verita3‚
2575 1351 2685 1413 sed
2729 1369 2977 1423 verum,
3020 1356 3085 1412 et
3127 1348 3308 1433 quasi
3355 1368 3462 1411 ve-

1956 1450 2208 1512 ritatem
2240 1448 2305 1512 in
2338 1448 2630 1529 subjecto
2659 1447 3300 1530 habenS,eopulabile
3331 1465 3458 1510 non

1955 1555 2052 1611 est
2079 1547 2264 1611 alteri
2304 1545 2660 1609 intellectui
2699 1546 2877 1609 velut
2915 1544 3337 1627 intelligibilis
3378 1544 3459 1607 si-

1957 1646 2272 1709 militudo.
2325 1645 2692 1717 Enimvero,
2742 1663 2944 1727 quum
2991 1664 3070 1707 ex
3130 1643 3459 1706 intellectu

1954 1752 2018 1807 et
2050 1743 2441 1825 intelligibili
2473 1743 2680 1806 forma
2709 1743 2799 1805 nil
2835 1762 2946 1826 per
2977 1762 3044 1805 se
3078 1762 3278 1805 unum
3313 1760 3462 1805 con-

344 1845 577 1915 cimuS,
626 1844 844 1907 divina
892 1851 1105 1907 autem
1156 1845 1451 1918 essentia,
1503 1862 1705 1926 quum
1762 1843 1845 1905 sit
1873 1841 1920 1903 B
1956 1842 2276 1915 stituatur,
2317 1843 2428 1905 sed
2479 1841 2686 1905 forma
2726 1842 2834 1904 illa
2873 1841 3170 1923 perficiat
3214 1841 3461 1903 intelle-

345 1943 409 2005 in
459 1962 529 2005 se
578 1942 960 2017 subsistens,
1012 1942 1256 2005 nullius
1306 1943 1396 2005 rei
1448 1943 1653 2005 forma
1708 1942 1845 2004 fore

342 2042 589 2120 valeat3
634 2040 908 2104 difficile
952 2040 1215 2105 forsitan
1258 2042 1531 2115 videtur,
1572 2040 1847 2123 qualiter

344 2141 513 2203 uniri
548 2141 751 2221 possit
782 2140 1105 2203 mentibus
1145 2139 1373 2203 creatis
1414 2148 1717 2222 tanquam
1751 2139 1845 2200 in-

343 2237 699 2319 telligibilis
742 2238 1011 2320 species.
1048 2238 1517 2302 consideranda
1558 2245 1655 2301 est
1695 2255 1845 2318 ergo

340 2336 633 2418 quasdam
677 2336 989 2399 habitudo
1041 2336 1208 2399 inter
1249 2355 1388 2399 esse
1440 2336 1729 2398 naturale
1780 2342 1845 2397 et

342 2434 751 2516 intelligibile
780 2453 939 2497 esse.
974 2434 1133 2497 Nam
1170 2434 1337 2497 sicut
1376 2454 1516 2497 esse
1556 2433 1845 2495 naturale

341 2532 715 2595 substantiae
754 2540 963 2614 potest
1014 2550 1155 2595 esse
1200 2532 1303 2595 vel
1355 2532 1555 2595 solius
1596 2532 1842 2605 formai,

343 2638 569 2713 utputa
628 2630 1065 2712 intelligentiae
1124 2638 1187 2693 et
1240 2632 1471 2693 animae
1517 2639 1842 2713 separatae,

342 2729 443 2791 vel
494 2728 834 2811 compositi
882 2748 961 2792 ex
1008 2729 1215 2792 forma
1266 2730 1653 2812 materiaque
1702 2746 1847 2791 con-

345 2828 569 2889 stantis
594 2844 611 2905 ;
652 2828 745 2889 sic
785 2846 925 2891 esse
969 2827 1375 2910 intelligibile
1418 2827 1519 2890 vel
1564 2827 1846 2909 simplici

342 2925 617 2999 veritati,
663 2944 806 3007 quae
854 2926 1105 2989 scilicet
1144 2934 1240 2989 est
1287 2934 1535 2988 tantum
1585 2927 1842 2999 veritaS,

1956 1948 2176 2019 ctum3
2215 1940 2366 2003 hine
2409 1959 2538 2004 non
2583 1948 2895 2023 repugnat
2937 1939 3318 2022 perfectioni
3363 1940 3459 2001 di-

1954 2039 2119 2101 vinae
2158 2038 2471 2111 essentiae,
2506 2046 2576 2100 ut
2616 2045 3024 2120 comparetur
3063 2038 3143 2100 ad
3183 2046 3456 2100 creatam

1956 2144 2240 2199 mentem
2299 2144 2604 2219 tanquam
2655 2136 2716 2199 id
2780 2153 2908 2218 quo
2959 2134 3035 2197 fit
3085 2135 3452 2198 intellectio.

1954 2234 2077 2298 Sed
2120 2253 2324 2317 quum
2361 2253 2502 2297 esse
2547 2233 2834 2297 naturale
2879 2234 3062 2297 alteri
3107 2232 3460 2296 formaliter

1955 2334 2211 2396 unitum
2283 2352 2394 2396 seu
2465 2333 2814 2397 intrinsece
2884 2332 3455 2406 communicatum,

1954 2451 2149 2495 unam
2213 2440 2504 2495 naturam
2567 2433 2933 2505 constituat,
2997 2432 3161 2494 Deus
3221 2438 3456 2505 autem,

1954 2531 2123 2593 sicut
2154 2531 2345 2613 paulo
2375 2537 2522 2593 ante
2562 2530 3138 2603 demonstrabatur,
3172 2529 3334 2592 nulli
3367 2530 3458 2591 sic

1956 2629 2258 2710 conjungi
2303 2637 2511 2710 potest
2558 2636 2628 2691 ut
2674 2648 2800 2691 una
2842 2648 2918 2691 ex
2975 2628 3114 2711 ipso
3156 2636 3220 2691 et
3259 2628 3459 2690 altero

1953 2736 2180 2789 natura
2229 2727 2535 2805 resultet3
2587 2727 2738 2789 hinc
2797 2727 3164 2790 omnimode
3223 2726 3457 2789 divinae

1954 2825 2384 2889 subsistentia)
2413 2826 3136 2907 derogaret,secundum
3169 2824 3457 2887 naturale

1954 2943 2093 2987 esse
2130 2924 2322 2987 alicui
2363 2923 2668 3006 copulari.
2705 2924 3156 2987 Verumtamen
3197 2940 3326 2985 non
3365 2924 3457 2984 sic

342 3024 441 3087 vel
472 3040 650 3098 vero,
683 3024 851 3107 quod
886 3042 1011 3087 non
1052 3031 1150 3087 est
1187 3044 1346 3106 pura
1384 3026 1640 3097 veritas,
1674 3042 1843 3087 com·
1876 3026 1921 3092 C
1956 3031 2182 3086 creatae
2223 3023 2420 3085 menti
2453 3023 2669 3085 divina
2711 3022 2987 3085 essentia
3017 3028 3318 3104 tanquam
3365 3021 3457 3084 in-

340 3130 559 3205 petere
608 3130 833 3205 potest.
888 3123 1065 3186 Sicut
1111 3142 1390 3205 namque
1450 3124 1622 3186 solus
1680 3124 1845 3186 Deus
1955 3121 2313 3203 telligibilis
2345 3122 2544 3184 forma
2583 3122 2825 3194 unitur,
2860 3129 2930 3182 ut
2971 3127 3228 3203 putetur
3266 3120 3458 3183 inhae-

339 3228 435 3284 est
480 3222 695 3303 ipsum
741 3240 929 3283 suum
974 3240 1136 3295 esse,
1170 3221 1444 3303 simplex
1484 3239 1745 3303 prorsus
1783 3229 1847 3284 et
1956 3240 2103 3283 rens
2143 3228 2255 3283 aut
2285 3219 2638 3282 informans
2673 3237 2686 3281 ε
2721 3237 2976 3301 semper
3003 3218 3177 3281 enim
3219 3218 3458 3281 incom-

340 3321 599 3402 penitus
644 3338 903 3401 purum,
935 3320 1027 3382 sic
1072 3320 1209 3401 ipse
1252 3320 1425 3383 solus
1464 3327 1560 3383 est
1599 3328 1844 3382 tantum

338 3417 597 3482 veritas.
634 3418 703 3479 ln
732 3418 904 3481 omni
934 3424 1149 3481 autem
1182 3436 1249 3480 re
1290 3425 1520 3491 creata,
1554 3426 1651 3481 est
1680 3437 1847 3502 quae-

338 3518 485 3579 dam
548 3516 950 3597 compositio,
1004 3524 1075 3578 ut
1131 3515 1501 3598 frequenter
1546 3524 1691 3579 ante
1744 3535 1846 3600 pa-

338 3616 463 3677 tuit
508 3632 523 3677 :
574 3613 845 3696 ideoque
892 3614 1168 3677 essentia
1214 3622 1445 3688 creata,
1492 3623 1589 3677 est
1636 3616 1844 3697 potius

338 3714 495 3795 quid
540 3731 767 3775 verum
812 3732 1003 3795 quam
1046 3714 1299 3775 veritas.
1337 3713 1516 3775 Sicut
1556 3721 1619 3775 et
1655 3731 1845 3776 omne

338 3819 652 3883 creatum,
671 3828 801 3874 non
831 3810 1089 3893 proprie
1118 3819 1216 3873 est
1246 3812 1601 3885 unitaS‚sed
1634 3812 1846 3893 potius

340 3928 570 3982 unum,
615 3910 747 3972 imo
785 3910 1117 3992 potissime
1162 3910 1315 3992 quid
1362 3911 1613 3972 unitum
1652 3928 1665 3973 :
1700 3928 1847 3973 con-

339 4016 463 4073 stat
492 4026 731 4091 nempe
775 4028 853 4071 ex
900 4009 1181 4090 potentia
1224 4016 1289 4071 et
1330 4018 1497 4082 actu,
1532 4028 1644 4072 seu
1678 4013 1851 4089 quod

338 4120 429 4169 est
460 4115 528 4171 et
558 4128 684 4187 quo
712 4116 829 4177 est,
863 4125 1071 4190 neque
1102 4106 1583 4169 identificantur
1613 4108 1679 4170 in
1712 4109 1851 4191 ipso

1955 3319 2474 3401 mutabiliterque
2495 3325 2860 3401 perseverat
2889 3317 2954 3378 in
2980 3336 3048 3380 se
3079 3316 3458 3379 subsistens.

2351 3582 2840 3648 ARTICULUS
2886 3582 3066 3646 LIX.

2082 3727 2269 3795 Quod
2313 3726 2504 3783 nulla
2547 3741 2726 3781 mens
2771 3730 2994 3781 creata
3041 3722 3342 3782 divinam

2257 3814 2600 3873 essentiam
2640 3812 3158 3887 comprehendat.

2106 4010 2392 4074 UAMVIS
2460 4007 2738 4090 denique
2809 4009 3162 4071 secundum
3235 4009 3460 4090 praein-

1966 4008 2097 4209 Q
2132 4110 2344 4181 ducta,
2395 4126 2510 4190 per
2558 4106 2852 4169 eamdem
2912 4107 3200 4188 speciem
3258 4106 3461 4169 incre-

339 4206 623 4271 essentia
664 4214 729 4269 et
771 4224 931 4269 esse.
982 4206 1085 4268 Sic
1132 4206 1327 4286 igitur
1372 4225 1511 4269 esse
1561 4208 1848 4270 naturale
1881 4210 1931 4273 D
1961 4217 2100 4272 atus
2133 4207 2498 4270 intellectus
2535 4213 2599 4268 et
2636 4212 2861 4267 creatae
2901 4212 3146 4267 mentes
3177 4204 3458 4267 divinam

340 4306 715 4369 substantiae
794 4304 1185 4385 compositas,
1254 4304 1413 4367 nulli
1496 4305 1851 4369 formaliter

342 4402 809 4468 communicari
858 4409 1090 4484 potest,
1138 4422 1347 4485 neque
1397 4412 1466 4465 ut
1513 4404 1717 4467 forma
1764 4406 1849 4467 al-

342 4502 467 4565 teri
500 4502 671 4563 uniri
707 4518 720 4562 :
754 4518 831 4564 eo
870 4502 1041 4583 quod
1082 4520 1197 4583 per
1236 4503 1563 4565 materiam
1596 4504 1680 4566 sit
1710 4522 1848 4567 esse

340 4620 379 4663 a
426 4600 633 4662 forma
680 4598 895 4661 fluens
942 4598 1437 4662 determinatum
1488 4608 1552 4663 et
1601 4610 1846 4665 contra-

340 4706 543 4761 ctum.
596 4696 963 4760 Substantia
1016 4704 1233 4759 autem
1292 4715 1433 4778 quae
1492 4707 1588 4761 est
1641 4700 1847 4764 forma

336 4804 596 4860 tantum
646 4802 709 4858 et
754 4794 817 4856 in
864 4813 931 4857 se
976 4794 1291 4869 subsistit,
1333 4795 1513 4858 alteri
1560 4816 1847 4861 commu-

334 4894 547 4958 nicari
580 4900 807 4976 potest,
839 4898 905 4954 et
932 4891 1073 4971 ejus
1109 4910 1251 4955 esse
1294 4893 1571 4957 materiae
1601 4896 1847 4961 unibile

332 5001 438 5057 est
491 5010 507 5054 ε
558 4989 1103 5074 quemadmodum
1161 4991 1241 5053 de
1298 4991 1510 5054 anima
1558 5003 1848 5076 separata

334 5093 591 5155 clarum
620 5098 735 5153 est.
771 5088 894 5151 Sed
925 5088 979 5151 si
1010 5088 1215 5151 forma
1246 5088 1387 5151 talis
1420 5108 1495 5151 ex
1539 5091 1675 5174 ipsa
1714 5113 1845 5159 suae

332 5189 584 5273 speciei
616 5194 842 5249 natura
869 5194 1037 5249 esset
1066 5194 1353 5269 separata
1382 5196 1445 5251 et
1479 5189 1539 5251 in
1573 5210 1641 5253 se
1671 5199 1843 5256 stans

330 5287 741 5359 naturaliter,
792 5283 1147 5348 formaliter
1193 5287 1656 5351 communicari
1714 5309 1841 5354 non

1960 4306 2304 4370 essentiam
2363 4310 2728 4385 agnoscant,
2793 4322 2922 4366 non
2986 4310 3201 4366 tamen
3267 4304 3462 4365 creati

1962 4406 2323 4469 intellectus
2376 4404 2518 4466 ideo
2566 4402 2850 4465 divinam
2903 4403 3246 4465 essentiam
3297 4420 3464 4465 com-

1961 4501 2942 4587 prehendunt,quemadmodum
2975 4520 3157 4563 mens
3187 4501 3294 4564 illa
3324 4521 3464 4584 quae

1961 4622 2156 4686 super
2186 4620 2444 4665 omnem
2479 4607 2756 4662 mentem
2790 4607 2904 4661 est.
2939 4599 3033 4661 Ad
3065 4599 3184 4661 hoc
3221 4600 3461 4682 quippe

1961 4702 2131 4786 quod
2201 4700 2526 4780 objectum
2592 4717 2629 4760 a
2707 4696 2956 4759 duobus
3028 4697 3462 4760 intellectibus

1959 4818 2140 4882 aeque
2207 4798 2496 4859 lucenter
2562 4794 3053 4875 contempletur,
3115 4796 3463 4876 requiritur

1960 4914 2316 4979 coaequaeva
2344 4893 2744 4974 intelligendi
2786 4899 3087 4974 potestaS,
3121 4912 3234 4956 seu
3276 4894 3459 4958 intel-

1959 4997 2204 5060 lectivae
2248 4993 2547 5076 potentiae
2589 4990 2940 5054 conformis
2983 4992 3188 5054 virtus
3231 5000 3294 5055 et
3335 4994 3457 5056 cla-

1956 5096 2109 5157 ritas
2141 5094 2206 5155 in
2239 5100 2529 5173 utroque.
2563 5089 2719 5153 Nam
2753 5089 2921 5151 sicut
2953 5107 3138 5172 posse
3169 5092 3459 5174 sequitur

1955 5194 2031 5255 ad
2077 5210 2239 5265 esse,
2273 5189 2363 5253 sic
2393 5206 2580 5271 agere
2623 5187 2914 5270 sequitur
2955 5188 3032 5249 ad
3067 5205 3274 5270 posse.
3311 5190 3455 5251 Elu-

1954 5290 2153 5355 cescit
2180 5297 2395 5352 autem
2426 5306 2504 5351 ex
2534 5285 3130 5371 praedeterminatiS,
3160 5287 3452 5352 divinum
