4300 6259
589 1381 763 1425 propos.
774 1381 855 1413 avr.

582 3431 693 3488 Sap.
708 3445 766 3485 xi,
778 3435 826 3477 2¹
835 3465 847 3478 .

570 4121 689 4166 thid.
705 4126 770 4175 m,
782 4127 846 4178 ιε,

560 4188 703 4238 παι.

888 471 1007 538 162

1411 491 1836 538 nmmum
1874 489 2272 540 mmmmm.
2320 510 2401 522 —
2441 492 2520 539 DE
2561 489 2982 540 Pnonucrlorm
3019 493 3230 540 nunu!
3269 494 3312 541 A
3355 494 3473 544 nm

888 661 1161 726 mobiles
1193 661 1409 736 coelos,
1442 669 1506 724 et
1534 661 1768 727 coelum
1800 680 2201 746 empyreum,
2220 662 2390 744 quod
2419 661 2473 726 Α
2499 669 2702 724 teram
2751 661 2994 744 prolata
3041 663 3173 726 sint
3215 664 3297 726 ad
3343 663 3802 745 assignandum
3851 680 3994 726 cau-

888 769 987 824 est
1027 768 1233 824 totum
1280 761 1671 824 luminosum
1717 780 1790 824 ac
1836 761 2180 834 uniforme,
2213 779 2286 823 ac
2335 760 2387 823 si

885 867 1092 923 totum
1135 859 1617 921 firmamentum
1659 866 1827 922 esset
1865 867 1995 922 tam
2036 859 2280 921 clarum
2326 865 2391 921 et

886 957 1295 1041 splendidum
1370 956 1538 1020 sicut
1607 956 2042 1038 pulcherrima
2101 965 2167 1018 et
2228 957 2389 1019 radi-

886 1055 1217 1120 antissima
1262 1055 1405 1136 ejus
1448 1055 1649 1118 stella.
1697 1054 1829 1119 Sub
1871 1056 1971 1118 his
2016 1054 2197 1118 coelis
2241 1061 2390 1116 sunt

885 1161 1133 1236 septem
1165 1153 1311 1217 coeli
1343 1153 1741 1236 planetarum
1785 1171 1799 1216 :
1838 1171 2111 1236 quorum
2166 1152 2388 1234 utique

886 1252 1285 1336 planetarum
1317 1251 1585 1316 cuilibet
1614 1252 1875 1335 quidam
1906 1259 2035 1314 tres
2074 1251 2263 1314 orbes
2299 1258 2388 1313 at-

883 1349 1199 1423 tribuunt,
1218 1356 1290 1411 ut
1318 1349 1385 1410 in
1408 1348 1913 1432 Elementatg'one
1945 1348 2388 1431 philosophica

883 1455 981 1512 est
1007 1466 1402 1531 expressum.
1427 1447 1667 1511 Deinde
1697 1455 2151 1530 computantur
2179 1447 2386 1508 adhuc

881 1545 1082 1628 aliqui
1126 1545 1295 1618 coeli,
1329 1545 1395 1606 in
1440 1553 1752 1626 quantum
1796 1545 2218 1627 proprietates
2261 1561 2385 1606 coe-

882 1643 1140 1707 lestium
1186 1643 1443 1706 orbium
1493 1642 1559 1704 in
1608 1641 1946 1704 altitudine
1995 1643 2157 1704 situs
2206 1639 2386 1704 clari-

879 1749 1134 1823 tateque
1192 1739 1378 1814 luciS,
1440 1739 1809 1802 causalitate
1868 1747 1977 1802 aut
2035 1740 2385 1823 capacitate

2499 779 2636 822 sam
2679 777 2796 822 cur
2845 760 3013 823 Deus
3064 761 3493 844 omnipotens,
3534 761 3748 842 justus
3799 768 3867 824 et
3905 779 3994 822 sa·

2500 858 2704 939 pienS,
2737 858 3015 941 plagavit
3055 860 3380 942 AEgyptios
3423 878 3540 944 per
3573 859 3882 922 animalia
3923 857 3996 920 is·

2497 964 2561 1019 ta
2605 956 2853 1019 minuta
2895 963 2960 1019 et
3003 957 3263 1021 infirma
3305 977 3380 1022 ac
3419 958 3596 1032 vilia,
3639 966 3711 1020 ut
3753 957 4000 1020 scilicet

2497 1053 2806 1137 AEgyptiis
2850 1054 3172 1137 infligeret
3213 1074 3434 1139 poenas
3475 1057 3834 1119 secundum
3873 1054 4000 1118 exi·

2496 1151 2777 1231 gentiam
2809 1151 3146 1234 culparum
3177 1171 3401 1216 eorum
3427 1171 3442 1216 :
3468 1153 3557 1215 ita
3582 1153 3754 1235 quod
3785 1151 4002 1216 omnia

2497 1248 2933 1331 AEgyptiorum
2962 1257 3278 1313 tormenta
3306 1250 3624 1334 disposuit
3655 1248 4004 1313 ministerio

2497 1347 2890 1428 angelorum,
2925 1347 2989 1409 in
3035 1367 3352 1423 mensura,
3399 1349 3465 1411 id
3505 1357 3603 1412 est
3645 1356 3819 1410 certa
3863 1365 4002 1430 pro—

2497 1445 2808 1527 portione,
2863 1451 2932 1507 ut
2988 1462 3116 1528 quo
3175 1447 3420 1527 majora
3476 1454 3659 1510 erant
3713 1453 3995 1529 peccata,

2495 1561 2571 1606 eo
2629 1551 2693 1605 et
2748 1543 3067 1625 supplicia
3121 1551 3336 1607 essent
3391 1544 3760 1624 acerbiora3
3811 1552 3878 1608 et
3933 1545 3996 1606 in

2496 1659 2785 1715 numere,
2821 1641 2882 1704 id
2929 1648 3025 1705 θεῖ
3069 1650 3240 1705 certa
3286 1644 3721 1716 multitudine,
3754 1651 3829 1706 ut
3871 1661 3996 1705 me-

2495 1739 2753 1801 rebatur
2781 1741 3204 1802 numerositas
3234 1740 3462 1823 culpae,
3485 1740 3792 1823 quoniam
3824 1741 3996 1803 nulla

878 1838 1303 1922 participant:
1337 1854 1497 1919 quos
1525 1837 1727 1920 aliqui
1754 1845 2047 1900 asserunt
2076 1856 2216 1900 esse
2247 1857 2381 1912 sex,
2419 1843 2466 1906 B
2495 1837 2686 1918 culpa
2716 1844 3044 1920 permanet
3073 1838 3417 1921 impunita3
3437 1846 3630 1920 atque
3661 1839 3728 1900 in
3761 1839 3996 1921 ponde·

876 1936 1233 1999 secundum
1274 1935 1444 2018 quod
1486 1936 1609 1998 tria
1660 1943 1989 2018 ponuntur
2041 1935 2384 1999 interstitia

878 2034 1066 2115 igniS,
1089 2041 1154 2097 et
1184 2034 1306 2095 tria
1337 2033 1677 2096 interstitia
1704 2034 2143 2116 aeris;sicque
2172 2034 2383 2116 expri-

878 2139 1145 2194 muntur
1182 2131 1417 2195 coelum
1455 2132 1724 2204 aerium,
1768 2131 2140 2207 aethereum,
2183 2131 2384 2214 olym-

880 2228 1084 2311 pium,
1116 2236 1238 2290 etc.
1273 2228 1507 2292 Omnes
1538 2229 1606 2291 hi
1636 2230 1782 2293 coeli
1814 2228 2111 2292 ambiunt
2148 2249 2380 2312 aquam

880 2334 945 2390 et
984 2334 1241 2390 terram.

1236 2535 1756 2602 PROPOSITIO
1801 2536 2019 2601 LXII.

957 2721 1475 2802 Omnipotens
1539 2721 1749 2786 Deus
1826 2720 1913 2785 in
1982 2733 2378 2802 mensura,

873 2834 1205 2887 numero
1243 2820 1326 2886 et
1367 2819 1709 2900 pondere
1758 2818 2182 2884 constituit
2217 2820 2381 2883 um-

878 2932 1133 2985 Versa.

2493 1953 2583 2009 re,
2617 1935 2680 1997 id
2710 1943 2808 1998 est
2835 1935 3142 2016 gravitate
3180 1937 3480 2000 vindictae
3518 1954 3533 1998 :
3570 1955 3716 1998 nam
3759 1945 3997 2019 quanto

2493 2033 2637 2116 quis
2686 2041 2909 2116 peccat
2955 2053 3032 2096 ex
3081 2035 3311 2115 majori
3360 2033 3628 2098 libidine
3679 2042 3743 2098 et
3795 2037 3996 2098 inten-

2493 2132 2646 2194 siori
2697 2131 2960 2207 affectu,
3008 2150 3084 2195 eo
3124 2133 3476 2197 acutiorem
3521 2140 3587 2195 et
3629 2132 3994 2197 intolerabi-

2493 2228 2720 2293 liorem
2751 2239 3033 2292 meretur
3061 2232 3490 2314 sortieturque
3521 2232 3861 2296 ultionem.

2569 2329 2875 2392 Praeterea
2902 2329 3099 2392 verba
3127 2329 3247 2392 ista
3275 2348 3392 2412 per
3431 2349 3499 2394 se
3539 2338 3820 2413 sumpta,
3855 2347 3992 2413 pro-

2491 2425 2754 2489 fundius
2809 2446 2883 2489 ac
2949 2427 3376 2510 multiplicius
3433 2436 3680 2511 queunt
3731 2429 3989 2512 exponi.

2493 2521 2719 2585 Omnia
2746 2541 3026 2605 namque
3055 2530 3267 2587 creata
3303 2523 3498 2586 simul
3535 2532 3819 2606 sumpta,
3851 2541 3995 2587 con-

2493 2619 2712 2682 stituta
2769 2629 2919 2683 sunt
2976 2622 3042 2683 in
3104 2639 3423 2696 mensura,
3485 2622 3550 2684 id
3607 2630 3726 2696 est,
3788 2630 3992 2687 totum

2491 2717 2866 2781 universum
2895 2718 3137 2782 factum
3166 2727 3264 2782 est
3301 2720 3366 2782 in
3406 2721 3712 2803 dignitate
3749 2729 3820 2784 et
3857 2740 3993 2785 esse

2492 2815 2819 2898 specifico,
2867 2817 2934 2879 in
2977 2817 3352 2899 quantitate,
3400 2819 3706 2900 qualitate
3759 2838 3838 2882 ac
3885 2837 3992 2902 po-

2491 2920 2716 2976 testate
2773 2913 3059 2989 finitum,
3107 2933 3183 2976 ac
3242 2916 3434 2978 certis
3497 2915 3815 2980 limitibus
3874 2926 3995 2979 ter-

955 3015 1132 3090 Quod
1190 3021 1307 3090 est,
1367 3014 1519 3096 quia
1574 3032 1692 3077 nec
1760 3013 2198 3088 multitudine,
2260 3032 2380 3076 nec
2418 3017 2463 3081 C
2493 3011 2803 3075 minatum
2828 3030 2845 3091 ;
2895 3012 2962 3075 in
3018 3031 3288 3076 numero
3345 3031 3626 3096 quoque,
3686 3016 3992 3097 quoniam

877 3113 1334 3195 magnitudine,
1367 3131 1487 3175 nec
1517 3112 1731 3176 valore
1758 3121 1871 3174 aut
1910 3112 2242 3194 dignitate,
2277 3131 2382 3175 ne·

876 3231 1003 3296 que
1032 3211 1403 3276 aeternitatis
1439 3210 1773 3274 duratione
1811 3211 2055 3291 aliquid
2094 3218 2375 3274 creatum

877 3318 973 3374 est
1020 3310 1401 3394 simpliciter
1449 3308 1800 3371 infinitum.

956 3410 1148 3473 Porro
1188 3407 1541 3491 propositio
1572 3407 1711 3481 ista,
1745 3406 2084 3490 Sapientiae
2116 3407 2377 3470 undeci-

876 3526 983 3571 mo
1012 3508 1249 3591 scripta
1278 3515 1376 3571 est
1400 3525 1414 3570 :
1440 3508 1581 3570 ideo
1609 3507 1689 3569 ad
1720 3506 2209 3587 intelligentiam
2235 3507 2376 3587 ejus

874 3606 1420 3669 fundamentalem
1464 3623 1539 3667 ac
1584 3604 1947 3678 litteralem,
1982 3603 2230 3667 confert
2269 3605 2375 3667 ad-

874 3713 1123 3770 vertere
1172 3704 1447 3786 qualiter
1499 3711 1562 3767 et
1613 3703 1690 3765 ad
1745 3702 1900 3784 quid
1947 3703 2036 3765 ibi
2090 3703 2376 3767 introdu-

875 3812 1073 3868 catur.
1130 3803 1228 3865 Fit
1277 3801 1580 3884 equidem
1636 3801 1726 3863 ibi
1786 3801 2063 3864 narratio
2102 3801 2379 3883 qualiter

875 3904 1042 3966 Deus
1074 3901 1331 3985 punivit
1358 3900 1684 3984 AEgyptios
1729 3906 1992 3981 propter
2030 3917 2253 3963 eorum
2289 3901 2378 3963 fa·

875 4001 1094 4065 cinora
1133 4001 1198 4062 in
1238 3999 1413 4062 filios
1442 3998 1633 4061 Israel
1666 4005 2072 4081 perpetrata3
2103 4005 2170 4059 et
2211 3998 2378 4060 inter

876 4107 1086 4163 cetera
1131 4105 1353 4161 auctor
1402 4095 1550 4158 libri
1602 4097 1883 4178 loquitur
1930 4097 2057 4159 Deo
2101 4113 2115 4158 :
2163 4097 2376 4158 Immi-

2492 3128 2762 3174 numero
2805 3129 3008 3173 unum
3051 3119 3170 3185 est,
3216 3130 3346 3175 non
3395 3112 3598 3175 multa
3641 3131 3761 3176 nec
3813 3113 3995 3176 innu-

2492 3208 2846 3284 merabilia,
2894 3217 2967 3272 ut
3023 3210 3286 3291 quidam
3345 3210 3711 3294 philosophi
3769 3213 3994 3294 imagi-

2489 3310 2620 3372 nati
2651 3317 2840 3388 sunt3
2875 3317 2939 3371 et
2968 3310 3120 3372 item
3162 3310 3228 3372 in
3269 3311 3574 3393 pondere,
3607 3328 3736 3392 quo
3772 3313 3993 3376 omnia

2489 3408 2761 3470 tendunt
2801 3408 2880 3471 ad
2924 3415 3239 3482 centrum,
3274 3416 3338 3470 et
3381 3409 3447 3471 in
3492 3410 3766 3473 naturali
3815 3411 3993 3474 incli-

2489 3507 2744 3569 natione
2787 3506 2864 3569 ad
2909 3506 3242 3589 proprium
3279 3507 3502 3570 finem.
3533 3509 3826 3592 Insuper,
3860 3527 3990 3572 om·

2489 3607 2595 3668 nia
2632 3605 2960 3686 sigillatim
3006 3623 3080 3667 ac
3129 3605 3389 3668 divisim
3433 3615 3715 3688 accepta,
3758 3607 3993 3671 consti-

2486 3712 2622 3767 tuta
2678 3710 2826 3766 sunt
2885 3704 2950 3766 in
3019 3722 3342 3779 mensura,
3403 3705 3467 3767 id
3535 3713 3655 3780 est,
3718 3704 3784 3768 in
3854 3724 3994 3770 csse

2488 3801 2780 3876 limitatO,
2815 3808 2878 3864 et
2921 3809 3147 3864 natura
3188 3802 3266 3864 ad
3309 3810 3558 3864 certum
3606 3821 3810 3884 genus
3854 3823 3988 3887 spe-

2487 3901 2782 3981 ciemque
2839 3907 3202 3978 contracta3
3261 3900 3326 3962 in
3384 3919 3654 3964 numero
3709 3919 3991 3985 quoque,

2487 3997 2639 4080 quia
2699 3997 2763 4059 in
2820 4013 3208 4079 unoquoque
3266 4005 3413 4060 ente
3463 3998 3854 4062 subsistente
3898 4007 3996 4062 est

2488 4095 2929 4177 multiplicitas
2979 4095 3214 4176 aliqua,
3263 4105 3451 4177 puta,
3480 4115 3643 4171 esse,
3695 4114 3886 4180 posse
3933 4105 3996 4161 et

875 4199 1015 4261 sisti
1036 4197 1187 4270 illis,
1209 4203 1363 4278 puta
1380 4195 1709 4277 AEgyptiis,
1731 4195 2208 4257 multitudinem
2243 4214 2378 4257 mu·
2407 4201 2456 4262 D
2487 4213 2693 4276 agere,
2728 4193 2994 4256 materia
3035 4200 3100 4255 et
3141 4192 3370 4268 forma,
3404 4212 3517 4257 seu
3561 4203 3740 4258 actus
3777 4203 3846 4258 et
3885 4213 3994 4278 po·

874 4303 1087 4360 torum
1128 4293 1528 4365 animalium,
1572 4292 1636 4353 id
1684 4299 1782 4354 est
1825 4292 2220 4355 minutorum
2261 4313 2374 4355 seu

872 4411 1214 4477 parvorum
1278 4390 1638 4464 brutorum,
1693 4390 1759 4452 in
1809 4391 2159 4453 vindictam
2213 4410 2227 4453 :
2280 4392 2374 4454 vi-

868 4491 1123 4564 delicet,
1166 4488 1452 4563 scinifeS,
1495 4506 1701 4562 ranaS,
1748 4506 2022 4564 muscas,
2069 4488 2371 4564 bruchOS,

867 4590 1163 4664 locustas,
1222 4595 1415 4669 atque
1466 4592 1537 4648 ut
1591 4586 1905 4668 Iosephus
1952 4586 2148 4661 addit,
2201 4588 2375 4669 pedi-

867 4688 1067 4753 culos,
1118 4687 1256 4750 Non
1298 4685 1471 4748 enim
1514 4684 1959 4766 impossibiliS‚
2003 4685 2065 4748 id
2115 4694 2214 4749 est
2257 4685 2374 4747 im-

864 4797 1115 4873 potenS,
1157 4792 1293 4849 erat
1340 4783 1745 4865 omnipotens
1800 4802 2025 4846 manus
2072 4791 2203 4858 tua,
2256 4785 2372 4846 im-

868 4887 1123 4950 mittere
1174 4884 1301 4947 illis
1354 4881 1834 4945 multitudinem
1894 4899 2212 4957 ursorum,
2263 4892 2376 4945 aut

864 4986 1137 5048 audaces
1182 4983 1419 5056 leoneS,
1467 4987 1578 5042 aut
1626 4981 1773 5042 novi
1822 4980 2075 5061 generis
2128 4981 2374 5060 ignotas

868 5084 1104 5147 bestias
1136 5083 1229 5144 ira
1259 5081 1502 5163 plenas,
1527 5087 1646 5142 etc.
1670 5097 1685 5156 3
1710 5079 1819 5142 sed
1850 5079 2067 5142 omnia
2098 5079 2162 5139 in
2195 5099 2372 5143 men-

872 5201 1041 5258 sura,
1083 5196 1353 5242 numero
1396 5185 1460 5240 et
1502 5178 1783 5260 pondere
1830 5176 2236 5239 constituisti.
2281 5178 2373 5241 Ex

872 5279 1109 5366 quibus
1162 5277 1438 5350 videtur,
1489 5276 1658 5358 quod
1716 5274 1911 5338 verba
1968 5276 2084 5337 ista
2140 5275 2218 5338 ad
2270 5276 2370 5338 lit-

2488 4292 2706 4367 tentia,
2740 4299 2851 4353 aut
2879 4295 3053 4370 quod
3081 4301 3174 4351 est
3204 4298 3269 4353 et
3297 4313 3423 4372 quo
3453 4303 3546 4353 est
3563 4315 3592 4363 ,⁰
3619 4300 3685 4356 et
3725 4293 3788 4356 in
3835 4312 3990 4376 pon-

2486 4389 2656 4463 dere,
2719 4388 2781 4450 id
2841 4395 2937 4450 est
2996 4388 3409 4452 inclinatione
3465 4390 3546 4452 ad
3601 4389 3802 4453 finem
3863 4390 3988 4455 sibi

2485 4487 2972 4550 convenientem
3002 4504 3016 4548 :
3051 4493 3312 4569 propter
3340 4489 3511 4570 quod
3541 4489 3866 4572 Sapientia
3897 4491 3989 4553 in-

2485 4593 2695 4648 creata
2741 4584 3117 4668 perhibetur
3161 4585 3472 4667 attingere
3517 4605 3556 4648 a
3603 4587 3736 4650 fine
3777 4606 3985 4671 usque
4011 4611 4226 4667 smmi.

2483 4684 2562 4746 ad
2591 4683 2792 4746 finem
2825 4682 3094 4756 fortiter,
3118 4691 3183 4745 et
3212 4683 3553 4765 disponere
3583 4694 3813 4748 cuncta
3843 4705 3986 4750 sua-

2483 4783 2668 4844 viter.
2704 4816 2782 4827 —
2812 4780 3102 4863 Denique
3141 4781 3243 4844 his
3289 4783 3630 4846 concordat
3661 4784 3832 4866 quod
3863 4785 3987 4846 Au-

2481 4880 2776 4959 gustinus
2830 4878 3135 4954 affirmat,
3196 4880 3413 4942 omnia
3479 4898 3618 4943 esse
3684 4881 3856 4944 facta
3921 4882 3988 4944 in

2485 4978 2693 5052 mod0,
2737 4977 2950 5059 specie
2994 4985 3057 5039 et
3099 4977 3370 5040 ordine:
3414 4997 3529 5060 per
3571 4980 3836 5042 modum
3882 4981 3987 5042 de-

2484 5077 2742 5158 signans
2789 5093 3200 5156 mensuram3
3247 5094 3360 5158 per
3403 5077 3708 5159 speciem,
3763 5097 3988 5142 nume-

2487 5194 2652 5250 rum,
2703 5175 2855 5257 quia
2913 5175 3160 5257 species
3220 5193 3435 5238 rerum
3495 5194 3564 5239 se
3619 5176 3856 5240 habent
3917 5184 3988 5240 ut

2486 5275 2781 5354 numeri;
2832 5292 2949 5356 per
3002 5275 3316 5348 ordinem,
3365 5274 3636 5358 pondus.
3688 5276 3782 5338 Ad
3841 5295 3986 5360 quae
