4300 6259
1051 490 1476 539 uenturum
1515 490 1974 537 Primos-omum.
2019 508 2100 519 -
2142 490 2222 537 DF}
2265 490 2461 537 ANmA
2504 492 2831 540 nArloNAu
3410 474 3485 539 6¹

384 668 600 725 menta
651 661 858 725 multo
905 661 1273 727 efficaciora
1323 679 1338 724 ε
1389 662 1540 745 quia
1584 662 1664 725 ad
1713 661 1882 723 istud
1911 660 1964 725 A
1995 660 2211 726 Causae
2252 668 2577 725 moventes
2618 663 3025 745 praecedunt3
3056 663 3347 745 quaedam
3385 682 3491 726 ve-

379 760 786 842 probandum
817 760 1032 823 valent
1069 761 1286 823 omnia
1321 760 1560 842 quibus
1590 760 1753 821 fides
1783 778 1882 821 ca·

377 858 620 922 tholica
664 859 1026 923 ostenditur
1070 878 1210 922 esse
1254 879 1291 922 a
1334 859 1485 933 Deo,
1539 866 1604 921 et
1643 876 1880 922 novum

374 976 448 1019 ac
499 966 686 1020 vetus
735 958 1210 1021 Testamentum
1261 958 1539 1040 desuper
1589 976 1728 1021 esse
1777 958 1880 1019 da-

373 1064 512 1117 tum
545 1074 620 1118 ac
649 1054 1280 1119 confirmatum.lmo
1307 1055 1440 1136 jam
1473 1063 1585 1129 tot,
1620 1056 1684 1117 in
1717 1072 1882 1119 novo

369 1154 708 1235 ’praecipue
763 1154 1190 1227 Testamento‚
1243 1161 1392 1217 sunt
1448 1173 1485 1216 a
1533 1161 1736 1217 morte
1785 1171 1878 1216 re·

373 1250 690 1325 suscitati,
733 1260 806 1314 ut
851 1252 1040 1315 modo
1083 1270 1212 1315 non
1254 1254 1338 1315 sit
1379 1253 1458 1314 de
1503 1251 1730 1315 horum
1777 1270 1880 1314 ve·

375 1348 564 1412 ritate
607 1350 1093 1431 ambigendum.

691 1561 1212 1628 PROPOSITIO
1256 1561 1564 1626 XLVIII.

447 1746 800 1813 Difficile
829 1749 955 1813 est
980 1760 1172 1813 vere
1208 1748 1654 1828 exprimere
1683 1748 1872 1828 quid

1993 777 2064 822 ro
2120 768 2271 823 sunt
2328 760 2521 823 simul
2572 778 2589 823 ι
2644 768 2713 824 ut
2769 762 2822 825 si
2873 762 3067 824 homo
3122 769 3222 824 est
3274 780 3489 836 sanuS‚

1991 858 2185 921 simul
2226 867 2379 921 sunt
2424 859 2617 923 homo
2664 868 2729 923 et
2770 860 3007 923 sanitas
3050 860 3215 941 ejuS,
3248 859 3368 922 hoc
3398 867 3495 923 est

1991 975 2183 1020 causa
2222 958 2571 1021 materialis
2608 966 2799 1041 atque
2842 958 3149 1021 formalis,
3185 958 3247 1021 Si
3280 966 3491 1021 autem

1987 1054 2233 1137 aliquid
2276 1063 2561 1119 remanet
2602 1057 2941 1139 posterius,
2986 1057 3439 1140 inquirendum
3478 1074 3491 1120 :

1991 1152 2054 1215 in
2086 1154 2411 1235 aliquibus
2442 1173 2719 1237 namque
2750 1154 2839 1217 nil
2872 1154 3189 1237 prohibet,
3216 1163 3287 1217 ut
3316 1154 3368 1218 si
3400 1164 3495 1219 est

1987 1252 2201 1314 anima
2235 1252 2402 1327 talis,
2438 1270 2563 1315 non
2596 1260 2745 1325 tota,
2780 1254 2889 1316 sed
2922 1251 3305 1316 intellectus.
3342 1255 3495 1318 Rur-

1988 1368 2096 1413 sus
2125 1350 2389 1413 evidens
2422 1359 2519 1413 est
2549 1351 2761 1432 ipsum
2792 1370 2919 1415 non
2942 1351 3291 1414 asseruisse
3316 1352 3494 1415 intel-

1989 1448 2289 1511 lectivam
2318 1448 2701 1531 principium
2734 1468 2873 1512 esse
2902 1457 3113 1513 actum
3134 1457 3197 1512 et
3221 1448 3491 1514 formam

1989 1546 2293 1621 materiae,
2340 1565 2458 1610 nec
2504 1548 2699 1610 etiam
2747 1548 2809 1610 id
2866 1566 3131 1629 negasse
3188 1566 3203 1610 :
3251 1548 3491 1611 idcirco

1987 1662 2112 1707 non
2166 1651 2411 1708 constat
2469 1664 2548 1709 an
2608 1646 2893 1727 posuerit
2942 1666 3141 1709 unum
3194 1646 3485 1709 omnium

1985 1742 2323 1806 hominum
2358 1743 2781 1818 intellectum,
2813 1763 2893 1807 an
2926 1744 3143 1827 plures
3176 1745 3479 1829 plurium.

366 1846 854 1913 Aristoteles
899 1846 1248 1913 senserit
1287 1846 1384 1911 de
1429 1847 1714 1913 animae
1752 1860 1873 1913 ra·
1909 1846 1956 1909 Β
2069 1840 2155 1904 De
2194 1842 2293 1905 his
2332 1842 2559 1905 scribit
2597 1842 2701 1905 hic
2741 1843 2961 1906 doctor
2996 1844 3263 1926 prolixe,
3296 1851 3515 1927 prout-

365 1943 706 2011 tionalis
747 1942 1388 2013 immortalitate.

365 2138 554 2202 libris
589 2140 814 2222 ipsius,
847 2148 910 2201 et
949 2140 1012 2202 in
1055 2140 1458 2223 philosophia
1497 2141 1872 2215 doctissimi,

363 2237 552 2302 valde
601 2238 1028 2301 diversimode
1072 2240 1356 2301 sentiunt
1401 2239 1566 2301 inde.
1603 2240 1873 2303 Thomas

361 2336 608 2399 etenim
653 2345 718 2399 et
759 2336 1075 2410 AlbertuS,
1121 2336 1406 2419 AEgidius
1451 2356 1526 2400 ac
1575 2338 1682 2401 alii
1738 2339 1872 2421 plu-

362 2454 484 2508 res,
518 2444 819 2498 asserunt
847 2436 1250 2498 Aristotelem
1283 2436 1560 2499 sensisse
1591 2437 1870 2499 animam

359 2534 744 2597 rationalem
791 2543 1162 2616 perpetuam
1208 2543 1272 2597 et
1317 2535 1870 2618 incorruptibilem

359 2652 498 2695 esse
553 2650 571 2694 τ
626 2634 796 2715 quod
845 2651 924 2696 ex
983 2634 1298 2715 praetactis
1347 2634 1488 2714 ejus
1533 2635 1870 2697 auctorita-

361 2730 536 2794 tibus
591 2731 884 2814 probant.
939 2732 1086 2804 Alii,
1139 2740 1209 2795 ut
1265 2732 1646 2796 Guillclmus
1705 2734 1869 2797 Pari-

362 2830 600 2893 siensis
645 2829 810 2894 libro
863 2830 942 2894 de
987 2830 1315 2905 Universo‚
1362 2850 1436 2893 ac
1487 2831 1597 2894 alii
1657 2832 1866 2909 multi,

363 2929 722 3009 praesertim
795 2928 860 2991 hi
930 2929 1038 3011 qui
1100 2929 1464 2993 Nominales
1537 2938 1868 3005 vocantur,

1986 1959 2181 2022 super
2222 1941 2573 2004 secundum
2622 1942 3091 2005 Sententiarum
3126 1942 3386 2023 induxi3
3416 1951 3479 2006 et
3510 1956 3771 2013 cs.i.xxu‚

1985 2038 2241 2102 tandem
2280 2039 2625 2115 concludit,
2659 2040 2829 2122 quod
2867 2040 3236 2104 Aristoteles
3278 2042 3477 2123 magis
3506 2022 3720 2077 ¹²·¹³²¹³“
3735 2038 3773 2069 ⁸·

1984 2136 2239 2200 videtur
2288 2138 2622 2201 divertisse
2674 2138 2752 2202 ad
2796 2138 2917 2201 hoc
2959 2140 3129 2220 quod
3176 2140 3259 2203 sit
3308 2140 3479 2203 idem

1983 2254 2253 2300 numero
2296 2236 2659 2301 intellectus
2704 2237 2767 2299 in
2813 2237 3185 2301 hominibus
3228 2239 3482 2302 univer-

1983 2334 2092 2407 sis,
2139 2343 2203 2398 et
2244 2336 2413 2417 quod
2457 2336 2671 2399 anima
2715 2335 2995 2399 hominis
3040 2336 3123 2399 sit
3172 2337 3474 2401 mortalis.

1983 2433 2347 2507 Enimvero,
2408 2454 2609 2516 quum
2682 2435 2993 2497 mundum
3050 2435 3283 2499 dixerit
3338 2454 3477 2499 esse

1981 2540 2315 2606 internum,
2367 2534 2419 2596 si
2475 2534 2721 2596 animas
2780 2533 3119 2597 rationales
3176 2534 3479 2597 sensisset

1983 2632 2395 2706 immortales,
2428 2632 2779 2695 concedere
2822 2632 3149 2695 habuisset
3194 2632 3479 2695 infinitas

1976 2730 2108 2813 jam
2168 2748 2307 2794 esse
2366 2730 2613 2793 animas
2668 2738 2989 2813 separatas
3040 2748 3053 2793 :
3116 2748 3243 2795 non
3303 2732 3476 2795 enim

1980 2828 2295 2892 concessit
2334 2828 2579 2892 animas
2624 2830 3143 2911 transcorporari.
3190 2830 3325 2893 Non
3370 2850 3479 2893 au-

1977 2936 2104 2990 tem
2145 2928 2405 2991 admisit
2444 2928 2921 2991 multitudinem
2964 2935 3109 2991 actu
3155 2928 3477 2992 infinitam

359 3027 650 3090 fatentur
691 3028 1100 3091 Aristotelem
1145 3028 1429 3091 tenuisse
1471 3030 1644 3112 quod
1685 3031 1868 3095 ratio-
1905 3030 1948 3093 C
1982 3027 2046 3088 in
2107 3025 2299 3089 rebus
2356 3026 2789 3109 permanentis
2858 3034 3117 3091 naturae.
3184 3028 3479 3091 Firmiter

357 3126 536 3189 nales
567 3126 804 3189 animae
841 3125 972 3189 sint
1011 3127 1308 3191 mortales
1343 3144 1356 3189 :
1390 3129 1560 3209 quod
1597 3130 1868 3211 probant

355 3242 432 3287 ex
469 3224 693 3288 verbis
731 3225 874 3307 ejus
919 3244 1090 3288 nunc
1131 3226 1632 3289 introducendis.
1679 3227 1869 3292 Porro

355 3322 674 3387 Henricus
717 3324 1040 3399 disseruit,
1085 3325 1148 3387 in
1190 3322 1686 3389 difficultatibus
1727 3326 1867 3390 istis

357 3422 732 3504 praecipuiS,
769 3430 922 3503 puta
957 3422 1036 3484 de
1077 3422 1298 3485 mundi
1329 3423 1700 3497 aeternitate,
1732 3424 1866 3487 ani-

359 3540 612 3582 marum
657 3519 1154 3593 immortalitate,
1189 3520 1588 3602 providentia
1619 3522 1754 3595 Dei,
1788 3523 1866 3585 de

357 3618 606 3681 unitate
651 3618 1018 3683 intellectus
1063 3618 1128 3681 in
1171 3620 1422 3682 cunctis
1467 3619 1861 3695 hominibuS‚

357 3726 419 3779 et
461 3717 918 3781 consimilibus
963 3717 1312 3792 nonnulliS,
1352 3726 1486 3781 toto
1527 3720 1722 3783 studii
1763 3720 1862 3783 sui

361 3826 654 3899 tempore
703 3816 1105 3879 Aristotelem
1171 3815 1516 3891 dubitasse,
1577 3826 1639 3879 et
1697 3819 1866 3883 inter

359 3925 702 3998 utramque
751 3922 994 3997 partem
1057 3933 1133 3977 ex
1193 3914 1463 3977 diversis
1510 3916 1866 3981 considera-

361 4012 642 4077 tionibus
703 4011 1073 4085 fluctuasse,
1129 4011 1392 4093 jamque
1451 4011 1864 4078 favorabilius

363 4134 500 4177 esse
531 4114 820 4176 locutum
855 4129 970 4193 pro
1001 4130 1126 4173 una
1165 4120 1365 4193 parte,
1395 4111 1527 4192 jam
1571 4132 1686 4195 pro
1717 4114 1860 4188 alia,

1979 3142 2235 3207 quoque
2274 3124 2435 3187 dixit
2478 3124 2687 3208 primo
2726 3124 2906 3200 Coeli,
2948 3124 3111 3189 nihil
3149 3144 3289 3189 esse
3332 3144 3477 3208 per-

1979 3232 2245 3305 petuum
2274 3242 2311 3285 a
2342 3231 2519 3307 parte
2550 3224 3091 3306 posteriori,quod
3124 3242 3251 3287 non
3284 3224 3311 3285 f
3316 3224 3478 3287 uerit

1978 3330 2359 3405 perpetuum
2390 3342 2427 3385 a
2468 3330 2644 3405 parte
2682 3322 3005 3384 anteriori.
3043 3322 3106 3385 Si
3147 3340 3297 3405 ergo
3336 3340 3476 3385 sen-

1977 3420 2163 3483 sisset
2218 3420 2497 3483 animam
2560 3420 3007 3495 immortalem,
3060 3422 3479 3485 concessisset

1975 3520 2267 3582 omnium
2298 3518 2635 3582 hominum
2664 3520 2909 3582 animas
2940 3518 3021 3581 ab
3052 3528 3289 3583 aeterno
3317 3519 3475 3583 fuis-

1977 3637 2045 3680 se
2101 3636 2116 3679 :
2169 3619 2337 3700 quod
2400 3636 2525 3682 non
2584 3618 2805 3691 sensit,
2866 3618 3351 3682 determinando
3408 3619 3473 3682 in

1975 3717 2199 3779 eodem
2244 3716 2515 3779 formam
2556 3734 2683 3779 non
2724 3718 3081 3799 praecedere
3120 3736 3237 3780 nec
3274 3717 3476 3781 fuisse

1976 3821 2120 3877 ante
2166 3814 2497 3877 materiam
2542 3834 2745 3877 suam.
2790 3816 2963 3879 Unde
3001 3823 3267 3889 constat,
3302 3816 3473 3897 quod

1977 3914 2042 3975 in
2093 3913 2365 3976 naturali
2406 3913 2811 3995 philosophia
2851 3934 3179 3996 nunquam
3220 3915 3471 3977 asserti-

1975 4032 2052 4075 ve
2101 4012 2523 4095 deprompsit,
2574 4012 2853 4074 animam
2916 4012 3341 4075 immortalem
3396 4032 3470 4076 ac

1975 4109 2401 4193 separabilem
2441 4129 2581 4173 esse
2622 4110 2904 4193 corporis
2945 4110 3215 4174 formam
3260 4129 3275 4173 z
3318 4112 3469 4175 alio-

361 4212 719 4275 secundum
752 4210 920 4292 quod
953 4227 1082 4272 uno
1112 4217 1400 4291 tempore
1436 4210 1699 4274 fortiora
1737 4213 1860 4276 sibi
1892 4211 1942 4273 D
1977 4210 2088 4291 qui
2136 4209 2200 4270 in
2248 4209 2697 4292 Metaphysica,
2750 4210 2815 4271 in
2864 4227 2991 4291 qua
3034 4211 3473 4293 proesupponit

363 4309 703 4374 videbatur
747 4308 986 4371 habere
1033 4308 1268 4371 motiva
1317 4326 1434 4391 pro
1481 4318 1661 4392 parte
1711 4331 1859 4387 una,

363 4418 422 4471 et
461 4409 592 4471 alia
631 4408 790 4471 hora
833 4424 948 4489 pro
989 4406 1128 4469 alia.

119 4526 334 4581 Quonam
438 4509 658 4590 Itaque
691 4507 757 4568 in
787 4504 1180 4579 Quodlibetis
1211 4506 1344 4568 suis
1375 4506 1684 4571 Henricus
1717 4510 1865 4572 :Mi-

120 4604 154 4646 q.
177 4596 228 4635 14.

363 4607 448 4681 hi,
478 4607 592 4679 ait,
624 4622 752 4667 non
792 4604 1047 4666 videtur
1087 4604 1320 4665 mirum
1361 4606 1528 4687 quod
1569 4605 1860 4671 homines

363 4706 654 4769 dubitant
697 4702 852 4785 quid
896 4698 1262 4765 Aristoteles
1305 4704 1575 4766 senserit
1617 4706 1696 4768 de
1736 4706 1857 4782 his,

361 4823 437 4866 an
466 4802 832 4866 intellectus
861 4800 946 4862 sit
973 4800 1140 4863 idem
1173 4820 1440 4865 numero
1468 4802 1532 4863 in
1564 4802 1855 4880 diversiS,

363 4910 424 4963 et
452 4908 668 4964 utrum
709 4897 1096 4961 intellectiva
1133 4898 1410 4961 essentia
1448 4898 1531 4961 sit
1569 4902 1856 4983 corporis

359 5009 532 5063 actus
571 5008 637 5063 et
667 4999 892 5061 forma.
929 4998 1080 5072 lmo,
1115 5005 1186 5059 ut
1221 4997 1518 5071 arbitror,
1555 4998 1692 5081 ipse
1721 5002 1855 5063 Ari·

363 5101 614 5163 stoteles
657 5115 854 5180 super
895 5096 995 5158 his
1044 5114 1301 5178 semper
1351 5096 1416 5159 in
1463 5096 1662 5161 dubio
1709 5098 1851 5174 fuit,

363 5217 474 5261 nec
515 5198 668 5261 inde
713 5214 994 5277 unquam
1040 5202 1286 5258 certum
1329 5196 1484 5277 quid
1533 5195 1848 5261 definivit.

363 5297 512 5361 Hinc
560 5296 950 5360 duodecimo
1008 5294 1450 5379 Metaphysicae
1499 5295 1782 5378 loquitur
1833 5314 1848 5359 :

1976 4306 2397 4370 determinata
2442 4307 2506 4369 in
2556 4307 2826 4370 naturali
2885 4308 3313 4391 philosophia,
3366 4327 3472 4373 ne·

1973 4426 2295 4490 quaquam
2326 4405 2447 4469 hoc
2478 4404 2600 4469 sub
2630 4404 2825 4469 dubio
2845 4414 2909 4469 et
2938 4408 3303 4471 conditione
3327 4428 3469 4491 pro-

1973 4508 2293 4589 posuisset
2323 4524 2395 4567 ac
2427 4503 2809 4587 reliquisset.

2051 4605 2360 4687 Denique,
2401 4604 2569 4667 sicut
2618 4605 2781 4666 inter
2828 4604 3207 4670 christianos
3255 4614 3317 4670 et
3354 4608 3467 4671 La-

1969 4704 2136 4768 tinos
2169 4704 2583 4787 philosophos
2614 4710 2709 4765 est
2747 4704 3178 4767 controversia
3214 4706 3347 4769 haec
3384 4708 3463 4771 de

1969 4804 2355 4867 sentimento
2397 4802 2759 4884 Philosophi
2804 4803 2881 4864 de
2926 4821 2993 4864 re
3038 4802 3177 4877 ista,
3207 4804 3299 4867 sic
3340 4804 3463 4868 fuit

1967 4910 2030 4964 et
2061 4902 2225 4963 inter
2255 4900 2503 4964 Graecos
2532 4918 2605 4962 ac
2634 4898 2894 4972 ArabeS,
2918 4900 3111 4962 etiam
3143 4901 3455 4965 infideles,

1964 5002 2273 5063 Averrocs
2330 4999 2527 5071 enim,
2573 4998 2928 5061 Alexander
2983 5006 3048 5060 et
3094 4999 3463 5065 Abubather

1965 5100 2285 5171 dixerunt,
2319 5098 2593 5160 sensisse
2623 5096 3077 5179 Philosophum
3118 5098 3287 5179 quod
3326 5101 3459 5163 ani-

1967 5217 2069 5260 ma
2099 5197 2181 5259 sit
2212 5196 2534 5275 mortalis;
2565 5197 2889 5258 Avicenna
2928 5213 3081 5259 vero
3119 5204 3182 5258 et
3210 5198 3459 5279 Algazel

1963 5296 2308 5379 pluresque
2348 5295 2481 5371 alii,
2513 5296 2809 5358 dixerunt
2854 5296 3263 5359 contrarium.
