4300 6259
1238 490 1658 537 nmnmnlo
1698 487 2098 536 wnotoetca.
2143 505 2225 518 ···-
2266 489 2345 536 DE
2386 490 2807 543 saanthTls

3458 475 3578 546 213

469 661 852 726 naturaliter
877 662 1142 747 appetit,
1175 660 1646 746 impeditivum.
1683 661 1792 724 Est
1819 676 1974 742 quo-
2004 657 2057 722 A
2083 660 2291 743 culpae
2344 661 2505 742 (imo
2560 670 2626 726 et
2678 663 2897 746 aliquo
2952 665 3142 728 modo
3205 665 3285 729 ad
3352 666 3585 748 poenoe)

471 779 603 842 que
657 762 736 824 de
791 761 938 843 jure
993 761 1236 836 divino,
1287 779 1489 843 quum
1537 768 1601 822 et
1647 759 1976 843 Scriptura

471 857 540 920 id
567 858 810 940 jubeat,
843 867 908 922 et
937 860 1102 922 Deus
1140 859 1487 942 praecipiat.
1520 858 1813 920 Attamen
1842 859 1973 922 Ρω-

471 956 745 1020 nitentia
793 965 984 1041 prout
1039 965 1136 1020 est
1185 963 1656 1020 sacramentum
1705 974 1974 1036 evange-

472 1053 616 1118 licae
663 1055 844 1136 legia,
889 1075 926 1118 a
969 1055 1218 1120 Christo
1265 1061 1362 1118 est
1406 1055 1697 1118 instituta
1743 1072 1760 1116 t
1803 1055 1974 1137 quod

471 1172 700 1216 verum
747 1162 844 1216 cst
885 1154 964 1217 de
1007 1153 1385 1236 poenitentia
1431 1173 1574 1235 quae
1619 1171 1736 1235 per
1779 1152 1976 1216 verba

471 1251 858 1334 exprimitur
923 1252 1252 1316 sacerdoti.
1315 1251 1514 1332 Cujus
1583 1251 1976 1333 poenitentioe

471 1357 688 1431 partes
741 1358 1067 1432 ponuntur
1121 1350 1442 1424 contritio,
1493 1348 1832 1422 confessi0,
1883 1369 1975 1412 sa-

471 1446 778 1522 tisfactio,
799 1455 1104 1530 tanquam
1135 1448 1474 1530 integrales
1506 1455 1715 1529 partes
1747 1447 1972 1530 ipsiuS,

472 1565 622 1627 quae
649 1545 729 1608 ad
765 1564 906 1608 esse
947 1545 1306 1628 perfectum
1344 1545 1740 1610 Poenitentiae
1776 1564 1977 1608 saera-

473 1644 776 1706 mentalis
813 1652 1204 1706 concurrunt
1235 1661 1250 1706 ε
1283 1645 1350 1707 in
1393 1662 1518 1725 qua
1555 1644 1830 1708 exterior
1867 1643 1977 1706 illa

473 1741 818 1822 subjectio,
867 1760 994 1824 qua
1041 1741 1356 1806 confitens
1403 1761 1471 1804 se
1519 1741 1782 1823 subjicit
1829 1759 1978 1805 con-

2085 759 2547 836 remissionem,
2581 771 2735 844 puta
2760 781 2774 824 ε
2799 763 3162 828 humiliatio
3192 764 3583 840 confitentia,

2084 875 2212 938 qua
2256 877 2325 920 se
2374 868 2635 942 propter
2677 862 2875 924 Deum
2924 861 3189 943 subjicit
3236 861 3588 926 confessori

2085 962 2150 1018 et
2186 957 2327 1036 ejus
2368 964 2547 1040 paret
2580 958 2847 1039 judicio,
2880 978 3137 1042 poenam
3175 978 3433 1043 quoque
3472 949 3587 1023 seu

2085 1054 2587 1119 satisfactionem
2616 1056 2698 1119 ab
2728 1057 2840 1121 illo
2870 1057 3225 1140 injunctam
3257 1057 3589 1122 humiliter

2085 1151 2357 1235 suscipit
2386 1161 2449 1215 et
2476 1153 2827 1236 adimplet3
2859 1156 3183 1218 accusatio
3212 1156 3429 1231 etiam,
3462 1175 3589 1238 qua

2084 1258 2342 1312 accusat
2370 1269 2439 1314 se
2480 1251 2716 1334 ipsum,
2748 1271 2825 1316 ac
2863 1254 3069 1335 pudor
3108 1261 3173 1316 et
3210 1253 3589 1318 erubescen-

2084 1347 2194 1422 tia,
2226 1367 2354 1430 qua
2394 1350 2475 1412 de
2516 1349 2821 1414 vitiorum
2858 1369 3122 1415 suorum
3162 1352 3585 1434 turpitudine,

2084 1444 2467 1528 frequentia,
2502 1449 2900 1524 enormitate,
2936 1467 3149 1512 coram
3189 1450 3318 1513 Deo
3346 1457 3411 1512 et
3439 1467 3587 1512 con-

2087 1541 2327 1607 fessore
2358 1544 2765 1626 perfunditur
2791 1554 2982 1628 atque
3010 1547 3355 1628 affligitur3
3387 1547 3589 1611 oratio

2087 1642 2243 1704 item
2287 1651 2351 1704 et
2392 1643 2709 1707 absolutio
2752 1645 3136 1709 confessoris
3160 1663 3179 1725 ;
3222 1653 3287 1709 et
3326 1647 3585 1715 demum

2086 1741 2185 1804 vis
2230 1740 2529 1804 clavium.
2576 1742 2697 1805 Sed
2742 1751 2807 1805 et
2848 1744 3279 1808 confessorem
3329 1761 3591 1808 necesse

471 1839 705 1902 fessori
745 1859 860 1922 per
906 1840 1220 1904 exteriora
1257 1839 1454 1903 verba
1515 1847 1578 1902 et
1633 1840 1835 1921 signa,
1877 1846 1975 1903 est
2009 1838 2058 1902 B
2088 1847 2187 1902 est
2224 1838 2459 1903 habere
2500 1842 2943 1904 auctoritatem
2984 1849 3049 1905 et
3074 1842 3589 1924 jurisdictionem

469 1936 734 2019 signum
763 1938 1085 2002 interioris
1125 1937 1546 2020 subjectionis
1583 1946 1646 2001 et
1689 1939 1972 2022 recogni-

469 2038 670 2100 tionis
698 2037 974 2120 propriae
1003 2039 1230 2120 culpae,
1261 2057 1388 2120 qua
1420 2057 1489 2102 se
1527 2037 1794 2119 subjicit
1823 2037 1970 2100 Deo.

553 2136 862 2218 Denique,
894 2137 973 2199 ad
1017 2137 1458 2219 poenitentiam
1504 2155 1719 2200 veram
1765 2135 1977 2218 requi-

469 2233 660 2307 ritur,
705 2235 874 2316 quod
920 2253 1066 2297 reus
1109 2234 1319 2297 doleat
1362 2235 1440 2296 de
1485 2242 1746 2317 peccato
1787 2241 1980 2316 prout

467 2330 866 2396 ostensivum
905 2339 1004 2395 est
1031 2333 1166 2406 Dei,
1201 2339 1354 2415 puta
1392 2351 1470 2396 ex
1510 2332 1645 2396 zelo
1683 2332 1972 2414 justitiae,

469 2447 606 2492 non
637 2429 844 2493 solum
873 2447 1080 2512 poenoe
1108 2429 1360 2492 timore.
1395 2429 1516 2492 Sed
1546 2435 1608 2492 et
1639 2447 1790 2491 vera
1828 2447 1974 2492 con-

469 2527 654 2590 tritio
681 2543 808 2590 non
837 2527 978 2590 sine
1007 2526 1268 2589 caritate
1296 2526 1588 2600 habetur,
1623 2527 1754 2590 imo
1780 2527 1975 2590 simul

472 2633 632 2688 sunt
684 2633 996 2708 tempore,
1045 2625 1342 2708 quamvis
1400 2625 1756 2688 secundum
1805 2625 1975 2689 viam

471 2730 542 2785 et
583 2723 874 2786 ordinem
917 2723 1342 2804 generationis
1387 2723 1700 2806 praecedat
1743 2723 1976 2786 contri-

472 2820 588 2883 tio.
651 2821 832 2894 Hinc,
885 2821 1428 2904 quemadmodum
1489 2840 1820 2884 summum
1867 2820 1975 2884 bo-

471 2939 656 2992 num,
683 2919 1025 2983 Dominum
1057 2920 1280 2993 Deum,
1302 2927 1597 2982 tenemur
1625 2927 1758 2983 toto
1787 2921 1974 2983 corde

2087 1938 2429 2020 quamdam
2466 1939 2530 2002 in
2560 1940 3001 2016 confitentem,
3034 1940 3222 2021 cujus
3258 1941 3455 2022 judex
3495 1949 3593 2006 est

2087 2036 2154 2100 in
2184 2035 2324 2100 foro
2355 2036 2641 2100 interiori
2674 2038 3159 2102 conscientioso.
3194 2039 3453 2122 Proprie
3480 2057 3588 2103 au-

2085 2142 2217 2197 tem
2269 2135 2598 2199 concernit
2644 2135 2764 2198 hoc
2812 2143 3282 2200 sacramentum
3332 2143 3593 2219 peccata

2087 2233 2399 2307 mortalia,
2450 2252 2567 2315 per
2612 2252 2755 2316 quae
2804 2253 3075 2316 peccans
3124 2234 3394 2298 incurrit
3440 2253 3592 2298 nau-

2086 2331 2387 2414 fragium.
2438 2332 2657 2414 ltaque
2706 2332 2900 2396 homo
2948 2333 3219 2416 cupiens
3266 2331 3585 2407 confiteri,

2085 2437 2233 2492 ante
2274 2429 2737 2494 confessionem
2778 2430 3235 2494 conscientiam
3274 2448 3458 2493 suam
3498 2431 3589 2493 vi-

2083 2527 2357 2608 gilanter
2398 2526 2740 2600 examinet,
2782 2528 2979 2590 vitam
3022 2545 3201 2590 suam
3246 2534 3586 2601 scrutetur,

2086 2625 2419 2708 culparum
2446 2625 2923 2688 multitudinem
2952 2625 3589 2708 magnitudinemque

2087 2717 2692 2806 perpendat'simul
2742 2741 2890 2786 cum
2941 2723 3439 2786 circumstantiis
3486 2741 3589 2806 ag·

2085 2820 2499 2903 gravantibus
2542 2821 2799 2904 culpam
2835 2839 2849 2883 :
2894 2830 2959 2884 et
3000 2821 3086 2885 ita
3130 2840 3279 2885 cum
3324 2839 3591 2904 praecor-

2087 2919 2238 2983 diali
2283 2919 2685 2994 contritione,
2728 2920 2953 3002 grandi
2998 2921 3265 3001 pudore,
3298 2919 3593 2983 intensis-

471 3017 744 3099 diligere
791 3036 987 3099 super
1031 3017 1272 3091 omnia,
1315 3023 1380 3078 et
1427 3017 1572 3099 plus
1617 3036 1810 3099 quam
1859 3035 1974 3080 nos
2011 3021 2056 3085 C
2087 3018 2252 3082 sima
2308 3018 2408 3080 sui
2476 3018 2679 3100 ipsius
2746 3018 3191 3100 aspernatione
3256 3035 3333 3080 ac
3398 3018 3591 3100 pleno

471 3116 650 3198 ipsos
715 3113 1322 3196 incomparabiliter,
1381 3115 1606 3178 saltem
1663 3115 1978 3197 appretia·

471 3214 627 3286 tive,
674 3213 762 3276 ita
813 3214 986 3295 quod
1040 3212 1338 3276 malimus
1397 3213 1720 3294 propriam
1775 3213 1974 3275 vitam

471 3320 540 3375 et
594 3319 804 3374 cetera
861 3319 1092 3375 cuncta
1147 3318 1357 3374 creata
1411 3312 1721 3384 amittere,
1781 3330 1974 3392 quam

471 3409 1270 3492 superpraestantissimum
1329 3415 1392 3470 et
1460 3408 1977 3491 superamabilis-

473 3508 712 3572 simum
762 3508 966 3571 Deum
1015 3526 1130 3590 per
1179 3507 1442 3570 mortale
1501 3517 1834 3590 peccatum
1882 3508 1974 3571 of-

473 3607 776 3686 fendere;
829 3606 915 3669 ita
961 3613 1210 3688 oportet
1251 3623 1367 3668 nos
1412 3607 1489 3668 de
1535 3605 1702 3668 malo
1743 3606 1972 3688 culpae,

473 3705 702 3768 saltem
765 3705 1074 3778 mortaliS,
1129 3705 1329 3786 magis
1379 3703 1594 3766 dolere
1643 3723 1834 3786 quam
1896 3706 1975 3767 de

471 3822 884 3888 quocumque
928 3804 1162 3866 damno
1211 3821 1324 3865 seu
1379 3801 1546 3864 malo
1593 3801 1800 3864 solum
1845 3821 1976 3885 poe-

471 3902 602 3965 nali
638 3921 655 3964 :
687 3909 754 3964 et
781 3901 927 3976 hoc,
962 3901 1280 3983 loquendo
1318 3900 1398 3962 de
1435 3898 1653 3963 dolore
1683 3919 1796 3963 seu
1828 3918 1975 3963 con-

469 4000 734 4064 tritione
776 3999 890 4082 qui
933 3999 998 4062 in
1037 3997 1352 4081 superiori
1391 4005 1490 4060 est
1529 3999 1817 4080 appetitu
1861 4017 1972 4062 seu

469 4099 824 4171 voluntate,
875 4097 962 4160 ita
1002 4097 1262 4179 quidem
1308 4103 1378 4158 ut
1423 4095 1568 4178 plus
1618 4096 1804 4159 nobis
1853 4097 1976 4159 dis-

2087 3115 2553 3179 emendationis
2618 3115 2967 3197 propositO,
3028 3115 3327 3178 distincte
3392 3113 3589 3182 confi·

2085 3221 2315 3286 teatur,
2358 3213 2708 3276 satisfaciat
2749 3220 2814 3275 et
2854 3213 3193 3291 emendet3
3225 3231 3262 3275 a
3304 3213 3587 3276 recidivo

2086 3329 2343 3395 quoque
2372 3310 2691 3374 abstinere
2732 3310 3043 3374 sollicitus
3070 3311 3167 3390 {sit
3204 3317 3265 3373 et
3296 3319 3583 3394 conetur,

2085 3429 2286 3492 quum
2339 3417 2403 3471 et
2460 3409 2837 3490 poenitentia
2887 3409 2951 3470 in
3001 3408 3253 3472 mortali
3301 3409 3587 3472 exhibita

2085 3509 2169 3571 sit
2200 3507 2642 3582 iteranda,nisi
2673 3507 2887 3569 forsan
2916 3507 3251 3570 actualiter
3280 3507 3587 3571 cessando

2085 3607 2393 3670 effectum
2425 3606 2745 3688 relinquat
2774 3606 2837 3668 in
2870 3613 3243 3688 corpore,ut
3266 3605 3585 3688 jejunium

2083 3713 2149 3768 et
2190 3704 2591 3768 abstinentiae
2632 3704 2943 3786 quaedam.

2352 3913 2873 3979 PROPOSITIO
2920 3913 3320 3978 CXXXVII.

2174 4099 2549 4164 Extrema
2623 4097 2917 4163 Unctto
2994 4098 3579 4164 sacramentum

471 4197 711 4281 pliceat
767 4196 960 4278 culpa
1016 4214 1207 4277 quam
1263 4195 1718 4277 quodcumque
1773 4196 1969 4270 aliud,
2003 4195 2052 4258 D
2086 4200 2209 4264 est
2255 4196 2842 4277 sapientissime
2900 4196 3363 4262 institutum
3412 4215 3430 4262 t
3478 4198 3579 4263 ad

471 4314 746 4378 eamque
815 4295 1018 4375 magis
1087 4294 1496 4356 detestemur.
1557 4293 1694 4356 Non
1758 4301 1970 4358 tamen

469 4401 724 4476 oportet
771 4392 944 4474 quod
985 4391 1067 4454 sit
1111 4391 1338 4472 major,
1380 4391 1690 4454 intensior
1731 4399 1792 4454 et
1836 4411 1976 4474 per-

471 4492 842 4575 ceptibilior
869 4490 1068 4564 dolor,
1095 4509 1288 4572 quam
1321 4489 1431 4572 qui
1463 4497 1560 4552 est
1589 4490 1655 4554 in
1685 4491 1972 4573 appetitu

473 4590 804 4655 sensitivo.
837 4589 1030 4652 Porro
1060 4588 1166 4652 ille
1197 4596 1296 4650 est
1324 4587 1558 4670 passio,
1591 4606 1716 4652 non
1757 4595 1972 4651 autem

474 4688 904 4754 essentialiter
931 4687 1070 4769 ipsa
1098 4686 1418 4760 contritio,
1436 4688 1546 4749 sed
1577 4704 1974 4769 consequens

473 4807 641 4853 eam.

557 4889 638 4950 At
683 4902 838 4949 vcro
887 4883 1092 4947 forma
1137 4883 1516 4946 sacramenti
1567 4883 1752 4946 istius
1811 4891 1907 4946 est
1958 4901 1972 4945 ε

477 4985 612 5068 Ego
667 4993 730 5048 te
775 4983 1078 5062 absolvo;
1127 4991 1318 5064 atque
1368 4991 1439 5044 ut
1485 4982 1680 5065 aliqui
1731 4983 1974 5056 dicunt,

473 5085 674 5148 etiam
716 5082 888 5146 istud
923 5099 938 5144 t
971 5081 1042 5143 In
1085 5081 1344 5144 nomine
1385 5081 1582 5143 Patris
1625 5088 1689 5144 et
1729 5081 1871 5144 Filii
1916 5088 1980 5144 et

475 5182 758 5265 Spiritus
787 5180 1020 5244 Sancti.
1055 5179 1248 5242 Multa
1287 5179 1479 5241 etiam
1521 5178 1585 5241 in
1624 5197 1980 5242 sacramen-

475 5280 594 5346 tali
653 5277 1058 5344 confessione
1113 5277 1329 5342 valent
1387 5285 1452 5341 et
1507 5276 1846 5342 conferunt
1900 5277 1979 5340 ad

2082 4296 2291 4378 quod
2342 4297 2688 4376 quinque
2738 4296 3244 4374 concurrunt,
3293 4295 3379 4362 et
3424 4295 3580 4363 duo

2083 4394 2500 4475 potissime
2556 4391 2658 4458 ad
2713 4391 2887 4473 ejus
2941 4395 3369 4460 essentiam
3412 4407 3580 4474 per-

2081 4492 2367 4559 tinent.

2164 4590 2339 4664 Quod
2387 4596 2503 4662 est,
2556 4588 2857 4670 quoniam
2908 4588 2973 4650 in
3033 4591 3335 4653 extremis
3392 4591 3584 4655 homo

2085 4707 2153 4751 se
2204 4689 2416 4770 ipsum
2466 4704 2594 4749 non
2646 4687 2919 4748 multum
2970 4688 3188 4751 valens
3228 4689 3475 4770 juvare,
3520 4698 3586 4754 et

2085 4787 2289 4849 nihilo
2321 4785 2534 4848 minus
2568 4785 2632 4846 in
2662 4785 3057 4865 gravissimis
3088 4794 3241 4848 tunc
3271 4788 3585 4852 exsistens

2086 4883 2415 4966 periculis,
2448 4881 2926 4964 gratiosissimis
2970 4893 3113 4964 eget
3154 4883 3482 4959 subsidiiS,
3517 4893 3587 4949 ut

2087 4992 2151 5046 et
2182 4981 2528 5064 corporalis
2560 5000 2673 5042 sua
2707 4980 2996 5042 mitescat
3025 4981 3335 5057 molestia,
3363 4984 3585 5068 sicque

2089 5080 2249 5143 ratio
2300 5079 2633 5142 roboretur
2686 5079 2750 5140 in
2802 5079 2952 5151 Dec,
3004 5080 3269 5144 tentatio
3327 5101 3583 5166 quoque

2089 5178 2481 5250 debilitetur,
2514 5183 2704 5258 atque
2736 5175 3079 5238 infirmitas
3106 5195 3185 5240 ex
3224 5181 3583 5260 praeceden-

2090 5277 2263 5340 tibus
2312 5274 2521 5358 culpis
2562 5282 2885 5338 contracta
2925 5274 3316 5353 sublevetur,
3361 5298 3434 5343 ac
3477 5299 3584 5345 ve·
