4300 6259
1588 525 1771 574 muns
1812 525 2188 574 amnuens
3317 505 3434 575 551

412 697 501 754 est
556 695 809 768 puritate
874 693 1200 762 coelirormi,
1260 695 1439 762 3530,
1494 713 1603 755 nec
1654 715 1835 771 capax
1948 698 2264 779 CREATIO.
2321 699 2538 758 Praeter
2600 698 2862 774 primum
2927 697 3074 756 nihil
3137 699 3226 756 est
3287 699 3444 772 quod

414 783 899 842 immaterialium
929 785 1275 858 specierum,
1308 787 1641 852 35313;im0
1670 788 1839 844 innu-

412 873 719 932 merabilia
780 874 999 932 animae
1060 876 1321 949 suggerit
1394 876 1835 949 impedimenta,

414 963 590 1020 1851).
622 964 704 1018 Ex
743 963 973 1022 diversa
1010 965 1134 1037 ejus
1172 965 1574 1038 complexione
1614 965 1839 1022 contin·

410 1052 493 1124 git
532 1050 761 1110 homini
802 1055 993 1126 major
1038 1054 1125 1111 vel
1173 1054 1371 1112 minor
1416 1054 1717 1127 dispositio
1763 1056 1839 1112 ad

406 1139 651 1198 virtutes
696 1145 753 1198 et
798 1141 1091 1209 scientiae,
1126 1144 1300 1200 1948.
1343 1174 1412 1184 —
1456 1143 1691 1216 Corpori
1736 1144 1839 1201 hu·

412 1246 590 1286 mano
628 1231 825 1303 aliquo
874 1232 1049 1288 modo
1099 1233 1463 1304 competebat
1509 1232 1677 1297 mori,
1710 1237 1836 1290 tan-

413 1337 589 1392 quam
650 1320 855 1387 mixt0‚
904 1322 1119 1387 4940’;
1174 1321 1373 1394 aliquo
1428 1321 1605 1379 etiarn
1660 1324 1835 1378 modo

410 1410 775 1482 competebat
803 1409 1137 1467 immortale
1162 1414 1599 1484 esse,tanquam
1623 1411 1835 1468 instru-

410 1502 607 1556 mento
654 1498 888 1565 animoe,
929 1499 1123 1565 4940,
1166 1500 1265 1566 0;
1307 1500 1439 1558 ideo
1474 1501 1703 1573 justum
1751 1504 1839 1558 est

408 1587 553 1644 illud
592 1588 651 1644 in
693 1589 807 1645 tine
843 1604 1147 1661 resurgere
1184 1593 1243 1646 et
1278 1606 1412 1647 cum
1452 1589 1654 1646 anima
1692 1607 1837 1662 prae·

410 1677 601 1740 miari,
630 1694 761 1749 quae
790 1695 893 1750 per
920 1677 1066 1735 illud
1098 1678 1332 1744 meruit,
1363 1680 1562 1735 4990.
1597 1680 1839 1751 Insuper

406 1769 481 1824 ad
530 1766 867 1824 felicitatem
916 1767 1133 1824 animae
1180 1769 1447 1840 pertinet,
1487 1769 1674 1831 4991),
1708 1785 1839 1840 quoe

412 1856 757 1912 naturaliter
801 1856 1041 1913 unibilis
1088 1862 1175 1913 est
1220 1859 1294 1924 ei,
1345 1875 1451 1914 nec
1498 1857 1841 1914 naturaliter

410 1947 483 2003 ab
510 1962 579 2002 eo
608 1949 877 2017 separata
908 1963 1147 2004 manere
1176 1948 1380 2019 potest.
1402 1949 1511 2004 499
1523 1949 1586 2004 Β.
1610 1979 1676 1990 —-
1708 1947 1843 2002 Post

408 2034 914 2100 resurrectionem,
984 2052 1229 2107 corpora
1291 2036 1461 2092 beata
1524 2035 1669 2092 cibis
1719 2053 1837 2092 non

408 2124 681 2197 egebunt,
718 2124 893 2184 5000.
935 2124 1073 2197 quia
1124 2124 1591 2198 incorruptibilia
1644 2129 1835 2192 erunt,

410 2214 593 2277 5001),
626 2214 708 2278 D',
740 2216 799 2270 et
826 2213 1066 2286 insuper
1090 2230 1161 2270 ex
1194 2214 1457 2272 ciborum
1490 2232 1601 2273 usu
1632 2214 1689 2270 in
1730 2214 1841 2270 im-

410 2319 685 2359 mensum
732 2319 991 2361 crescere
1039 2304 1334 2366 deberent,
1374 2303 1583 2369 50οΑ’,
1612 2307 1671 2360 et
1714 2307 1842 2359 tan·

412 2393 544 2449 dem
594 2391 913 2464 corrumpi,
953 2393 1131 2448 5000
1153 2411 1167 2459 ;
1218 2393 1435 2465 pariter
1481 2393 1840 2466 generationi

412 2497 527 2538 non
556 2482 865 2545 vacabunt,
885 2482 1058 2546 5000,
1077 2483 1215 2554 quia
1233 2485 1373 2538 tunc
1394 2482 1641 2539 cessabit
1670 2499 1843 2555 gene-

409 2571 579 2636 rati0,
608 2571 811 2634 5000,
843 2574 901 2628 et
929 2589 997 2628 ex
1038 2571 1121 2628 eis
1160 2570 1518 2644 impossibile
1556 2575 1707 2628 esset
1744 2574 1843 2630 dc-

410 2659 525 2715 cidi
582 2675 804 2723 semen,
852 2659 1057 2716 5003’.
1108 2691 1181 2701 —
1226 2659 1514 2725 Quoniam
1564 2676 1842 2732 corporea

412 2751 623 2804 natura
650 2750 725 2804 ad
754 2765 923 2805 usum
954 2747 1211 2804 hominis
1248 2748 1397 2804 facta
1434 2751 1537 2815 cst,
1570 2749 1842 2820 congruit

411 2853 539 2894 eam
574 2839 703 2908 post
731 2837 901 2894 finale
934 2836 1227 2909 judicium
1259 2853 1407 2892 novo
1440 2836 1697 2893 hominis
1726 2841 1841 2894 sta-

412 2925 495 2982 tui
524 2925 979 2990 accommodari,
1010 2927 1171 2981 5120
1184 2944 1197 2990 ;
1222 2927 1491 2998 quaedam
1524 2929 1719 2983 autem
1752 2925 1841 2982 in-

416 3013 819 3087 corruptibilia
844 3018 995 3078 sunt,
1030 3013 1145 3070 sive
1176 3015 1237 3070 in
1266 3018 1389 3071 toto
1417 3013 1533 3072 sive
1564 3014 1622 3071 in
1657 3017 1837 3086 parte,

415 3105 479 3160 ut
517 3104 772 3160 coelestia
808 3107 865 3160 et
902 3103 1207 3168 elementa,
1241 3120 1371 3176 quse
1416 3105 1491 3160 ad
1534 3103 1840 3160 immorta-

414 3194 530 3250 lem
560 3197 777 3248 statum
818 3192 1205 3263 aptitudinem
1246 3193 1479 3258 habent,
1510 3194 1615 3248 512
1630 3195 1691 3259 D,
1722 3193 1839 3250 alia

418 3282 819 3354 corruptibilia
864 3285 1019 3346 sunt,
1068 3285 1125 3338 et
1170 3281 1229 3338 in
1276 3285 1397 3338 toto
1444 3287 1499 3340 et
1544 3282 1605 3338 in
1656 3285 1837 3354 parte.

417 3377 479 3430 ut
508 3371 749 3444 reliquae
776 3371 1017 3444 species,
1048 3371 1261 3444 quibus
1291 3371 1453 3428 nulla
1490 3374 1579 3428 est
1613 3373 1689 3427 ad
1728 3371 1839 3426 im-

418 3459 831 3516 mortalitatem
880 3459 1163 3530 aptitudo,
1212 3461 1393 3515 5121).
1443 3460 1726 3517 Praeterea
1763 3463 1838 3516 ad

418 3552 533 3606 duo
564 3549 725 3606 utilis
751 3553 837 3605 est
864 3565 1139 3619 corporea
1170 3552 1381 3606 natura
1411 3567 1425 3606 ι
1456 3551 1530 3606 ad
1563 3549 1695 3606 vitae
1732 3549 1839 3606 hu·

416 3655 611 3697 manae
638 3639 1121 3695 sustentationem
1153 3641 1209 3695 et
1237 3640 1311 3694 ad
1342 3638 1675 3696 divinorum
1707 3657 1840 3695 con·

415 3728 877 3800 templationem,
910 3743 1159 3799 quorum
1212 3727 1471 3800 primum
1522 3732 1649 3800 post
1683 3729 1841 3802 judi·

416 3817 573 3875 cium
614 3817 879 3877 cessabit.
918 3818 1025 3872 512
1044 3818 1119 3883 Β’,
1162 3821 1219 3874 et
1258 3834 1395 3875 cum
1425 3835 1493 3875 eo
1536 3817 1839 3876 inferiores

416 3908 657 3980 specics,
700 3911 765 3964 ut
806 3907 1021 3979 plantae
1050 3911 1107 3964 et
1134 3906 1433 3966 animalia.
1472 3907 1669 3964 5120.
1704 3909 1837 3964 ldco

418 3997 477 4052 in
510 3998 750 4060 munde,
786 3999 915 4068 post
933 3995 1248 4068 judicium,
1282 3998 1591 4053 cessabunt
1619 3997 1839 4070 species

414 4089 473 4144 et
526 4088 753 4143 naturae
810 4084 1131 4150 inferiores,
1188 4086 1388 4151 512Α’,
1447 4087 1527 4150 Β’,
1586 4087 1839 4144 coelestia

416 4177 611 4232 autem
642 4177 701 4230 et
736 4173 1029 4246 simplicia
1066 4190 1180 4230 non
1220 4175 1396 4230 modo
1434 4175 1837 4240 servabuntur,

415 4265 517 4320 sed
558 4263 905 4320 mirabiliter
952 4262 1403 4328 innovabuntur,
1436 4264 1542 4318 512
1562 4265 1622 4330 D,
1656 4264 1736 4320 D'.
1772 4296 1836 4306 —

417 4351 511 4424 Cf.
542 4351 910 4425 ReprobatiO.

488 4443 739 4514 Corpora
788 4439 1110 4514 glorificata
1148 4457 1161 4496 :
1200 4441 1340 4497 vide
1386 4441 1566 4498 Beati.
1598 4473 1669 4482 —
1706 4443 1839 4499 Cor-

417 4547 561 4603 pora
587 4529 839 4587 coelestia
869 4546 883 4585 ε
914 4530 1054 4586 vide
1082 4529 1321 4587 Coelum.

347 4619 737 4676 CORRUPTIO
770 4617 945 4674 unius
974 4618 1270 4690 generatio
1296 4621 1384 4676 est
1408 4618 1663 4684 alteriue,
1682 4621 1838 4676 460.

416 4739 489 4749 -
516 4706 917 4779 Corruptionis
940 4707 1293 4780 principium
1328 4723 1443 4763 non
1474 4711 1560 4764 est
1598 4708 1843 4766 materia

418 4813 824 4869 quaecumque,
884 4799 947 4852 ut
1000 4795 1123 4852 vult
1178 4797 1401 4860 Scotus,
1443 4797 1542 4852 sed
1600 4797 1845 4854 materia

418 4884 731 4958 privationi
770 4901 1019 4948 annexa,
1050 4885 1233 4948 650;
1265 4885 1387 4941 imo
1422 4885 1711 4943 elementa
1756 4886 1845 4942 di-

422 4977 639 5032 cuntur
667 4975 859 5046 quoad
889 4989 947 5030 se
976 4977 1097 5030 tota
1126 4973 1606 5045 incorruptibilia,
1639 4992 1843 5046 quam-

420 5064 505 5120 vis
558 5064 621 5120 in
673 5063 759 5120 eis
802 5062 881 5118 sit
928 5061 1173 5119 materia
1227 5063 1537 5134 privationi
1594 5081 1841 5131 annexa,

420 5153 676 5208 650.-
696 5155 781 5208 An
806 5151 865 5208 in
896 5151 1265 5223 generatione
1298 5152 1557 5208 hominis
1584 5170 1846 5210 corrum-

424 5246 641 5316 pantur
678 5240 1059 5315 figurationes
1102 5244 1161 5298 et
1196 5242 1656 5314 organizationes
1702 5259 1849 5316 prae-

428 5333 715 5397 cedentes,
745 5331 883 5388 460.

2020 788 2348 846 increatum
2403 806 2526 846 esse
2585 790 2816 856 habeat,
2866 791 2975 846 260
2987 791 3048 852 D,
3097 788 3178 854 Β’,
3227 787 3446 862 alioqui

2018 879 2170 935 esset
2201 877 2548 950 simpliciter
2577 878 2918 952 perfectum,
2949 879 3056 934 263
3069 879 3132 942 D,
3156 877 3239 943 D',
3269 879 3445 944 2640,

2018 971 2077 1025 et
2104 967 2166 1024 in
2195 985 2256 1024 se
2284 969 2624 1034 subsistens,
2655 969 2760 1024 263
2773 968 2837 1024 A’
2860 987 2873 1034 ;
2909 967 3268 1041 impossibile
3310 983 3449 1040 ergo

2018 1059 2107 1113 est
2134 1056 2304 1128 plura
2331 1073 2456 1114 esse
2487 1056 2760 1120 increata,
2779 1058 2885 1112 262
2897 1057 2977 1123 Β’,
2995 1057 3175 1112 263Β.
3192 1088 3257 1099 -
3287 1056 3451 1113 Circa

2016 1146 2375 1203 creationem
2423 1149 2764 1204 erraverunt
2808 1145 3158 1219 philosophi,
3189 1146 3450 1204 diceutes

2016 1234 2164 1292 nihil
2213 1251 2378 1308 posse
2427 1235 2628 1298 creari,
2669 1238 2772 1292 aut
2817 1251 2990 1292 omne
3038 1237 3194 1308 quod
3239 1237 3448 1308 produ-

2016 1324 2188 1389 citur,
2211 1341 2280 1382 ex
2311 1324 2508 1398 aliquo
2537 1325 2826 1382 materiali
2856 1325 3144 1398 principio
3181 1324 3444 1398 produci,

2020 1414 2116 1469 181
2140 1415 2220 1480 D;
2253 1417 2310 1471 et
2349 1413 2448 1487 qui
2487 1431 2522 1472 a
2563 1415 2678 1472 Deo
2726 1416 2926 1472 omnia
2961 1431 3264 1472 emanasse
3307 1413 3444 1472 fassi

2015 1506 2172 1566 sunt,
2204 1503 2359 1560 circa
2389 1505 2635 1561 modum
2664 1503 3054 1562 emanationis
3082 1508 3440 1570 erraverunt,

2021 1593 2210 1649 1810.
2244 1624 2309 1633 -
2350 1594 2554 1650 Creare
2606 1593 2786 1651 solius
2833 1593 2930 1650 Dei
2978 1596 3080 1656 est,
3128 1609 3236 1649 nec
3283 1609 3441 1648 com-

2016 1680 2160 1752 petit
2214 1680 2396 1738 finitae
2451 1681 2742 1754 potentiae,
2793 1681 2948 1746 940,
3011 1681 3178 1746 1810,
3233 1680 3442 1746 2510,

2014 1771 2172 1826 276Α
2201 1789 2214 1834 ;
2247 1787 2554 1843 perperam
2584 1770 2764 1844 igitur
2804 1770 3080 1827 dixerunt
3115 1769 3443 1842 philosophi

2017 1857 2296 1915 inferiora
2333 1859 2456 1915 hoec
2495 1859 2567 1916 ab
2615 1857 3016 1931 intelligentiis
3061 1860 3254 1916 creata
3297 1873 3442 1922 esse,

2016 1948 2175 2010 930,
2211 1949 2386 2014 147Β,
2431 1949 2620 2004 1810.
2669 1979 2734 1990 -
2778 1947 3024 2005 Creandi
3073 1945 3331 2019 potentia
3373 1963 3446 2004 ex

2018 2039 2180 2108 parte
2219 2037 2320 2094 Dei
2355 2038 2562 2093 eadem
2591 2039 2680 2094 est
2715 2053 2784 2092 ac
2813 2035 3072 2108 potentia
3109 2034 3446 2108 generandi,

2020 2142 2127 2181 nec
2176 2126 2370 2183 differt
2425 2126 2497 2183 ab
2553 2143 2622 2182 ea
2677 2125 2790 2181 nisi
2847 2142 2918 2182 ex
2974 2128 3134 2197 parte
3186 2128 3446 2192 actuum,

2023 2215 2129 2271 140
2142 2215 2226 2279 B’,
2275 2216 2376 2272 sed
2433 2215 2638 2272 ordine
2695 2214 2949 2271 naturali
3008 2213 3292 2286 posterior
3343 2217 3448 2279 est,

2025 2305 2201 2370 1400,
2235 2304 2319 2360 Α’.
2351 2304 2472 2360 Toti
2503 2302 2783 2375 competit
2816 2303 3084 2360 Trinitati
3122 2305 3180 2360 et
3214 2302 3452 2360 cuilibet

2022 2409 2302 2465 personoe,
2340 2395 2515 2450 1350
2538 2412 2552 2459 ;
2585 2394 2754 2450 Pater
2782 2396 2999 2458 tamen,
3031 2392 3212 2449 Filius
3240 2395 3298 2450 et
3323 2393 3450 2465 Spi-

2019 2482 2168 2538 ritus
2208 2485 2452 2538 Sanctus
2501 2499 2616 2538 non
2666 2484 2805 2539 sunt
2845 2485 2964 2538 tres
3012 2485 3314 2546 creatores,
3346 2481 3447 2538 sed

2022 2588 2176 2628 unus
2223 2572 2473 2636 Creator,
2510 2571 2690 2627 1448.
2721 2601 2791 2612 -
2833 2571 2984 2628 Deus
3033 2586 3171 2642 ergo
3217 2568 3450 2628 univer·

2018 2677 2221 2718 sorum
2273 2663 2360 2716 est
2404 2662 2646 2724 creator,
2687 2660 2853 2724 920,
2903 2659 3087 2717 libera
3127 2657 3442 2725 voluntate,

2018 2752 2088 2808 93
2102 2754 2165 2816 Α,
2201 2765 2316 2805 non
2349 2749 2686 2806 necessitate
2717 2752 2960 2814 naturae,
2990 2749 3149 2814 93B;
3181 2747 3303 2819 ipse
3341 2764 3445 2820 per

2016 2857 2075 2895 se
2118 2837 2457 2895 immediate
2500 2837 2766 2894 condidit
2803 2837 3116 2899 mundum,
3155 2835 3447 2893 elementa

2015 2945 2084 2984 ac
2112 2944 2311 2985 rerum
2353 2929 2610 2990 naturas,
2643 2925 2780 2982 93c’
2812 2943 2826 2981 :
2859 2925 3010 2982 sicut
3045 2924 3204 2981 enim
3243 2923 3447 2981 omnia

2016 3021 2072 3074 et
2100 3017 2332 3089 singula
2361 3016 2539 3072 simul
2581 3014 2902 3087 intelligere
2947 3013 3112 3078 valet,
3145 3012 3228 3068 sic
3269 3015 3326 3070 et
3363 3012 3445 3069 fa·-

2018 3123 2143 3163 cere
2187 3104 2389 3178 potuit,
2421 3105 2492 3160 93
2511 3106 2572 3168 D,
2606 3103 2744 3176 quia
2782 3120 2898 3159 non
2949 3102 3145 3158 minor
3188 3103 3275 3157 est
3319 3106 3446 3174 ejus

2018 3194 2274 3267 potentia
2331 3192 2391 3248 in
2449 3194 2747 3264 operando
2803 3207 2978 3263 quam
3042 3189 3330 3261 sapientia
3383 3190 3443 3246 in

2018 3283 2413 3354 intelligenda,
2443 3283 2581 3337 940.
2607 3282 2720 3338 Cur
2744 3279 3038 3345 creaverit,
3061 3280 3234 3352 juxta
3261 3279 3446 3336 Plato-

2016 3389 2169 3436 nem,
2211 3373 2388 3434 2090,
2429 3371 2633 3437 2850,
2674 3371 2856 3434 311Α,
2889 3370 3204 3443 quomode,
3234 3370 3440 3436 269A',

2017 3462 2203 3525 30οΑ,
2237 3463 2294 3518 et
2339 3461 2502 3532 quid,
2544 3461 2726 3523 27οΛ,
2759 3460 2817 3514 C.
2857 3490 2928 3500 —
2965 3458 3188 3516 Creatio
3235 3459 3444 3515 mundi

2016 3569 2085 3608 ex
2120 3551 2308 3606 nihilo
2341 3566 2456 3606 non
2491 3549 2690 3606 minus
2720 3547 3326 3620 incomprehensibilis
3361 3548 3446 3603 vi-

2015 3642 2187 3697 detur
2215 3657 2392 3712 quam
2425 3637 3018 3700 transsubstantiatio,
3047 3637 3246 3693 4780.
3271 3638 3444 3694 Facta

2015 3734 2101 3787 est
2148 3729 2206 3785 in
2257 3727 2519 3791 instanti,
2570 3727 2767 3787 1540,
2809 3730 2881 3789 et,
2931 3729 2996 3783 ut
3031 3726 3274 3788 videtur,
3326 3742 3444 3783 una

2017 3818 2127 3874 fuit
2173 3817 2440 3873 omnium
2490 3819 2822 3872 creatorum
2873 3814 3070 3880 simul,
3093 3814 3305 3871 'saltem
3355 3831 3442 3870 se-

2016 3908 2277 3963 cundum
2324 3904 2562 3977 species,
2612 3905 2810 3968 3290,
2857 3902 3079 3969 49οΒ’;
3119 3919 3224 3959 cur
3267 3906 3444 3960 modo

2016 3993 2352 4060 intellectui,
2405 3995 2581 4049 modo
2635 3992 2918 4050 voluntati
2977 3992 3074 4050 Dei
3129 3992 3442 4061 tribuatur,

2018 4085 2196 4148 3290,
2265 4087 2322 4141 et
2385 4083 2528 4155 quid
2603 4083 2834 4155 utrique
2901 4081 2976 4137 sit
3038 4083 3440 4145 tribuendum,

2015 4176 2196 4239 3291),
2231 4175 2308 4230 0.
2361 4205 2420 4214 -
2471 4175 2558 4228 An
2610 4173 2683 4228 ab
2731 4175 2948 4228 aeterno
2993 4171 3114 4228 fleri
3171 4172 3441 4244 potuerit,

2014 4265 2162 4328 941),
2225 4263 2396 4327 1830,
2457 4264 2560 4319 aut
2624 4261 2907 4326 debuerit,
2967 4261 3164 4327 33313',
3221 4261 3402 4317 3340
3425 4279 3440 4327 ;

2016 4353 2312 4426 quomodo
2352 4353 2500 4408 Deus
2543 4350 2599 4406 in
2648 4353 2910 4421 tempore
2951 4366 3146 4406 creare
3195 4350 3444 4422 potuerit

2015 4443 2235 4514 absque
2283 4440 2374 4497 sui
2421 4437 2850 4504 immutatione,
2889 4438 3064 4504 3340,
3108 4439 3311 4504 3350,
3341 4442 3445 4496 aut

2017 4532 2237 4603 absque
2286 4529 2523 4592 invidia,
2555 4528 2747 4592 3340,
2779 4529 2962 4593 33613,
3003 4531 3060 4586 et
3099 4545 3206 4585 cur
3248 4545 3442 4585 creare

2016 4619 2350 4682 tardaverit,
2391 4619 2574 4680 3341).
2625 4617 2822 4673 3350.
2868 4619 3171 4683 Quomodo
3216 4615 3448 4674 dicatur

2020 4711 2282 4766 mundus
2319 4708 2378 4764 in
2427 4705 2714 4780 principio
2745 4704 2944 4770 factus,
2981 4706 3080 4761 154
3097 4706 3179 4772 Α’,
3209 4709 3267 4763 et
3303 4707 3444 4778 quid

2020 4799 2139 4854 sint
2186 4815 2284 4854 sex
2345 4795 2654 4852 creationis
2710 4793 2852 4858 dies,
2905 4795 3082 4858 1558,
3131 4794 3330 4850 4900.
3378 4826 3447 4836 -

2024 4888 2115 4959 Cf.
2148 4885 2472 4945 Emanatio.

1952 4977 2334 5033 CREATURA.
2357 4972 2664 5030 Emanatio
2693 4974 3096 5030 creaturarum
3127 4989 3164 5030 a
3189 4974 3302 5031 Deo
3331 4990 3449 5030 non

2024 5070 2112 5124 est
2178 5063 2462 5121 naturalis
2525 5060 2778 5124 effluxio,
2837 5063 2904 5116 ut
2963 5061 3088 5118 vult
3140 5061 3449 5128 Avicenna,

2026 5157 2130 5210 277
2148 5155 2223 5216 0,
2285 5169 2390 5210 nec
2453 5149 2777 5209 essentialis
2838 5149 3131 5215 emicatio,
3187 5153 3253 5208 ut
3305 5150 3455 5208 dixit

2027 5244 2208 5307 Plato,
2239 5244 2346 5298 278
2363 5244 2426 5308 Α,
2458 5242 2639 5305 3350,
2673 5257 2778 5296 nec
2823 5239 3088 5296 formalis
3135 5240 3450 5312 generati0,

2028 5336 2093 5390 ut
2120 5334 2446 5390 docuerunt
2489 5329 2610 5398 alii,
2639 5331 2819 5398 278Β,
2850 5330 2952 5387 sed
2988 5328 3220 5404 proprie
3261 5327 3451 5400 factio,
