4300 6259
69 5147 184 5191 pros.
215 5147 278 5176 vi.

900 507 980 555 DE
1020 505 1248 554 mlum
1286 503 1670 552 CHRISTIANAE
1712 501 2014 559 Tuccam,
2059 501 2237 548 mmm
2278 502 2319 547 1.
2365 519 2447 532 ·--
2484 503 2626 548 Aur.
2672 501 2879 549 Lxxxn

3324 485 3445 548 333

340 677 712 741 econtrario.
768 675 996 740 Divina
1043 693 1193 759 ergo
1239 674 1552 758 sapientia
1597 671 1840 736 ordinis
1867 670 1920 733 A
1951 689 2078 734 non
2122 679 2337 736 tamen
2378 681 2547 736 esset
2575 673 2703 736 Deo
2742 679 3113 736 coaeternus.
3147 671 3443 733 Aristote-

343 776 696 858 primorum
739 783 805 837 et
846 775 1276 838 secundorum
1318 792 1510 836 causa
1550 779 1665 835 est.

418 874 758 937 Rationum
787 873 1066 955 denique
1103 872 1645 955 praeinductarum
1675 869 1842 932 solu-

341 974 449 1046 tio,
481 992 558 1036 ex
591 973 692 1035 his
723 992 867 1055 quae
897 971 1220 1034 subtiliter
1257 971 1348 1033 ait
1377 970 1702 1032 Avicenna
1732 986 1839 1051 pa-

339 1071 514 1134 tebit.
565 1071 854 1134 Primum
901 1087 1182 1152 namque
1226 1069 1328 1149 (ut
1373 1067 1558 1148 dicit)
1598 1065 1836 1150 triplici

341 1171 680 1232 influentia
711 1169 928 1232 influit
965 1167 1292 1243 omnibus,
1327 1174 1548 1248 utpote
1591 1184 1605 1227 :
1647 1165 1840 1227 influ-

340 1269 510 1330 entia
553 1267 1030 1330 constitutionis
1075 1267 1154 1328 ad
1198 1283 1386 1328 esse:
1421 1271 1486 1328 et
1525 1264 1646 1326 hoc
1690 1262 1842 1325 facit

343 1367 406 1429 in
473 1374 788 1448 quantum
855 1364 1152 1428 efficiens
1215 1381 1444 1442 causa3
1501 1361 1844 1425 influentia

341 1464 786 1526 illustrationis
815 1463 892 1526 ad
922 1481 1110 1544 agere
1145 1479 1158 1524 :
1193 1470 1258 1524 et
1287 1461 1406 1524 hoc
1447 1469 1518 1523 ut
1555 1459 1841 1522 formalis

340 1581 452 1624 seu
499 1561 888 1643 exemplaris
935 1578 1126 1622 causa
1162 1559 1284 1640 (sic
1330 1559 1504 1622 enim
1552 1557 1845 1620 distinxit

339 1668 573 1733 creata,
615 1660 774 1722 dans
825 1657 1093 1720 cuilibet
1139 1657 1466 1740 propriam
1515 1655 1786 1720 formam
1823 1671 1838 1717 ε

337 1758 562 1822 formae
609 1774 784 1831 vero,
826 1763 924 1818 est
965 1773 1150 1836 agere
1193 1763 1256 1818 et
1301 1771 1580 1828 movere,
1621 1771 1844 1816 sccun-

1951 770 2042 832 les
2091 771 2369 853 denique
2418 772 2480 833 in
2532 771 2853 854 principio
2900 771 3108 834 octavi
3156 769 3448 852 Physico-

1951 886 2095 929 rum
2143 868 2481 931 manifeste
2528 869 2638 943 ait,
2686 868 3024 942 mundum,
3076 875 3323 929 motum
3384 873 3449 930 et

1951 973 2206 1049 tempus
2264 973 2499 1028 aeterna
2556 967 2693 1030 fore
2746 984 2759 1028 :
2812 985 3003 1048 quam
3064 965 3447 1048 positionem

1951 1064 2321 1127 Aristoteles
2358 1065 2647 1146 agnoscit
2690 1083 2757 1126 se
2796 1081 2923 1127 non
2964 1081 3149 1146 posse
3188 1063 3448 1126 demon-

1952 1171 2173 1235 strare,
2208 1163 2361 1225 dum
2397 1163 2459 1224 in
2501 1163 2755 1245 Topicis
2799 1162 2955 1224 dicit
2997 1162 3325 1243 problema
3370 1161 3448 1224 de

1953 1263 2303 1326 aeternitate
2375 1263 2621 1336 mundi,
2692 1281 2833 1325 esse
2902 1261 3230 1343 problema
3294 1281 3447 1324 neu—

1953 1369 2148 1434 trum,
2182 1361 2244 1423 id
2290 1369 2388 1423 est
2428 1362 2507 1424 ad
2552 1367 2889 1444 utramque
2936 1368 3179 1442 partem
3226 1359 3447 1443 proba-

1954 1461 2102 1523 bile.
2145 1461 2456 1525 Averroes
2495 1469 2707 1524 autem
2758 1467 3220 1524 commentator
3268 1468 3449 1543 puta·

1953 1559 2060 1621 bat
2119 1579 2187 1622 se
2244 1560 2661 1624 aeternitatem
2728 1560 2947 1622 mundi
3016 1559 3449 1621 demonstrare

1952 1675 2161 1737 posse.
2222 1657 2405 1720 Nunc
2462 1674 2613 1739 ergo
2679 1657 3045 1720 subtiliores
3104 1657 3445 1720 meliorum

1954 1755 2485 1838 philosophorum
2529 1757 2805 1819 rationes
2850 1755 3179 1837 tangendae
3220 1763 3387 1817 sunt.

337 1857 496 1918 dum
525 1853 932 1918 Aristotelem
965 1860 1028 1915 et
1048 1852 1538 1933 Averroem);et
1567 1849 1918 1920 innuen-B
2034 1853 2209 1926 Quod
2267 1855 2397 1935 agit
2464 1873 2579 1936 per
2636 1873 2775 1917 esse
2832 1862 2896 1916 et
2952 1873 3068 1937 per
3125 1853 3447 1936 propriam

337 1954 429 2017 tia
469 1953 864 2016 reductionis
901 1951 979 2014 ad
1020 1951 1302 2032 primum
1347 1949 1590 2013 fontem
1626 1966 1640 2010 ε
1673 1949 1842 2031 quod

335 2053 496 2115 facit
525 2051 881 2114 secundum
923 2050 1094 2132 quod
1131 2048 1350 2112 finalis
1387 2066 1596 2110 causa.
1633 2048 1719 2110 De
1749 2067 1842 2110 se·

337 2151 553 2213 cunda
599 2157 815 2212 autem
865 2155 928 2211 et
983 2147 1173 2210 tertia
1227 2145 1568 2209 influentia
1616 2145 1846 2209 intelli-

333 2249 548 2330 genda
577 2254 728 2310 sunt
755 2247 970 2310 omnia
998 2265 1141 2329 quae
1181 2245 1248 2307 in
1291 2245 1612 2308 instantiis
1649 2262 1845 2327 oppo-

335 2347 662 2410 nebantur
711 2363 726 2408 :
777 2347 928 2428 quia
974 2345 1212 2407 etenim
1275 2343 1341 2406 in
1399 2343 1528 2406 illis
1585 2343 1846 2426 ponitur

331 2453 764 2509 stramentum
825 2443 1182 2526 suscipiens
1238 2441 1486 2505 divinas
1547 2440 1846 2504 influxio-

331 2563 480 2618 neS,
522 2544 667 2606 idco
709 2542 946 2604 dicitur
982 2541 1266 2624 primum
1311 2539 1704 2622 principium
1749 2539 1846 2601 in-

329 2643 722 2706 differenter
759 2659 830 2703 se
869 2639 1102 2702 habere
1144 2639 1222 2702 ad
1267 2638 1730 2719 susceptacula.
1763 2673 1844 2684 -—

335 2743 798 2804 Verumtamen
847 2739 928 2801 de
975 2739 1218 2802 ratione
1277 2737 1388 2800 illa
1443 2736 1645 2801 Procli
1704 2757 1846 2820 quae

329 2841 551 2924 posita
579 2845 697 2912 est,
733 2838 858 2900 cito
887 2837 1010 2900 erit
1040 2835 1390 2918 inquisitio.
1424 2871 1504 2882 -
1533 2835 1842 2918 Denique,

327 2938 644 3002 distantia
673 2936 910 3000 dicitur
933 2935 1176 2998 ordinis
1213 2954 1406 2997 causa
1444 2951 1570 2996 non
1612 2934 1736 2996 nisi
1777 2942 1848 2997 ut

1951 1954 2321 2026 essentiam,
2354 1954 2516 2034 -agit
2577 1973 2691 2036 per
2746 1961 3037 2016 naturam
3102 1970 3117 2014 ε
3176 1952 3452 2016 essentia

1953 2051 2126 2113 enim
2176 2051 2343 2114 entis
2392 2059 2490 2114 est
2536 2060 2762 2115 natura
2806 2051 2971 2132 ejus.
3014 2051 3191 2124 Quod
3234 2059 3449 2115 autem

1953 2149 2084 2230 agit
2111 2168 2227 2232 per
2253 2157 2571 2224 naturam,
2603 2151 2733 2231 agit
2763 2149 3171 2213 uniformiter
3198 2158 3263 2212 et
3291 2169 3452 2214 sem·

1956 2265 2090 2328 per,
2122 2247 2275 2329 quia
2304 2249 2472 2311 actio
2499 2255 2741 2312 naturae
2771 2254 2868 2310 est
2897 2248 3252 2311 secundum
3283 2249 3451 2331 quod

1958 2345 2096 2428 ipsa
2125 2353 2239 2409 est.
2276 2347 2581 2410 Voluntas
2626 2355 2839 2409 autem
2883 2347 3015 2428 agit
3054 2365 3181 2410 non
3228 2365 3451 2410 secun·

1955 2444 2108 2506 dum
2143 2445 2404 2507 modum
2436 2463 2578 2508 esse
2608 2446 2731 2519 sui,
2764 2447 2875 2508 sed
2906 2446 3241 2529 propositi.
3275 2446 3452 2520 Quod

1954 2561 2105 2623 ergo
2131 2543 2261 2624 agit
2291 2561 2406 2624 per
2435 2551 2747 2616 naturam,
2780 2544 2875 2606 illi
2907 2552 3131 2607 natura
3167 2552 3265 2607 est
3294 2545 3453 2608 ratio

1955 2641 2182 2722 agendi
2218 2659 2232 2702 ε
2266 2649 2516 2724 oportet
2544 2659 2695 2723 ergo
2724 2649 2795 2704 ut
2831 2643 3115 2724 operatio
3152 2651 3456 2725 sequatur

1957 2739 2217 2801 modum
2269 2739 2523 2802 essendi
2566 2758 2679 2802 seu
2724 2747 2964 2804 naturae
3007 2740 3153 2804 talis
3181 2741 3449 2822 agentis.

1955 2836 2146 2899 Primi
2178 2846 2391 2899 autem
2423 2845 2649 2899 natura
2678 2837 2745 2900 in
2775 2838 2995 2901 eadem
3028 2839 3127 2900 sui
3158 2857 3299 2902 esse
3327 2840 3454 2902 dis-

1954 2935 2273 3018 positione
2302 2954 2557 3018 semper
2586 2936 2837 2998 exsistit
2870 2955 2883 2998 :
2917 2943 3015 2998 est
3054 2955 3205 3018 ergo
3244 2937 3455 3020 primo

326 3037 624 3118 signum,
657 3053 784 3097 non
813 3041 1031 3097 autem
1061 3039 1132 3094 ut
1169 3032 1465 3096 efficiens
1500 3049 1514 3094 ε
1549 3031 1847 3094 distantia
1875 3035 1918 3099 C
1955 3052 2213 3117 semper
2242 3034 2465 3097 eadem
2495 3041 2559 3096 et
2586 3033 2849 3098 omnino
2880 3033 3257 3098 indifferens
3297 3037 3458 3099 ratio

325 3152 622 3216 namque
695 3131 1145 3215 imperfectum
1213 3131 1368 3212 quid
1440 3138 1504 3192 et
1575 3129 1846 3212 privatio

325 3233 634 3316 quaedam
681 3238 798 3294 est.

647 3490 1138 3557 ARTICULUS
1183 3489 1527 3554 LXXXII.

325 3645 902 3714 Quemadmodum
937 3641 1018 3699 ab
1054 3647 1302 3700 aeterna
1331 3647 1390 3698 et
1423 3640 1842 3698 incommuta-

421 3735 548 3792 bili
585 3734 920 3791 voluntate
953 3729 1160 3804 possit
1191 3747 1410 3788 recens
1439 3737 1500 3787 et
1531 3737 1844 3803 tempora—

417 3823 510 3882 lis
555 3821 725 3880 actio
773 3837 1104 3879 emanare.

473 4015 624 4080 ΟΤΑ
654 4031 842 4097 porro
881 4020 946 4076 et
985 4013 1451 4076 Platonicorum
1493 4019 1558 4076 et
1594 4012 1844 4094 Peripa-

498 4113 838 4177 teticorum
887 4110 1106 4174 schola
1151 4109 1569 4174 aeternitatem
1621 4110 1844 4173 mundi

1955 3131 2206 3213 agendi,
2240 3134 2295 3194 si
2328 3151 2443 3216 per
2474 3141 2768 3196 naturam
2800 3140 2864 3195 et
2892 3151 3033 3196 esse
3063 3152 3250 3196 suum
3290 3142 3451 3215 agat.

1954 3231 2100 3312 Agit
2128 3238 2343 3295 autem
2379 3249 2494 3312 per
2523 3249 2663 3294 esse
2692 3239 2759 3292 et
2797 3237 3087 3294 naturam
3128 3232 3249 3294 sui.
3295 3233 3456 3306 Quo-

1956 3330 2128 3392 niam
2160 3328 2333 3392 enim
2375 3330 2930 3413 simplicissimum
2971 3337 3089 3404 est,
3122 3331 3247 3394 sibi
3287 3351 3458 3396 com·

1956 3428 2116 3511 petit
2143 3445 2331 3508 agere
2361 3429 2716 3491 secundum
2745 3429 2916 3510 quod
2947 3429 3183 3511 ipsum,
3215 3430 3459 3513 absque

1955 3525 2124 3588 omni
2156 3525 2456 3588 videlicet
2498 3527 2899 3609 appositione
2941 3528 3019 3590 ad
3063 3546 3203 3592 esse
3243 3536 3308 3592 et
3350 3549 3460 3592 na-

1955 3633 2165 3687 turam
2212 3623 2375 3706 ejus.
2424 3624 2601 3698 Quod
2645 3643 2797 3688 vero
2854 3626 3161 3707 competit
3216 3627 3306 3688 rei
3366 3646 3459 3690 se-

1957 3722 2241 3784 cundum
2299 3723 2469 3804 quod
2520 3723 2680 3804 ipsa,
2733 3723 3159 3805 inseparabile
3206 3733 3325 3799 est,
3388 3735 3460 3789 ut

1957 3822 2168 3903 primo
2196 3821 2623 3884 Posteriorum
2654 3821 3161 3884 demonstratum
3191 3831 3305 3885 est.
3333 3824 3457 3886 Pri-

1955 3937 2134 3981 mum
2195 3936 2345 3999 crgo
2412 3919 2801 4001 sempiterna
2858 3939 2987 3982 suae
3045 3919 3207 3983 lucis
3263 3921 3458 3984 diffu-

1955 4017 2136 4079 sione
2168 4016 2483 4078 mundum
2526 4015 2831 4079 condidit.
2868 4017 2947 4079 Et
2990 4017 3123 4080 haec
3170 4018 3331 4081 ratio
3374 4037 3453 4081 ex

1956 4114 2246 4178 doctrina
2274 4113 2547 4176 Platonis
2578 4113 2801 4188 oritur,
2836 4121 2901 4177 et
2930 4134 2967 4176 a
2994 4115 3213 4178 Proclo
3244 4116 3457 4180 multi-

317 4211 714 4279 introduxit.
749 4211 984 4272 Verum
1017 4227 1097 4271 ne
1137 4209 1203 4270 in
1243 4208 1538 4272 terminis
1575 4207 1692 4271 fiat
1729 4208 1846 4271 dif—
1874 4212 1925 4275 D
1956 4211 2211 4294 pliciter
2253 4211 2607 4273 deducitur.

315 4311 625 4383 sicultas,
657 4309 811 4371 dum
841 4307 1152 4370 mundum
1189 4315 1498 4369 aeternum
1529 4314 1841 4382 asserunt,

313 4409 518 4476 aliud
565 4407 789 4471 nolunt
826 4405 1038 4468 dicere
1078 4405 1204 4467 nisi
1248 4406 1418 4487 quod
1457 4423 1711 4486 semper
1747 4405 1846 4468 fu-

313 4510 468 4575 erit
495 4507 752 4590 quando
780 4505 922 4585 ejus
953 4523 1142 4566 causa
1181 4503 1303 4566 fuit
1336 4521 1352 4565 :
1385 4504 1477 4566 sic
1517 4505 1685 4586 quod
1717 4523 1844 4568 non

313 4610 416 4672 sit
453 4604 952 4668 determinatum
993 4608 1056 4664 et
1096 4600 1356 4664 finitum
1397 4608 1654 4683 tempus
1689 4603 1842 4665 assi-

311 4703 601 4790 gnabile
641 4701 997 4764 durationis
1035 4700 1196 4780 ejus.
1231 4699 1296 4762 Si
1343 4717 1492 4762 vero
1534 4708 1842 4763 aeternum

311 4807 594 4869 dicatur
623 4798 1118 4862 interminabilis
1150 4799 1295 4861 vitae
1326 4805 1454 4860 tota
1483 4799 1676 4860 simul
1708 4817 1846 4880 per-

309 4907 510 4969 fecta
539 4898 882 4982 possessi0‚
921 4905 1168 4960 constat
1195 4897 1524 4958 dumtaxat
1551 4897 1844 4960 divinum

309 5021 458 5069 ens
495 5007 811 5064 aeternum
851 5014 1010 5058 esse.
1044 4994 1147 5057 Sic
1187 5013 1464 5078 namque
1502 4995 1728 5078 quinto
1766 4997 1846 5058 de

311 5096 792 5169 Consolatione
831 5094 991 5156 dixit
1025 5094 1302 5168 BoetiuS,
1342 5095 1509 5176 quod
1550 5094 1844 5176 quamvis

311 5198 626 5268 mundus
677 5193 816 5256 sine
864 5193 1170 5274 temporis
1227 5193 1411 5255 initio
1469 5193 1696 5256 fuisset
1753 5213 1845 5256 se-

308 5297 630 5368 cundum
663 5291 1012 5376 positiones
1042 5290 1316 5354 Platonis
1359 5299 1424 5353 et
1461 5291 1840 5372 Aristotelia,

2035 4310 2281 4384 Adhuc,
2334 4318 2561 4371 natura
2609 4309 2800 4391 primi
2852 4311 3019 4373 entis
3066 4318 3162 4374 est
3211 4311 3452 4390 lumen,

1956 4409 2205 4471 bonitas
2249 4416 2314 4470 et
2354 4415 2533 4470 actus
2577 4425 2591 4470 :
2636 4409 2994 4471 essentialis
3034 4417 3248 4472 autem
3294 4412 3455 4475 lucis

1954 4507 2120 4569 actio
2165 4515 2262 4568 est
2308 4505 2408 4568 sui
2454 4505 2759 4585 diffusi03
2793 4506 3032 4569 bonum
3078 4526 3334 4590 quoque
3376 4529 3454 4574 ex

1957 4604 2216 4686 propria
2244 4611 2467 4666 natura
2507 4611 2602 4666 est
2642 4605 2741 4666 sui
2782 4606 3394 4669 communicativum
3434 4625 3451 4670 z

1958 4703 2166 4785 primo
2223 4720 2373 4782 ergo
2441 4703 2729 4766 naturale
2787 4711 2883 4765 est
2939 4722 3007 4765 se
3064 4703 3451 4770 diffundere.

1955 4801 2130 4874 Quod
2175 4819 2327 4863 vero
2370 4800 2656 4862 naturale
2706 4809 2822 4874 est,
2869 4801 3295 4883 inseparabile
3335 4812 3449 4867 est.

1957 4899 2032 4960 Et
2075 4898 2211 4960 haec
2250 4897 2431 4970 rati0,
2466 4916 2613 4959 cum
2653 4916 2727 4958 ea
2765 4916 2907 4979 quae
2944 4905 3091 4960 ante
3122 4899 3327 4980 posita
3358 4907 3455 4964 est

1956 4998 2021 5060 in
2049 4996 2321 5059 articulo
2365 4995 2701 5078 positionis
2729 4996 3069 5060 Avicennae
3111 4998 3189 5060 de
3230 5000 3451 5062 creati·
3478 5031 3561 5072 m,
3586 5040 3730 5072 mu,

1954 5113 2075 5158 one
2117 5113 2357 5166 rerum,
2389 5093 2644 5155 videtur
2678 5093 3165 5174 Alphorabium,
3196 5095 3450 5177 Algaze·

1955 5195 2080 5256 lem
2121 5201 2186 5255 et
2222 5191 2612 5255 Avicennam
2657 5191 2983 5254 induxisse
3028 5199 3099 5254 ut
3142 5203 3453 5281 ponerent

1953 5290 2373 5356 aeternitatem
2418 5289 2660 5352 mundi.
