4300 6259
811 581 825 595 ·
864 490 987 557 390

576 5023 711 5068 Hebr.
730 5038 787 5077 xi,
808 5030 843 5071 1.

1498 510 1579 558 m:
1619 510 1845 559 Lunum
1887 509 2270 559 cnmsTIANAE
2310 508 2612 567 Tnzonnss,
2655 504 2830 557 mmm
2871 512 2934 557 11.
2981 529 3060 540 —
3099 510 3239 557 ΛΒΤ.
3284 510 3348 557 lv

949 682 1265 764 AmpliuS‚
1297 684 1467 766 quod
1506 681 1699 746 etiam
1740 702 1815 746 ea
1851 702 1995 765 quae
2034 683 2194 746 ratio
2237 699 2364 745 non
2396 681 2445 744 A
2476 701 2616 745 esse
2664 680 2828 745 fides
2875 690 2939 746 et
2986 681 3461 745 demonstratio,
3512 680 3759 754 Adhuc,
3807 678 3960 741 fides

870 780 1376 862 comprehendit,
1408 780 1623 843 decuit
1650 780 2023 843 hominibus
2053 780 2369 843 credenda

869 876 1165 960 proponi,
1217 896 1295 939 ex
1352 876 1485 941 fine
1532 878 1828 942 humanae
1878 876 2247 960 propaginis
2305 884 2369 939 et

868 975 1209 1039 creationis
1252 994 1509 1039 eausam
1553 976 1833 1039 sortitur.
1880 976 1966 1037 Ea
2007 976 2182 1039 enim
2226 994 2368 1057 quae

864 1082 1017 1137 sunt
1071 1074 1137 1136 in
1195 1074 1419 1150 finem,
1468 1074 1587 1136 fini
1647 1093 1907 1137 necesse
1956 1081 2053 1138 est
2112 1091 2370 1157 propor-

863 1172 1114 1236 tionari.
1169 1172 1347 1235 Sicut
1404 1190 1555 1254 ergo
1605 1173 1893 1236 ultimata
1941 1173 2222 1236 hominis
2279 1172 2368 1234 fe-

866 1269 1071 1335 licitas
1132 1272 1637 1354 supernaturalis
1704 1279 1821 1346 est,
1882 1272 1975 1335 sic
2033 1280 2097 1334 et
2164 1271 2367 1352 legem

864 1369 1281 1432 conformiter
1338 1370 1885 1452 supernaturalem
1944 1369 2366 1452 praestandam

864 1468 1205 1541 exstitisse,
1252 1468 1463 1549 palam
1508 1476 1625 1531 est.
1673 1468 1849 1543 Quod
1890 1476 2105 1531 autem
2153 1467 2367 1530 finalis

865 1565 1192 1629 beatitudo
1239 1565 1521 1628 hominis
1572 1566 1656 1627 sit
1702 1564 2228 1647 supernaturaliS,
2278 1564 2371 1626 vi-

866 1664 1099 1726 delicet
1127 1662 1360 1727 divinae
1390 1664 1683 1727 essentiae
1715 1663 2083 1726 immediata
2112 1680 2184 1725 ac
2216 1680 2371 1744 pura

865 1761 1225 1844 perfruitio,
1280 1779 1407 1823 non
1469 1762 1691 1843 utique
1747 1761 2042 1823 humanae
2100 1759 2372 1841 inquisi-

2477 782 2704 845 merito
2747 789 2938 857 caret,
2985 781 3037 844 si
3083 782 3326 845 ratione
3370 782 3647 844 humana
3695 778 3962 842 stabilia-

2477 888 2596 942 tur.
2651 881 2772 944 Sed
2831 881 2884 943 si
2935 881 3012 943 de
3058 880 3284 944 eodem
3332 888 3501 943 esset
3547 878 3710 943 fides
3757 886 3821 941 et
3867 877 3965 939 de·

2477 978 2872 1052 monstrati0,
2905 979 3027 1041 hoc
3069 978 3392 1061 praecipue
3433 984 3824 1061 competeret
3864 976 3964 1038 do-

2478 1078 2596 1139 ctis
2643 1086 2706 1140 et
2744 1076 3160 1160 sapientibus.
3197 1078 3270 1141 Hi
3311 1095 3464 1158 ergo
3508 1076 3806 1139 meritum
3847 1091 3964 1135 non

2478 1176 2787 1239 haberent
2833 1177 2912 1239 de
2960 1194 3275 1238 consensu
3333 1193 3554 1239 eorum
3615 1192 3758 1256 quae
3816 1171 3968 1234 fides

2478 1276 2689 1349 tradit,
2722 1293 2994 1357 quorum
3031 1275 3151 1356 ipsi
3182 1274 3580 1337 scientialem
3612 1280 3968 1351 certamque

2479 1374 2792 1436 rationem
2837 1372 3260 1455 conspiciunt.
3303 1372 3440 1436 Non
3479 1388 3632 1452 ergo
3669 1377 3836 1433 esset
3873 1369 3970 1429 de-

2480 1471 2820 1535 siderabile
2868 1472 2962 1533 eis
3011 1470 3314 1534 sublimia
3359 1478 3424 1533 et
3463 1468 3726 1533 subtilia
3769 1467 3848 1530 de
3888 1466 3972 1528 di·

2479 1570 2648 1631 vinis
2690 1588 3055 1650 agnoscere,
3090 1568 3326 1651 quibus
3370 1569 3662 1631 indoctus
3705 1566 3970 1649 quisque

2479 1667 2906 1741 assentiendo,
2945 1668 3242 1730 meritum
3274 1686 3404 1749 prae
3433 1666 3527 1730 eis
3565 1665 3924 1749 acquireret
3953 1680 3965 1723 :

2481 1765 2600 1828 hoc
2643 1772 2856 1827 autem
2899 1766 3356 1829 inconveniens
3393 1773 3508 1827 est.
3541 1764 3870 1833 Praeterea,
3901 1760 3971 1823 fi-

864 1860 1059 1924 tionis
1117 1860 1659 1923 demonstratione
1709 1859 1924 1921 fulciri
1976 1866 2206 1941 potest,
2259 1857 2368 1921 sed
2399 1855 2445 1917 B
2481 1864 2593 1926 des
2624 1872 2687 1927 et
2715 1864 3171 1928 demonstratio
3199 1882 3311 1927 seu
3343 1862 3632 1935 seientia,
3665 1880 3744 1925 ex
3783 1876 3974 1943 oppo-

866 1958 995 2021 illis
1044 1958 1481 2021 fundamentis
1527 1958 1645 2021 hoc
1690 1957 1987 2019 innititur
2027 1956 2264 2039 quibus
2307 1964 2370 2018 et

865 2063 996 2118 tota
1041 2055 1203 2120 fides
1237 2073 1251 2118 t
1288 2075 1428 2137 quae
1466 2056 1597 2137 jam
1645 2056 1773 2118 cito
1814 2056 2154 2118 reseranda
2198 2062 2364 2116 sunt.

866 2155 1137 2218 Possunt
1163 2162 1377 2217 tamen
1420 2155 1693 2217 rationes
1733 2153 2096 2236 probabiles
2127 2153 2366 2226 induci,

868 2254 1037 2336 quod
1088 2253 1537 2334 hujuscemodi
1587 2251 1785 2315 fidem
1837 2252 2053 2315 decuit
2099 2252 2372 2314 homini-

868 2349 991 2412 bus
1037 2350 1220 2412 tradi.
1268 2349 1500 2423 Primo,
1548 2357 1618 2411 ut
1657 2349 1849 2412 homo
1897 2350 2252 2412 secundum
2302 2367 2369 2411 se

866 2455 1073 2511 totum
1115 2447 1361 2529 judicio
1406 2456 1471 2511 et
1507 2448 1818 2511 voluntati
1865 2446 2178 2512 Creatoris
2223 2446 2370 2509 sub-

866 2548 1039 2609 ditus
1069 2553 1239 2609 esset
1272 2546 1462 2608 :dum
1498 2546 1799 2609 videlicet
1829 2562 1942 2626 per
1972 2544 2369 2607 intellectum

866 2644 997 2707 illis
1037 2644 1323 2719 assentit,
1356 2651 1420 2707 et
1460 2663 1575 2726 per
1612 2644 2006 2707 voluntatem
2045 2642 2137 2705 eis
2178 2641 2370 2704 rebus

865 2743 1325 2824 adhaeret,quae
1358 2761 1555 2824 neque
1578 2742 1751 2804 videt
1782 2760 1990 2823 neque
2022 2740 2365 2820 cognoscit.

867 2840 958 2902 Ex
1020 2840 1139 2902 hoc
1197 2840 1439 2922 quippe
1500 2840 1707 2903 meriti
1760 2839 2037 2902 maxima
2092 2839 2253 2901 ratio
2310 2839 2370 2901 ei

866 2938 1191 3001 accrescit.
1228 2937 1556 3000 Summam
1599 2938 1771 3000 enim
1816 2938 2233 3001 reverentiam
2266 2956 2369 2999 ex-

2481 1961 2605 2024 sito
2651 1968 2714 2022 et
2761 1960 3066 2042 specifice
3116 1960 3598 2042 distinguuntur
3649 1977 3662 2020 :
3709 1974 3834 2020 non
3883 1964 3974 2017 est

2481 2074 2632 2137 ergo
2677 2056 2967 2137 ejusdem
3025 2057 3313 2120 veritatis
3370 2056 3638 2119 scientia
3694 2063 3760 2118 et
3817 2052 3971 2116 fides

2484 2155 2544 2216 in
2580 2154 2910 2236 praesentis
2943 2154 3136 2235 hujus
3177 2155 3322 2217 vitae
3351 2161 3536 2216 statu.

2563 2253 2684 2316 Sed
2732 2252 3273 2333 respondendum,
3321 2252 3490 2334 quod
3540 2268 3776 2314 nomen
3827 2248 3972 2311 fidei

2483 2368 2612 2413 uno
2642 2351 2902 2433 quidem
2939 2351 3126 2413 modo
3163 2350 3480 2432 accipitur
3519 2366 3636 2431 pro
3661 2366 3926 2411 assensu
3959 2364 3972 2407 :

2482 2448 2560 2510 ad
2621 2449 2808 2529 cujus
2867 2450 3178 2511 rationem
3237 2465 3364 2510 non
3423 2448 3702 2529 pertinet
3769 2452 3840 2506 ut
3901 2463 3974 2507 ex

2484 2546 2864 2609 certitudine
2921 2545 3481 2610 demonstrationis
3541 2544 3642 2607 vel
3699 2542 3976 2605 scientiae

2483 2664 2596 2707 seu
2644 2645 2940 2709 humanae
2989 2644 3426 2728 inquisitionis
3474 2642 3778 2726 procedat
3830 2658 3846 2703 ε
3889 2640 3976 2703 sic

2483 2761 2715 2824 nempe
2763 2742 2972 2806 omnis
3023 2742 3174 2805 fidei
3219 2743 3475 2817 veritaS,
3521 2742 3656 2804 sive
3707 2739 3974 2803 naturali

2483 2841 2726 2904 ratione
2771 2848 2979 2923 pateat
3022 2842 3157 2903 sive
3201 2859 3353 2912 non,
3385 2839 3507 2902 sub
3549 2839 3681 2902 fide
3721 2846 3786 2901 et
3825 2836 3974 2900 fidei

2481 2938 2770 3001 articulis
2829 2938 3415 3020 comprehenditur.
3465 2937 3602 3000 Non
3661 2936 3840 2999 enim
3887 2954 3976 2997 re—

870 3035 1051 3098 hibet
1088 3036 1281 3098 homo
1321 3036 1621 3109 Creatori,
1655 3037 1807 3098 dum
1848 3035 1980 3098 sola
2020 3036 2222 3117 ipsius
2259 3054 2367 3097 au·
2401 3032 2443 3095 C
2483 3036 2681 3118 quirit
2729 3036 2894 3099 Deus
2941 3035 3021 3097 ab
3069 3035 3353 3109 homine,
3401 3042 3471 3096 ut
3515 3053 3629 3117 per
3669 3034 3976 3096 rationem

870 3133 1182 3208 ctoritate,
1234 3134 1590 3196 seeundum
1641 3133 2020 3216 praedictum
2078 3134 2364 3207 modum,

866 3239 1218 3314 spontanee
1248 3249 1386 3293 sese
1418 3231 1511 3293 illi
1552 3230 1837 3312 subjicit,
1871 3238 1998 3292 tam
2041 3230 2368 3294 intellectu

866 3348 1060 3412 quam
1120 3330 1465 3393 voluntate.
1518 3330 1846 3402 Praeterea,
1910 3348 2024 3411 per
2083 3330 2204 3392 hoc
2265 3348 2372 3411 po·

866 3427 1117 3491 tissime
1170 3427 1478 3490 elucescit
1533 3427 1918 3510 superplena
1974 3427 2209 3491 divinae
2267 3447 2370 3489 na-

866 3532 1027 3590 turae
1084 3525 1357 3599 bonitaS,
1417 3525 1585 3608 quod
1644 3525 1899 3589 divitias
1956 3524 2371 3588 beatitudinis

869 3642 1022 3698 suae,
1056 3643 1197 3705 quae
1241 3631 1392 3685 sunt
1431 3624 1885 3705 contemplatio
1924 3630 1987 3686 et
2024 3641 2204 3685 amor
2241 3643 2370 3687 suae

868 3730 1119 3785 aeternae
1148 3728 1213 3783 et
1243 3721 1813 3802 incircumscriptae
1856 3722 2039 3795 luciS,
2072 3721 2371 3783 humanis

870 3818 1195 3883 mentibus
1237 3819 1670 3883 communicat
1712 3838 1905 3903 supra
1946 3819 2009 3882 id
2059 3820 2228 3901 quod
2279 3819 2371 3882 eis

872 3918 1227 3981 secundum
1268 3918 1570 3980 virtutem
1614 3918 1887 3999 propriae
1924 3918 2162 4000 speciei
2205 3936 2374 3981 com-

870 4016 1033 4099 petit
1074 4033 1088 4078 :
1134 4016 1303 4098 quod
1349 4015 1663 4095 contingit
1705 4016 1769 4076 in
1816 4015 1957 4089 hoe,
1992 4016 2161 4097 quod
2205 4016 2371 4079 Deus

870 4132 987 4195 per
1040 4113 1240 4175 fidem
1299 4132 1373 4175 ea
1430 4112 1676 4176 homini
1747 4113 1983 4175 revelat
2047 4133 2190 4195 quae
2259 4132 2374 4195 per

2481 3142 2778 3215 agnoscat
2807 3153 2913 3197 eas
2954 3133 3108 3197 fidei
3149 3134 3447 3197 veritates
3487 3152 3630 3215 quae
3667 3132 3862 3196 etiam
3894 3150 3980 3193 ra-

2482 3232 2675 3296 tionis
2735 3232 3032 3313 indagine
3083 3233 3482 3295 innotescere
3529 3239 3823 3314 possunt,
3873 3229 3976 3291 sed

2481 3330 2729 3392 sufficit
2781 3330 3055 3412 simplex
3109 3348 3426 3393 assensus.
3477 3330 3698 3393 Denuo
3751 3327 3980 3411 accipi-

2482 3436 2587 3490 tur
2616 3428 2643 3490 f
2648 3429 2779 3491 ides
2813 3428 3014 3509 magis
3045 3428 3431 3511 specialiter,
3465 3435 3656 3510 prout
3682 3426 3980 3490 videlicet

2480 3528 2714 3590 dieitur
2743 3535 3034 3609 respectu
3069 3545 3289 3591 eorum
3322 3527 3653 3590 dumtaxat
3681 3546 3826 3610 quae
3855 3526 3978 3586 vim

2483 3626 2787 3688 naturalis
2821 3626 3082 3688 luminis
3126 3626 3405 3689 evadunt
3437 3644 3451 3688 :
3483 3625 3563 3688 ad
3607 3643 3802 3707 quem
3847 3642 3980 3685 sen-

2483 3742 2626 3785 sum
2683 3724 3076 3804 Augustinus
3133 3724 3245 3797 ait,
3296 3723 3437 3787 Noli
3497 3722 3858 3803 intelligere
3913 3730 3978 3783 ut

2483 3822 2726 3895 credaS,
2770 3822 2882 3883 sed
2924 3822 3112 3884 erede
3157 3829 3227 3884 ut
3268 3821 3608 3903 intelligas.
3651 3822 3812 3895 lm0,
3857 3838 3978 3902 quo

2482 3920 2715 3982 veritas
2745 3920 2958 4001 aliqua
2987 3920 3066 3982 de
3095 3920 3356 3993 divinis,
3377 3918 3658 4002 amplius
3687 3919 3978 3981 humanae

2483 4017 2744 4080 rationis
2775 4023 3153 4099 potestatem
3196 4018 3468 4090 excedit,
3499 4034 3579 4080 eo
3614 4016 3984 4080 credibilior

2482 4122 2599 4188 est,
2632 4115 2812 4197 quasi
2853 4133 2890 4176 a
2927 4115 3196 4177 scientia
3225 4123 3290 4178 et
3318 4115 3864 4179 demonstratione
3891 4112 3981 4176 di·

871 4211 1182 4273 rationem
1223 4228 1449 4293 capere
1494 4210 1737 4292 nequit,
1770 4218 1833 4273 et
1872 4210 2021 4273 talia
2059 4212 2371 4293 speranda
2402 4210 2451 4273 D
2481 4214 2766 4276 stantior.
2819 4214 3184 4277 Secundum
3236 4214 3408 4275 hunc
3458 4214 3673 4298 itaque
3720 4214 3978 4276 modum

873 4309 1134 4372 instruit
1160 4328 1301 4391 quae
1331 4328 1523 4391 supra
1556 4316 1844 4373 naturam
1876 4317 2043 4371 sunt.

1298 4572 1787 4637 ARTICULUS
1832 4572 1949 4637 IV.

911 4716 1023 4776 An
1071 4713 1361 4790 ejusdem
1404 4712 1704 4771 veritatis
1741 4713 1947 4787 possit
1992 4732 2122 4771 esse
2165 4716 2329 4790 fides

1328 4810 1389 4861 et
1430 4803 1916 4862 demonstratio.

995 4998 1021 5060 1
1052 4997 1246 5078 igitur
1274 5003 1371 5059 est
1400 4995 1427 5057 s
1430 4995 1564 5058 ides
1595 4995 1950 5058 substantia
1980 5015 2193 5059 rerum
2226 5016 2362 5079 spe-

1020 5094 1385 5167 randarum,
1415 5100 1863 5174 argumentum
1898 5113 2025 5157 non
2055 5113 2365 5177 apparen-

866 5193 1053 5267 tium,
1112 5191 1569 5255 demonstratio
1622 5198 1836 5254 autem
1902 5194 2366 5272 argumentatio

864 5299 964 5354 est
1015 5290 1260 5353 faciens
1318 5289 1523 5370 scire3
1574 5306 1700 5352 non
1759 5290 2014 5353 videtur
2069 5291 2362 5372 ejusdem

2481 4330 2608 4375 non
2639 4321 2737 4375 est
2763 4312 3055 4393 ejusdem
3095 4312 3381 4375 veritatis
3420 4312 3588 4376 fides
3627 4320 3690 4376 et
3725 4314 3980 4375 demon·

2477 4411 2721 4486 stratio,
2753 4411 2922 4473 sicut
2951 4411 3359 4493 praeinductoe
3395 4412 3980 4493 argumentationes

2479 4511 2890 4575 convincunt.

2559 4611 2646 4673 De
2695 4610 2826 4674 fide
2875 4610 3085 4692 primo
3136 4611 3326 4674 modo
3375 4619 3654 4693 sumpta,
3697 4611 3792 4675 nil
3841 4630 3980 4695 pro-

2477 4707 2657 4771 hibet
2703 4716 2772 4770 ut
2820 4709 3042 4771 eadem
3092 4708 3327 4773 veritas
3375 4710 3459 4773 sit
3505 4710 3618 4772 uni
3667 4710 3802 4774 sola
3851 4710 3978 4774 fide

2476 4806 2866 4888 agnita,quae
2895 4815 3108 4870 tamen
3137 4808 3322 4871 alteri
3351 4808 3707 4872 certissima
3733 4811 3978 4873 ratione

2478 4903 2665 4967 lucet.
2717 4904 2873 4968 Nam
2933 4912 2997 4967 et
3053 4906 3327 4970 haereses
3383 4908 3675 4989 quaedam
3722 4910 3976 4973 exstite-

2475 5010 2646 5073 runt,
2678 5021 2821 5084 quae
2861 5020 2938 5065 ex
2977 5003 3252 5067 ruditate
3291 5004 3656 5069 intellectus
3695 5014 3759 5069 et
3800 5008 3972 5089 igno-

2475 5099 2680 5161 rantia
2720 5100 2963 5162 ordinis
3007 5119 3222 5164 rerum
3270 5102 3767 5185 profluxerunt:
3809 5107 3976 5170 sieut

2473 5214 2696 5259 eorum
2754 5198 2863 5279 qui
2922 5198 3324 5262 aestimabant
3379 5201 3580 5264 Deum
3649 5204 3976 5288 corporeis

2443 5293 2876 5358 -lineamentis
2905 5296 3373 5372 circumscribi,
3405 5306 3470 5360 et
3509 5300 3576 5362 in
3615 5308 3847 5365 natura
3885 5302 3973 5365 di-
