<?xml version="1.0" encoding="UTF-8"?>
<!DOCTYPE html PUBLIC "-//W3C//DTD XHTML 1.0 Transitional//EN"
    "http://www.w3.org/TR/xhtml1/DTD/xhtml1-transitional.dtd">
<html xmlns="http://www.w3.org/1999/xhtml" xml:lang="en" lang="en">
 <head>
  <title>
</title>
<meta http-equiv="Content-Type" content="text/html;charset=utf-8" />
  <meta name='ocr-system' content='tesseract 3.04.00' />
  <meta name='ocr-capabilities' content='ocr_page ocr_carea ocr_par ocr_line ocrx_word'/>
</head>
<body>
  <div class='ocr_page' id='page_1' title='image "./doctorisecstati05unkngoog_0178.png"; bbox 0 0 4300 6259; ppageno 0'>
   <div class='ocr_carea' id='block_1_1' title="bbox 828 461 947 528">
    <p class='ocr_par' dir='ltr' id='par_1_1' title="bbox 828 461 947 528">
     <span class='ocr_line' id='line_1_1' title="bbox 828 461 947 528; baseline 0.017 -2"><span class='ocrx_word' id='word_1_1' title='bbox 828 461 947 528; x_wconf 75' lang='lat'>160</span> 
     </span>
    </p>
   </div>
   <div class='ocr_carea' id='block_1_2' title="bbox 1358 477 3429 530">
    <p class='ocr_par' dir='ltr' id='par_1_2' title="bbox 1358 477 3429 530">
     <span class='ocr_line' id='line_1_2' title="bbox 1358 477 3429 530; baseline 0 -2"><span class='ocrx_word' id='word_1_2' title='bbox 1358 481 1783 530; x_wconf 66' lang='lat' dir='ltr'>nummulo</span> <span class='ocrx_word' id='word_1_3' title='bbox 1825 479 2227 529; x_wconf 67' lang='lat' dir='ltr'>mmmmm.</span> <span class='ocrx_word' id='word_1_4' title='bbox 2272 497 2352 509; x_wconf 90' lang='lat'><strong>—</strong></span> <span class='ocrx_word' id='word_1_5' title='bbox 2392 478 2472 526; x_wconf 73' lang='lat' dir='ltr'>DE</span> <span class='ocrx_word' id='word_1_6' title='bbox 2513 477 2931 528; x_wconf 61' lang='lat' dir='ltr'>»nonuunomt</span> <span class='ocrx_word' id='word_1_7' title='bbox 2971 479 3179 528; x_wconf 65' lang='lat' dir='ltr'>RERUR</span> <span class='ocrx_word' id='word_1_8' title='bbox 3224 481 3267 528; x_wconf 73' lang='lat' dir='ltr'>A</span> <span class='ocrx_word' id='word_1_9' title='bbox 3309 480 3429 529; x_wconf 74' lang='grc' dir='ltr'>ΒΕΘ</span> 
     </span>
    </p>
   </div>
   <div class='ocr_carea' id='block_1_3' title="bbox 831 647 3954 732">
    <p class='ocr_par' dir='ltr' id='par_1_3' title="bbox 831 647 3954 732">
     <span class='ocr_line' id='line_1_3' title="bbox 831 647 3954 732; baseline 0.001 -22"><span class='ocrx_word' id='word_1_10' title='bbox 831 647 1165 722; x_wconf 88' lang='lat' dir='ltr'>coelorum,</span> <span class='ocrx_word' id='word_1_11' title='bbox 1197 656 1264 711; x_wconf 89' lang='lat' dir='ltr'>et</span> <span class='ocrx_word' id='word_1_12' title='bbox 1289 667 1469 732; x_wconf 83' lang='lat' dir='ltr'>aquae</span> <span class='ocrx_word' id='word_1_13' title='bbox 1508 668 1651 732; x_wconf 78' lang='lat' dir='ltr'>quae</span> <span class='ocrx_word' id='word_1_14' title='bbox 1688 668 1882 732; x_wconf 90' lang='lat' dir='ltr'>super</span> <span class='ocrx_word' id='word_1_15' title='bbox 1921 648 2115 712; x_wconf 86' lang='lat' dir='ltr'>coelos</span> <span class='ocrx_word' id='word_1_16' title='bbox 2158 655 2331 724; x_wconf 92' lang='lat' dir='ltr'>sunt,</span> <span class='ocrx_word' id='word_1_17' title='bbox 2363 648 2412 711; x_wconf 89' lang='lat' dir='ltr'>A</span> <span class='ocrx_word' id='word_1_18' title='bbox 2447 647 2595 710; x_wconf 92' lang='lat' dir='ltr'>bem</span> <span class='ocrx_word' id='word_1_19' title='bbox 2653 647 2904 731; x_wconf 78' lang='lat' dir='ltr'><strong>corpori</strong></span> <span class='ocrx_word' id='word_1_20' title='bbox 2967 648 3166 730; x_wconf 87' lang='lat' dir='ltr'>magis</span> <span class='ocrx_word' id='word_1_21' title='bbox 3223 649 3543 712; x_wconf 85' lang='lat' dir='ltr'>adducere</span> <span class='ocrx_word' id='word_1_22' title='bbox 3599 665 3794 731; x_wconf 84' lang='lat' dir='ltr'>quam</span> <span class='ocrx_word' id='word_1_23' title='bbox 3845 648 3954 712; x_wconf 89' lang='lat' dir='ltr'>de-</span> 
     </span>
    </p>
   </div>
   <div class='ocr_carea' id='block_1_4' title="bbox 836 746 2328 829">
    <p class='ocr_par' dir='ltr' id='par_1_4' title="bbox 836 746 2328 829">
     <span class='ocr_line' id='line_1_4' title="bbox 836 746 2328 829; baseline 0 -21"><span class='ocrx_word' id='word_1_24' title='bbox 836 746 1099 810; x_wconf 88' lang='lat' dir='ltr'>laudent</span> <span class='ocrx_word' id='word_1_25' title='bbox 1127 765 1362 810; x_wconf 90' lang='lat' dir='ltr'>nomen</span> <span class='ocrx_word' id='word_1_26' title='bbox 1392 747 1666 811; x_wconf 89' lang='lat' dir='ltr'><strong>Domini.</strong></span> <span class='ocrx_word' id='word_1_27' title='bbox 1691 747 1898 829; x_wconf 82' lang='lat' dir='ltr'><strong>Atque</strong></span> <span class='ocrx_word' id='word_1_28' title='bbox 1931 747 1995 809; x_wconf 90' lang='lat' dir='ltr'>in</span> <span class='ocrx_word' id='word_1_29' title='bbox 2026 747 2328 810; x_wconf 80' lang='lat' dir='ltr'><strong>Daniele:</strong></span> 
     </span>
    </p>
   </div>
   <div class='ocr_carea' id='block_1_5' title="bbox 2441 746 3956 829">
    <p class='ocr_par' dir='ltr' id='par_1_5' title="bbox 2441 746 3956 829">
     <span class='ocr_line' id='line_1_5' title="bbox 2441 746 3956 829; baseline 0 -21"><span class='ocrx_word' id='word_1_30' title='bbox 2441 764 2671 809; x_wconf 88' lang='lat' dir='ltr'>eorem.</span> <span class='ocrx_word' id='word_1_31' title='bbox 2709 746 2882 810; x_wconf 90' lang='lat' dir='ltr'>Scias</span> <span class='ocrx_word' id='word_1_32' title='bbox 2912 765 3064 828; x_wconf 88' lang='lat' dir='ltr'>ergo</span> <span class='ocrx_word' id='word_1_33' title='bbox 3103 746 3297 810; x_wconf 91' lang='lat' dir='ltr'>etiam</span> <span class='ocrx_word' id='word_1_34' title='bbox 3335 765 3534 829; x_wconf 87' lang='lat' dir='ltr'>aquas</span> <span class='ocrx_word' id='word_1_35' title='bbox 3573 765 3717 829; x_wconf 85' lang='lat' dir='ltr'>quae</span> <span class='ocrx_word' id='word_1_36' title='bbox 3757 763 3956 828; x_wconf 89' lang='lat' dir='ltr'>super</span> 
     </span>
    </p>
   </div>
   <div class='ocr_carea' id='block_1_6' title="bbox 536 844 3952 927">
    <p class='ocr_par' dir='ltr' id='par_1_6' title="bbox 536 844 3952 927">
     <span class='ocr_line' id='line_1_6' title="bbox 536 844 3952 927; baseline 0.001 -26"><span class='ocrx_word' id='word_1_37' title='bbox 536 844 1215 918; x_wconf 68' lang='lat' dir='ltr'>vm1u‚⁶o.Benedicite,</span> <span class='ocrx_word' id='word_1_38' title='bbox 1248 864 1427 927; x_wconf 84' lang='lat' dir='ltr'>aquae</span> <span class='ocrx_word' id='word_1_39' title='bbox 1470 861 1693 908; x_wconf 89' lang='lat' dir='ltr'>omnes</span> <span class='ocrx_word' id='word_1_40' title='bbox 1734 864 1875 926; x_wconf 86' lang='lat' dir='ltr'>quae</span> <span class='ocrx_word' id='word_1_41' title='bbox 1904 863 2099 926; x_wconf 90' lang='lat' dir='ltr'>super</span> <span class='ocrx_word' id='word_1_42' title='bbox 2134 844 2330 908; x_wconf 88' lang='lat' dir='ltr'>coelos</span> <span class='ocrx_word' id='word_1_43' title='bbox 2444 845 2639 908; x_wconf 86' lang='lat' dir='ltr'>coelos</span> <span class='ocrx_word' id='word_1_44' title='bbox 2689 853 2858 918; x_wconf 91' lang='lat' dir='ltr'>sunt,</span> <span class='ocrx_word' id='word_1_45' title='bbox 2907 863 3046 908; x_wconf 88' lang='lat' dir='ltr'>esse</span> <span class='ocrx_word' id='word_1_46' title='bbox 3094 846 3174 908; x_wconf 90' lang='lat' dir='ltr'>de</span> <span class='ocrx_word' id='word_1_47' title='bbox 3218 845 3445 909; x_wconf 91' lang='lat' dir='ltr'>harum</span> <span class='ocrx_word' id='word_1_48' title='bbox 3489 853 3716 908; x_wconf 88' lang='lat' dir='ltr'>natura</span> <span class='ocrx_word' id='word_1_49' title='bbox 3756 863 3952 926; x_wconf 86' lang='lat' dir='ltr'>aqua-</span> 
     </span>
    </p>
   </div>
   <div class='ocr_carea' id='block_1_7' title="bbox 568 4697 801 4750">
    <p class='ocr_par' dir='ltr' id='par_1_7' title="bbox 568 4697 801 4750">
     <span class='ocr_line' id='line_1_7' title="bbox 568 4697 801 4750; baseline -0.009 -7"><span class='ocrx_word' id='word_1_50' title='bbox 568 4698 681 4743; x_wconf 69' lang='grc' dir='ltr'>σου.</span> <span class='ocrx_word' id='word_1_51' title='bbox 700 4710 731 4750; x_wconf 82' lang='grc' dir='ltr'>ι,</span> <span class='ocrx_word' id='word_1_52' title='bbox 759 4697 801 4741; x_wconf 80' lang='lat'>6.</span> 
     </span>
    </p>
   </div>
   <div class='ocr_carea' id='block_1_8' title="bbox 825 942 2332 1806">
    <p class='ocr_par' dir='ltr' id='par_1_8' title="bbox 831 942 1326 1016">
     <span class='ocr_line' id='line_1_8' title="bbox 831 942 1326 1016; baseline 0 -12"><span class='ocrx_word' id='word_1_53' title='bbox 831 948 1003 1016; x_wconf 87' lang='lat' dir='ltr'>sunt,</span> <span class='ocrx_word' id='word_1_54' title='bbox 1036 942 1326 1005; x_wconf 91' lang='lat' dir='ltr'>Domino.</span> 
     </span>
    </p>

    <p class='ocr_par' dir='ltr' id='par_1_9' title="bbox 825 1035 2332 1806">
     <span class='ocr_line' id='line_1_9' title="bbox 922 1035 2327 1122; baseline 0.001 -21"><span class='ocrx_word' id='word_1_55' title='bbox 922 1039 1080 1122; x_wconf 70' lang='lat' dir='ltr'>Eine</span> <span class='ocrx_word' id='word_1_56' title='bbox 1141 1035 1529 1103; x_wconf 79' lang='lat' dir='ltr'>sanctissimi</span> <span class='ocrx_word' id='word_1_57' title='bbox 1590 1039 1880 1102; x_wconf 92' lang='lat' dir='ltr'>doctores</span> <span class='ocrx_word' id='word_1_58' title='bbox 1942 1038 2327 1115; x_wconf 62' lang='lat' dir='ltr'>Graecorum,</span> 
     </span>
     <span class='ocr_line' id='line_1_10' title="bbox 827 1136 2328 1220; baseline 0.001 -21"><span class='ocrx_word' id='word_1_59' title='bbox 827 1137 1206 1201; x_wconf 78' lang='lat' dir='ltr'><strong>Athanasius</strong></span> <span class='ocrx_word' id='word_1_60' title='bbox 1252 1145 1445 1220; x_wconf 90' lang='lat' dir='ltr'>atque</span> <span class='ocrx_word' id='word_1_61' title='bbox 1492 1136 1831 1219; x_wconf 83' lang='lat' dir='ltr'>Gregorius</span> <span class='ocrx_word' id='word_1_62' title='bbox 1874 1137 2328 1214; x_wconf 80' lang='lat' dir='ltr'>NazianzenuS,</span> 
     </span>
     <span class='ocr_line' id='line_1_11' title="bbox 825 1234 2332 1317; baseline -0.001 -20"><span class='ocrx_word' id='word_1_63' title='bbox 825 1251 1101 1316; x_wconf 88' lang='lat' dir='ltr'>quorum</span> <span class='ocrx_word' id='word_1_64' title='bbox 1133 1243 1402 1317; x_wconf 90' lang='lat' dir='ltr'>uterque</span> <span class='ocrx_word' id='word_1_65' title='bbox 1431 1242 1621 1298; x_wconf 83' lang='lat' dir='ltr'>tantae</span> <span class='ocrx_word' id='word_1_66' title='bbox 1661 1234 2055 1298; x_wconf 80' lang='lat' dir='ltr'>auctoritatis</span> <span class='ocrx_word' id='word_1_67' title='bbox 2088 1236 2332 1298; x_wconf 83' lang='lat' dir='ltr'>exstitit</span> 
     </span>
     <span class='ocr_line' id='line_1_12' title="bbox 827 1331 2330 1415; baseline 0 -21"><span class='ocrx_word' id='word_1_68' title='bbox 827 1333 893 1394; x_wconf 89' lang='lat' dir='ltr'>in</span> <span class='ocrx_word' id='word_1_69' title='bbox 952 1333 1320 1415; x_wconf 89' lang='lat' dir='ltr'>Scripturis,</span> <span class='ocrx_word' id='word_1_70' title='bbox 1383 1333 1553 1414; x_wconf 93' lang='lat' dir='ltr'>quod</span> <span class='ocrx_word' id='word_1_71' title='bbox 1612 1348 1804 1394; x_wconf 87' lang='lat' dir='ltr'>nemo</span> <span class='ocrx_word' id='word_1_72' title='bbox 1864 1331 2158 1395; x_wconf 86' lang='lat' dir='ltr'>fidelium</span> <span class='ocrx_word' id='word_1_73' title='bbox 2218 1352 2330 1394; x_wconf 90' lang='lat' dir='ltr'>un-</span> 
     </span>
     <span class='ocr_line' id='line_1_13' title="bbox 825 1428 2328 1512; baseline 0 -20"><span class='ocrx_word' id='word_1_74' title='bbox 825 1449 1017 1512; x_wconf 82' lang='lat' dir='ltr'>quam</span> <span class='ocrx_word' id='word_1_75' title='bbox 1046 1449 1241 1492; x_wconf 90' lang='lat' dir='ltr'>ausus</span> <span class='ocrx_word' id='word_1_76' title='bbox 1268 1429 1468 1492; x_wconf 87' lang='lat' dir='ltr'>fuerit</span> <span class='ocrx_word' id='word_1_77' title='bbox 1497 1429 1931 1491; x_wconf 80' lang='lat' dir='ltr'>contradicere</span> <span class='ocrx_word' id='word_1_78' title='bbox 1974 1428 2154 1510; x_wconf 92' lang='lat' dir='ltr'>ipsis,</span> <span class='ocrx_word' id='word_1_79' title='bbox 2187 1449 2328 1492; x_wconf 88' lang='lat' dir='ltr'>san-</span> 
     </span>
     <span class='ocr_line' id='line_1_14' title="bbox 826 1525 2328 1610; baseline 0 -20"><span class='ocrx_word' id='word_1_80' title='bbox 826 1535 967 1590; x_wconf 89' lang='lat' dir='ltr'>ctus</span> <span class='ocrx_word' id='word_1_81' title='bbox 1015 1545 1271 1610; x_wconf 81' lang='lat' dir='ltr'>quoque</span> <span class='ocrx_word' id='word_1_82' title='bbox 1310 1526 1583 1590; x_wconf 81' lang='lat' dir='ltr'>Basilius</span> <span class='ocrx_word' id='word_1_83' title='bbox 1635 1534 1700 1588; x_wconf 90' lang='lat' dir='ltr'>et</span> <span class='ocrx_word' id='word_1_84' title='bbox 1747 1525 1942 1588; x_wconf 87' lang='lat' dir='ltr'>frater</span> <span class='ocrx_word' id='word_1_85' title='bbox 1988 1527 2130 1607; x_wconf 90' lang='lat' dir='ltr'>ejus</span> <span class='ocrx_word' id='word_1_86' title='bbox 2180 1526 2328 1590; x_wconf 85' lang='lat' dir='ltr'>Gre-</span> 
     </span>
     <span class='ocr_line' id='line_1_15' title="bbox 825 1623 2324 1707; baseline -0.001 -19"><span class='ocrx_word' id='word_1_87' title='bbox 825 1625 1043 1706; x_wconf 81' lang='lat' dir='ltr'>gorius</span> <span class='ocrx_word' id='word_1_88' title='bbox 1099 1626 1423 1707; x_wconf 82' lang='lat' dir='ltr'>Nyssenus</span> <span class='ocrx_word' id='word_1_89' title='bbox 1493 1623 1813 1688; x_wconf 88' lang='lat' dir='ltr'>excellens</span> <span class='ocrx_word' id='word_1_90' title='bbox 1880 1624 2324 1706; x_wconf 69' lang='lat' dir='ltr'>philosophus»,</span> 
     </span>
     <span class='ocr_line' id='line_1_16' title="bbox 826 1722 2324 1806; baseline -0.001 -19"><span class='ocrx_word' id='word_1_91' title='bbox 826 1724 894 1787; x_wconf 92' lang='lat' dir='ltr'>B.</span> <span class='ocrx_word' id='word_1_92' title='bbox 970 1723 1264 1806; x_wconf 78' lang='lat' dir='ltr'>Cyrinus,</span> <span class='ocrx_word' id='word_1_93' title='bbox 1334 1722 1845 1805; x_wconf 76' lang='lat' dir='ltr'>chrysostomuS,</span> <span class='ocrx_word' id='word_1_94' title='bbox 1917 1722 2324 1804; x_wconf 79' lang='lat' dir='ltr'>TheophiluS,</span> 
     </span>
    </p>
   </div>
   <div class='ocr_carea' id='block_1_9' title="bbox 2437 941 3954 1788">
    <p class='ocr_par' dir='ltr' id='par_1_10' title="bbox 2437 941 3954 1788">
     <span class='ocr_line' id='line_1_17' title="bbox 2443 941 3954 1024; baseline 0 -22"><span class='ocrx_word' id='word_1_95' title='bbox 2443 961 2584 1003; x_wconf 90' lang='lat' dir='ltr'>rum</span> <span class='ocrx_word' id='word_1_96' title='bbox 2628 961 2784 1024; x_wconf 89' lang='lat' dir='ltr'>quas</span> <span class='ocrx_word' id='word_1_97' title='bbox 2824 942 3010 1004; x_wconf 90' lang='lat' dir='ltr'>nosti.</span> <span class='ocrx_word' id='word_1_98' title='bbox 3048 943 3190 1006; x_wconf 81' lang='lat' dir='ltr'>Haec</span> <span class='ocrx_word' id='word_1_99' title='bbox 3235 951 3301 1005; x_wconf 90' lang='lat' dir='ltr'>et</span> <span class='ocrx_word' id='word_1_100' title='bbox 3345 943 3546 1005; x_wconf 90' lang='lat' dir='ltr'>multa</span> <span class='ocrx_word' id='word_1_101' title='bbox 3585 941 3954 1005; x_wconf 84' lang='lat' dir='ltr'>consimilia</span> 
     </span>
     <span class='ocr_line' id='line_1_18' title="bbox 2441 1039 3953 1122; baseline 0.001 -20"><span class='ocrx_word' id='word_1_102' title='bbox 2441 1039 2667 1102; x_wconf 84' lang='lat' dir='ltr'>scribit</span> <span class='ocrx_word' id='word_1_103' title='bbox 2716 1039 3093 1103; x_wconf 91' lang='lat' dir='ltr'>Ambrosius</span> <span class='ocrx_word' id='word_1_104' title='bbox 3149 1059 3229 1103; x_wconf 89' lang='lat' dir='ltr'>ex</span> <span class='ocrx_word' id='word_1_105' title='bbox 3277 1040 3636 1104; x_wconf 87' lang='lat' dir='ltr'>intentione</span> <span class='ocrx_word' id='word_1_106' title='bbox 3683 1059 3758 1104; x_wconf 84' lang='lat' dir='ltr'>ac</span> <span class='ocrx_word' id='word_1_107' title='bbox 3805 1058 3953 1122; x_wconf 91' lang='lat' dir='ltr'>pro-</span> 
     </span>
     <span class='ocr_line' id='line_1_19' title="bbox 2443 1137 3952 1221; baseline 0 -21"><span class='ocrx_word' id='word_1_108' title='bbox 2443 1137 2671 1220; x_wconf 88' lang='lat' dir='ltr'>posito,</span> <span class='ocrx_word' id='word_1_109' title='bbox 2729 1138 3082 1219; x_wconf 87' lang='lat' dir='ltr'>reprobans</span> <span class='ocrx_word' id='word_1_110' title='bbox 3139 1157 3248 1202; x_wconf 90' lang='lat' dir='ltr'>eos</span> <span class='ocrx_word' id='word_1_111' title='bbox 3305 1139 3416 1221; x_wconf 88' lang='lat' dir='ltr'>qui</span> <span class='ocrx_word' id='word_1_112' title='bbox 3478 1147 3710 1220; x_wconf 81' lang='lat' dir='ltr'>praeter</span> <span class='ocrx_word' id='word_1_113' title='bbox 3765 1147 3952 1201; x_wconf 86' lang='lat' dir='ltr'>natu·</span> 
     </span>
     <span class='ocr_line' id='line_1_20' title="bbox 2442 1234 3950 1319; baseline 0.001 -22"><span class='ocrx_word' id='word_1_114' title='bbox 2442 1254 2540 1298; x_wconf 92' lang='lat' dir='ltr'>ras</span> <span class='ocrx_word' id='word_1_115' title='bbox 2598 1234 3062 1298; x_wconf 85' lang='lat' dir='ltr'>elementorum</span> <span class='ocrx_word' id='word_1_116' title='bbox 3121 1243 3416 1299; x_wconf 89' lang='lat' dir='ltr'>asserunt</span> <span class='ocrx_word' id='word_1_117' title='bbox 3463 1254 3604 1298; x_wconf 88' lang='lat' dir='ltr'>esse</span> <span class='ocrx_word' id='word_1_118' title='bbox 3653 1236 3950 1319; x_wconf 85' lang='lat' dir='ltr'>quintam</span> 
     </span>
     <span class='ocr_line' id='line_1_21' title="bbox 2439 1334 3952 1407; baseline 0.001 -13"><span class='ocrx_word' id='word_1_119' title='bbox 2439 1334 2805 1407; x_wconf 82' lang='lat' dir='ltr'>essentiam,</span> <span class='ocrx_word' id='word_1_120' title='bbox 2857 1352 2976 1396; x_wconf 89' lang='lat' dir='ltr'>nec</span> <span class='ocrx_word' id='word_1_121' title='bbox 3039 1334 3275 1398; x_wconf 89' lang='lat' dir='ltr'>coelum</span> <span class='ocrx_word' id='word_1_122' title='bbox 3333 1351 3474 1397; x_wconf 90' lang='lat' dir='ltr'>esse</span> <span class='ocrx_word' id='word_1_123' title='bbox 3535 1334 3952 1397; x_wconf 91' lang='lat' dir='ltr'>elementaris</span> 
     </span>
     <span class='ocr_line' id='line_1_22' title="bbox 2440 1431 3954 1514; baseline 0.001 -22"><span class='ocrx_word' id='word_1_124' title='bbox 2440 1438 2722 1510; x_wconf 80' lang='lat' dir='ltr'>naturae3</span> <span class='ocrx_word' id='word_1_125' title='bbox 2787 1440 3008 1493; x_wconf 91' lang='lat' dir='ltr'>contra</span> <span class='ocrx_word' id='word_1_126' title='bbox 3073 1448 3234 1514; x_wconf 89' lang='lat' dir='ltr'>quos</span> <span class='ocrx_word' id='word_1_127' title='bbox 3295 1431 3596 1494; x_wconf 90' lang='lat' dir='ltr'>similiter</span> <span class='ocrx_word' id='word_1_128' title='bbox 3662 1431 3954 1514; x_wconf 83' lang='lat' dir='ltr'>loquitur</span> 
     </span>
     <span class='ocr_line' id='line_1_23' title="bbox 2437 1528 3954 1612; baseline 0.001 -22"><span class='ocrx_word' id='word_1_129' title='bbox 2437 1529 2848 1610; x_wconf 85' lang='lat' dir='ltr'>Augustinus.</span> <span class='ocrx_word' id='word_1_130' title='bbox 2902 1529 3049 1591; x_wconf 87' lang='lat' dir='ltr'>ldeo</span> <span class='ocrx_word' id='word_1_131' title='bbox 3108 1528 3272 1591; x_wconf 88' lang='lat' dir='ltr'>nihil</span> <span class='ocrx_word' id='word_1_132' title='bbox 3326 1537 3526 1611; x_wconf 86' lang='lat' dir='ltr'>agunt</span> <span class='ocrx_word' id='word_1_133' title='bbox 3581 1529 3696 1612; x_wconf 85' lang='lat' dir='ltr'>qui</span> <span class='ocrx_word' id='word_1_134' title='bbox 3749 1530 3954 1592; x_wconf 82' lang='lat' dir='ltr'>verba</span> 
     </span>
     <span class='ocr_line' id='line_1_24' title="bbox 2439 1625 3953 1709; baseline 0.001 -21"><span class='ocrx_word' id='word_1_135' title='bbox 2439 1625 2812 1690; x_wconf 87' lang='lat' dir='ltr'>Sanctorum</span> <span class='ocrx_word' id='word_1_136' title='bbox 2855 1627 3149 1688; x_wconf 86' lang='lat' dir='ltr'>nituntur</span> <span class='ocrx_word' id='word_1_137' title='bbox 3188 1645 3335 1689; x_wconf 89' lang='lat' dir='ltr'>cum</span> <span class='ocrx_word' id='word_1_138' title='bbox 3375 1627 3680 1709; x_wconf 90' lang='lat' dir='ltr'>opinione</span> <span class='ocrx_word' id='word_1_139' title='bbox 3707 1627 3953 1690; x_wconf 89' lang='lat' dir='ltr'>Aristo-</span> 
     </span>
     <span class='ocr_line' id='line_1_25' title="bbox 2439 1724 3032 1788; baseline 0.002 -3"><span class='ocrx_word' id='word_1_140' title='bbox 2439 1724 2584 1786; x_wconf 90' lang='lat' dir='ltr'>telis</span> <span class='ocrx_word' id='word_1_141' title='bbox 2628 1725 3032 1788; x_wconf 88' lang='lat' dir='ltr'>concordare.</span> 
     </span>
    </p>
   </div>
   <div class='ocr_carea' id='block_1_10' title="bbox 824 1816 3956 1905">
    <p class='ocr_par' dir='ltr' id='par_1_11' title="bbox 824 1816 3956 1905">
     <span class='ocr_line' id='line_1_26' title="bbox 824 1816 3956 1905; baseline 0.001 -21"><span class='ocrx_word' id='word_1_142' title='bbox 824 1821 1155 1905; x_wconf 78' lang='lat' dir='ltr'>Didymus,</span> <span class='ocrx_word' id='word_1_143' title='bbox 1204 1839 1279 1883; x_wconf 89' lang='lat' dir='ltr'>ac</span> <span class='ocrx_word' id='word_1_144' title='bbox 1326 1821 1434 1884; x_wconf 89' lang='lat' dir='ltr'>alii</span> <span class='ocrx_word' id='word_1_145' title='bbox 1489 1819 1719 1898; x_wconf 83' lang='lat' dir='ltr'>multi3</span> <span class='ocrx_word' id='word_1_146' title='bbox 1783 1820 2074 1882; x_wconf 87' lang='lat' dir='ltr'>doctores</span> <span class='ocrx_word' id='word_1_147' title='bbox 2132 1817 2325 1878; x_wconf 86' lang='lat' dir='ltr'>etiam</span> <span class='ocrx_word' id='word_1_148' title='bbox 2362 1816 2410 1879; x_wconf 93' lang='lat' dir='ltr'>B</span> <span class='ocrx_word' id='word_1_149' title='bbox 2498 1821 2822 1895; x_wconf 82' lang='lat' dir='ltr'>Praeterea,</span> <span class='ocrx_word' id='word_1_150' title='bbox 2844 1823 3012 1886; x_wconf 89' lang='lat' dir='ltr'>inter</span> <span class='ocrx_word' id='word_1_151' title='bbox 3035 1823 3326 1886; x_wconf 86' lang='lat' dir='ltr'>doctores</span> <span class='ocrx_word' id='word_1_152' title='bbox 3352 1822 3762 1886; x_wconf 87' lang='lat' dir='ltr'>scholasticos</span> <span class='ocrx_word' id='word_1_153' title='bbox 3793 1841 3956 1905; x_wconf 78' lang='lat' dir='ltr'>prae-</span> 
     </span>
    </p>
   </div>
   <div class='ocr_carea' id='block_1_11' title="bbox 820 1914 2333 2984">
    <p class='ocr_par' dir='ltr' id='par_1_12' title="bbox 820 1914 2333 2984">
     <span class='ocr_line' id='line_1_27' title="bbox 823 1914 2329 2001; baseline -0.003 -19"><span class='ocrx_word' id='word_1_154' title='bbox 823 1919 1218 1994; x_wconf 90' lang='lat' dir='ltr'>Latinorum,</span> <span class='ocrx_word' id='word_1_155' title='bbox 1250 1919 1567 2001; x_wconf 91' lang='lat' dir='ltr'>gloriosus</span> <span class='ocrx_word' id='word_1_156' title='bbox 1598 1918 2045 2000; x_wconf 77' lang='lat' dir='ltr'>HieronymuS‚</span> <span class='ocrx_word' id='word_1_157' title='bbox 2068 1914 2329 1978; x_wconf 91' lang='lat' dir='ltr'>Ambro-</span> 
     </span>
     <span class='ocr_line' id='line_1_28' title="bbox 823 2013 2327 2099; baseline -0.005 -18"><span class='ocrx_word' id='word_1_158' title='bbox 823 2019 981 2092; x_wconf 76' lang='lat' dir='ltr'>siuS‚</span> <span class='ocrx_word' id='word_1_159' title='bbox 1033 2018 1395 2099; x_wconf 80' lang='lat' dir='ltr'>Gregorius,</span> <span class='ocrx_word' id='word_1_160' title='bbox 1440 2016 1629 2090; x_wconf 86' lang='lat' dir='ltr'>Beda,</span> <span class='ocrx_word' id='word_1_161' title='bbox 1676 2014 1995 2090; x_wconf 88' lang='lat' dir='ltr'>Rabanus,</span> <span class='ocrx_word' id='word_1_162' title='bbox 2042 2013 2327 2086; x_wconf 88' lang='lat' dir='ltr'>Strabus,</span> 
     </span>
     <span class='ocr_line' id='line_1_29' title="bbox 823 2114 2328 2197; baseline -0.005 -18"><span class='ocrx_word' id='word_1_163' title='bbox 823 2116 1024 2197; x_wconf 84' lang='lat' dir='ltr'>Hug0,</span> <span class='ocrx_word' id='word_1_164' title='bbox 1050 2135 1197 2178; x_wconf 88' lang='lat' dir='ltr'>eum</span> <span class='ocrx_word' id='word_1_165' title='bbox 1228 2115 1371 2178; x_wconf 88' lang='lat' dir='ltr'>aliis</span> <span class='ocrx_word' id='word_1_166' title='bbox 1404 2115 1649 2188; x_wconf 85' lang='lat' dir='ltr'>multis,</span> <span class='ocrx_word' id='word_1_167' title='bbox 1674 2114 1879 2197; x_wconf 83' lang='lat' dir='ltr'>secuti</span> <span class='ocrx_word' id='word_1_168' title='bbox 1900 2120 2053 2176; x_wconf 89' lang='lat' dir='ltr'>sunt</span> <span class='ocrx_word' id='word_1_169' title='bbox 2082 2119 2328 2175; x_wconf 87' lang='lat' dir='ltr'>textum</span> 
     </span>
     <span class='ocr_line' id='line_1_30' title="bbox 824 2209 2328 2296; baseline -0.004 -19"><span class='ocrx_word' id='word_1_170' title='bbox 824 2214 1087 2279; x_wconf 88' lang='lat' dir='ltr'>Genesis</span> <span class='ocrx_word' id='word_1_171' title='bbox 1133 2221 1323 2296; x_wconf 90' lang='lat' dir='ltr'>prout</span> <span class='ocrx_word' id='word_1_172' title='bbox 1378 2213 1779 2295; x_wconf 86' lang='lat' dir='ltr'>apertissime</span> <span class='ocrx_word' id='word_1_173' title='bbox 1824 2219 2025 2284; x_wconf 89' lang='lat' dir='ltr'>sonat,</span> <span class='ocrx_word' id='word_1_174' title='bbox 2068 2217 2132 2273; x_wconf 89' lang='lat' dir='ltr'>et</span> <span class='ocrx_word' id='word_1_175' title='bbox 2173 2209 2328 2272; x_wconf 88' lang='lat' dir='ltr'>fassi</span> 
     </span>
     <span class='ocr_line' id='line_1_31' title="bbox 824 2310 2327 2394; baseline -0.004 -19"><span class='ocrx_word' id='word_1_176' title='bbox 824 2319 974 2375; x_wconf 92' lang='lat' dir='ltr'>sunt</span> <span class='ocrx_word' id='word_1_177' title='bbox 1032 2311 1316 2375; x_wconf 88' lang='lat' dir='ltr'>coelestia</span> <span class='ocrx_word' id='word_1_178' title='bbox 1383 2327 1649 2394; x_wconf 89' lang='lat' dir='ltr'>corpora</span> <span class='ocrx_word' id='word_1_179' title='bbox 1715 2310 2123 2374; x_wconf 90' lang='lat' dir='ltr'>elementaris</span> <span class='ocrx_word' id='word_1_180' title='bbox 2188 2326 2327 2370; x_wconf 90' lang='lat' dir='ltr'>esse</span> 
     </span>
     <span class='ocr_line' id='line_1_32' title="bbox 824 2407 2331 2492; baseline -0.004 -18"><span class='ocrx_word' id='word_1_181' title='bbox 824 2418 1086 2474; x_wconf 79' lang='lat' dir='ltr'>naturae.</span> <span class='ocrx_word' id='word_1_182' title='bbox 1137 2411 1401 2492; x_wconf 88' lang='lat' dir='ltr'>Propter</span> <span class='ocrx_word' id='word_1_183' title='bbox 1447 2408 1619 2491; x_wconf 88' lang='lat' dir='ltr'>quod</span> <span class='ocrx_word' id='word_1_184' title='bbox 1667 2409 1831 2471; x_wconf 91' lang='lat' dir='ltr'>libro</span> <span class='ocrx_word' id='word_1_185' title='bbox 1888 2407 2172 2470; x_wconf 91' lang='lat' dir='ltr'>secundo</span> <span class='ocrx_word' id='word_1_186' title='bbox 2219 2407 2331 2468; x_wconf 91' lang='lat' dir='ltr'>Da-</span> 
     </span>
     <span class='ocr_line' id='line_1_33' title="bbox 828 2504 2330 2587; baseline -0.005 -16"><span class='ocrx_word' id='word_1_187' title='bbox 828 2525 1164 2571; x_wconf 88' lang='lat' dir='ltr'>mascenus</span> <span class='ocrx_word' id='word_1_188' title='bbox 1205 2514 1476 2569; x_wconf 85' lang='lat' dir='ltr'>testatur</span> <span class='ocrx_word' id='word_1_189' title='bbox 1508 2523 1523 2568; x_wconf 88' lang='lat'>:</span> <span class='ocrx_word' id='word_1_190' title='bbox 1556 2507 1627 2570; x_wconf 89' lang='lat' dir='ltr'>In</span> <span class='ocrx_word' id='word_1_191' title='bbox 1666 2504 1987 2587; x_wconf 90' lang='lat' dir='ltr'>principio</span> <span class='ocrx_word' id='word_1_192' title='bbox 2023 2522 2189 2586; x_wconf 88' lang='lat' dir='ltr'>aqua</span> <span class='ocrx_word' id='word_1_193' title='bbox 2227 2522 2330 2565; x_wconf 90' lang='lat' dir='ltr'>su-</span> 
     </span>
     <span class='ocr_line' id='line_1_34' title="bbox 826 2601 2332 2689; baseline -0.005 -20"><span class='ocrx_word' id='word_1_194' title='bbox 826 2625 944 2689; x_wconf 90' lang='lat' dir='ltr'>per</span> <span class='ocrx_word' id='word_1_195' title='bbox 999 2623 1257 2668; x_wconf 89' lang='lat' dir='ltr'>omnem</span> <span class='ocrx_word' id='word_1_196' title='bbox 1320 2613 1555 2668; x_wconf 85' lang='lat' dir='ltr'>terram</span> <span class='ocrx_word' id='word_1_197' title='bbox 1616 2603 2019 2677; x_wconf 86' lang='lat' dir='ltr'>redundavit,</span> <span class='ocrx_word' id='word_1_198' title='bbox 2066 2609 2129 2664; x_wconf 91' lang='lat' dir='ltr'>et</span> <span class='ocrx_word' id='word_1_199' title='bbox 2179 2601 2332 2663; x_wconf 89' lang='lat' dir='ltr'>fecit</span> 
     </span>
     <span class='ocr_line' id='line_1_35' title="bbox 825 2700 2328 2785; baseline -0.005 -17"><span class='ocrx_word' id='word_1_200' title='bbox 825 2706 993 2768; x_wconf 87' lang='lat' dir='ltr'>Deus</span> <span class='ocrx_word' id='word_1_201' title='bbox 1020 2705 1535 2778; x_wconf 79' lang='lat' dir='ltr'>firmamentum,</span> <span class='ocrx_word' id='word_1_202' title='bbox 1568 2721 1868 2785; x_wconf 89' lang='lat' dir='ltr'>separans</span> <span class='ocrx_word' id='word_1_203' title='bbox 1898 2719 2015 2784; x_wconf 92' lang='lat' dir='ltr'>per</span> <span class='ocrx_word' id='word_1_204' title='bbox 2045 2700 2328 2763; x_wconf 90' lang='lat' dir='ltr'>medium</span> 
     </span>
     <span class='ocr_line' id='line_1_36' title="bbox 820 2799 2333 2887; baseline -0.005 -20"><span class='ocrx_word' id='word_1_205' title='bbox 820 2823 1053 2887; x_wconf 88' lang='lat' dir='ltr'>aquam</span> <span class='ocrx_word' id='word_1_206' title='bbox 1100 2822 1243 2887; x_wconf 82' lang='lat' dir='ltr'>quae</span> <span class='ocrx_word' id='word_1_207' title='bbox 1288 2811 1421 2866; x_wconf 90' lang='lat' dir='ltr'>erat</span> <span class='ocrx_word' id='word_1_208' title='bbox 1472 2820 1665 2884; x_wconf 87' lang='lat' dir='ltr'>supra</span> <span class='ocrx_word' id='word_1_209' title='bbox 1716 2799 2222 2872; x_wconf 84' lang='lat' dir='ltr'>firmamentum,</span> <span class='ocrx_word' id='word_1_210' title='bbox 2267 2804 2333 2861; x_wconf 89' lang='lat' dir='ltr'>et</span> 
     </span>
     <span class='ocr_line' id='line_1_37' title="bbox 822 2894 2330 2984; baseline -0.005 -20"><span class='ocrx_word' id='word_1_211' title='bbox 822 2920 1054 2984; x_wconf 88' lang='lat' dir='ltr'>aquam</span> <span class='ocrx_word' id='word_1_212' title='bbox 1105 2920 1247 2983; x_wconf 81' lang='lat' dir='ltr'>quae</span> <span class='ocrx_word' id='word_1_213' title='bbox 1296 2909 1432 2964; x_wconf 85' lang='lat' dir='ltr'>erat</span> <span class='ocrx_word' id='word_1_214' title='bbox 1479 2899 1600 2962; x_wconf 89' lang='lat' dir='ltr'>sub</span> <span class='ocrx_word' id='word_1_215' title='bbox 1648 2897 2081 2960; x_wconf 88' lang='lat' dir='ltr'>firmamento.</span> <span class='ocrx_word' id='word_1_216' title='bbox 2133 2894 2330 2976; x_wconf 86' lang='lat' dir='ltr'>Cujus</span> 
     </span>
    </p>
   </div>
   <div class='ocr_carea' id='block_1_12' title="bbox 2438 1919 3955 2492">
    <p class='ocr_par' dir='ltr' id='par_1_13' title="bbox 2438 1919 3955 2492">
     <span class='ocr_line' id='line_1_38' title="bbox 2439 1919 3954 2002; baseline 0.001 -22"><span class='ocrx_word' id='word_1_217' title='bbox 2439 1919 2636 2000; x_wconf 91' lang='lat' dir='ltr'>cipui,</span> <span class='ocrx_word' id='word_1_218' title='bbox 2690 1921 2756 1981; x_wconf 92' lang='lat' dir='ltr'>in</span> <span class='ocrx_word' id='word_1_219' title='bbox 2816 1919 3083 2001; x_wconf 88' lang='lat' dir='ltr'>Scriptis</span> <span class='ocrx_word' id='word_1_220' title='bbox 3143 1921 3278 1982; x_wconf 92' lang='lat' dir='ltr'>suis</span> <span class='ocrx_word' id='word_1_221' title='bbox 3337 1939 3532 2002; x_wconf 90' lang='lat' dir='ltr'>super</span> <span class='ocrx_word' id='word_1_222' title='bbox 3588 1921 3954 1984; x_wconf 89' lang='lat' dir='ltr'>secundum</span> 
     </span>
     <span class='ocr_line' id='line_1_39' title="bbox 2439 2017 3954 2083; baseline 0.001 -3"><span class='ocrx_word' id='word_1_223' title='bbox 2439 2017 2912 2081; x_wconf 89' lang='lat' dir='ltr'>Sententiarum</span> <span class='ocrx_word' id='word_1_224' title='bbox 2971 2018 3073 2080; x_wconf 92' lang='lat' dir='ltr'>his</span> <span class='ocrx_word' id='word_1_225' title='bbox 3132 2028 3507 2082; x_wconf 86' lang='lat' dir='ltr'>consonant.</span> <span class='ocrx_word' id='word_1_226' title='bbox 3559 2019 3814 2083; x_wconf 86' lang='lat' dir='ltr'>Etenim</span> <span class='ocrx_word' id='word_1_227' title='bbox 3867 2019 3954 2081; x_wconf 85' lang='lat' dir='ltr'>ir·</span> 
     </span>
     <span class='ocr_line' id='line_1_40' title="bbox 2438 2115 3954 2199; baseline 0.001 -21"><span class='ocrx_word' id='word_1_228' title='bbox 2438 2115 2838 2198; x_wconf 83' lang='lat' dir='ltr'>refragabilis</span> <span class='ocrx_word' id='word_1_229' title='bbox 2897 2116 3117 2179; x_wconf 89' lang='lat' dir='ltr'>doctor</span> <span class='ocrx_word' id='word_1_230' title='bbox 3163 2116 3523 2180; x_wconf 83' lang='lat' dir='ltr'>Alexander</span> <span class='ocrx_word' id='word_1_231' title='bbox 3580 2117 3646 2178; x_wconf 91' lang='lat' dir='ltr'>in</span> <span class='ocrx_word' id='word_1_232' title='bbox 3694 2116 3954 2199; x_wconf 87' lang='lat' dir='ltr'>Scripto</span> 
     </span>
     <span class='ocr_line' id='line_1_41' title="bbox 2439 2213 3955 2298; baseline 0 -22"><span class='ocrx_word' id='word_1_233' title='bbox 2439 2214 2703 2276; x_wconf 90' lang='lat' dir='ltr'>secundi</span> <span class='ocrx_word' id='word_1_234' title='bbox 2759 2231 2772 2276; x_wconf 91' lang='lat'>:</span> <span class='ocrx_word' id='word_1_235' title='bbox 2825 2214 3112 2288; x_wconf 88' lang='lat' dir='ltr'>Coelum‚·</span> <span class='ocrx_word' id='word_1_236' title='bbox 3145 2214 3254 2288; x_wconf 87' lang='lat' dir='ltr'>ait,</span> <span class='ocrx_word' id='word_1_237' title='bbox 3314 2214 3488 2298; x_wconf 86' lang='lat' dir='ltr'>quod</span> <span class='ocrx_word' id='word_1_238' title='bbox 3545 2213 3784 2277; x_wconf 88' lang='lat' dir='ltr'>dicitur</span> <span class='ocrx_word' id='word_1_239' title='bbox 3837 2214 3955 2277; x_wconf 83' lang='lat' dir='ltr'>fir-</span> 
     </span>
     <span class='ocr_line' id='line_1_42' title="bbox 2441 2311 3954 2385; baseline 0 -11"><span class='ocrx_word' id='word_1_240' title='bbox 2441 2319 2859 2385; x_wconf 89' lang='lat' dir='ltr'>mamentum,</span> <span class='ocrx_word' id='word_1_241' title='bbox 2892 2311 3145 2374; x_wconf 91' lang='lat' dir='ltr'>videtur</span> <span class='ocrx_word' id='word_1_242' title='bbox 3181 2331 3322 2375; x_wconf 90' lang='lat' dir='ltr'>esse</span> <span class='ocrx_word' id='word_1_243' title='bbox 3361 2330 3440 2374; x_wconf 87' lang='lat' dir='ltr'>ex</span> <span class='ocrx_word' id='word_1_244' title='bbox 3484 2313 3708 2376; x_wconf 90' lang='lat' dir='ltr'>eadem</span> <span class='ocrx_word' id='word_1_245' title='bbox 3750 2311 3954 2375; x_wconf 85' lang='lat' dir='ltr'>infor-</span> 
     </span>
     <span class='ocr_line' id='line_1_43' title="bbox 2441 2409 3954 2492; baseline 0 -20"><span class='ocrx_word' id='word_1_246' title='bbox 2441 2410 2531 2472; x_wconf 93' lang='lat' dir='ltr'>mi</span> <span class='ocrx_word' id='word_1_247' title='bbox 2582 2409 2848 2472; x_wconf 89' lang='lat' dir='ltr'>materia</span> <span class='ocrx_word' id='word_1_248' title='bbox 2895 2410 2973 2472; x_wconf 91' lang='lat' dir='ltr'>de</span> <span class='ocrx_word' id='word_1_249' title='bbox 3016 2429 3144 2492; x_wconf 89' lang='lat' dir='ltr'>qua</span> <span class='ocrx_word' id='word_1_250' title='bbox 3185 2411 3502 2492; x_wconf 90' lang='lat' dir='ltr'>scriptum</span> <span class='ocrx_word' id='word_1_251' title='bbox 3541 2417 3642 2472; x_wconf 88' lang='lat' dir='ltr'>est</span> <span class='ocrx_word' id='word_1_252' title='bbox 3681 2410 3954 2474; x_wconf 88' lang='lat' dir='ltr'>Genesis</span> 
     </span>
    </p>
   </div>
   <div class='ocr_carea' id='block_1_13' title="bbox 2442 2507 4188 2590">
    <p class='ocr_par' dir='ltr' id='par_1_14' title="bbox 2442 2507 4188 2590">
     <span class='ocr_line' id='line_1_44' title="bbox 2442 2507 4188 2590; baseline 0.002 -20"><span class='ocrx_word' id='word_1_253' title='bbox 2442 2507 2653 2590; x_wconf 90' lang='lat' dir='ltr'>primo</span> <span class='ocrx_word' id='word_1_254' title='bbox 2699 2525 2713 2569; x_wconf 90' lang='lat'>:</span> <span class='ocrx_word' id='word_1_255' title='bbox 2761 2507 3035 2590; x_wconf 91' lang='lat' dir='ltr'>Spiritus</span> <span class='ocrx_word' id='word_1_256' title='bbox 3083 2508 3336 2571; x_wconf 90' lang='lat' dir='ltr'>Domini</span> <span class='ocrx_word' id='word_1_257' title='bbox 3381 2507 3713 2572; x_wconf 87' lang='lat' dir='ltr'>ferebatur</span> <span class='ocrx_word' id='word_1_258' title='bbox 3750 2527 3956 2590; x_wconf 87' lang='lat' dir='ltr'>super</span> <span class='ocrx_word' id='word_1_259' title='bbox 3981 2529 4188 2580; x_wconf 43' lang='lat' dir='ltr'>aaut.</span> 
     </span>
    </p>
   </div>
   <div class='ocr_carea' id='block_1_14' title="bbox 2439 2604 3954 2983">
    <p class='ocr_par' dir='ltr' id='par_1_15' title="bbox 2439 2604 3954 2983">
     <span class='ocr_line' id='line_1_45' title="bbox 2439 2604 3950 2688; baseline 0.001 -21"><span class='ocrx_word' id='word_1_260' title='bbox 2439 2624 2655 2688; x_wconf 90' lang='lat' dir='ltr'>aquas.</span> <span class='ocrx_word' id='word_1_261' title='bbox 2719 2605 2892 2668; x_wconf 90' lang='lat' dir='ltr'>Idem</span> <span class='ocrx_word' id='word_1_262' title='bbox 2961 2604 3198 2668; x_wconf 84' lang='lat' dir='ltr'>fatetur</span> <span class='ocrx_word' id='word_1_263' title='bbox 3264 2605 3806 2670; x_wconf 88' lang='lat' dir='ltr'>Antisiodorensis</span> <span class='ocrx_word' id='word_1_264' title='bbox 3882 2606 3950 2669; x_wconf 90' lang='lat' dir='ltr'>in</span> 
     </span>
     <span class='ocr_line' id='line_1_46' title="bbox 2441 2703 3954 2790; baseline -0.001 -23"><span class='ocrx_word' id='word_1_265' title='bbox 2441 2705 2704 2768; x_wconf 90' lang='lat' dir='ltr'>Summa</span> <span class='ocrx_word' id='word_1_266' title='bbox 2772 2723 2907 2777; x_wconf 91' lang='lat' dir='ltr'>sua,</span> <span class='ocrx_word' id='word_1_267' title='bbox 2967 2703 3131 2766; x_wconf 91' lang='lat' dir='ltr'>libro</span> <span class='ocrx_word' id='word_1_268' title='bbox 3198 2705 3502 2778; x_wconf 88' lang='lat' dir='ltr'>secundo,</span> <span class='ocrx_word' id='word_1_269' title='bbox 3561 2704 3954 2790; x_wconf 86' lang='lat' dir='ltr'>Guillelmus</span> 
     </span>
     <span class='ocr_line' id='line_1_47' title="bbox 2439 2800 3954 2884; baseline 0.001 -20"><span class='ocrx_word' id='word_1_270' title='bbox 2439 2819 2695 2884; x_wconf 88' lang='lat' dir='ltr'>quoque</span> <span class='ocrx_word' id='word_1_271' title='bbox 2730 2800 3103 2865; x_wconf 90' lang='lat' dir='ltr'>Parisiensis</span> <span class='ocrx_word' id='word_1_272' title='bbox 3141 2801 3310 2880; x_wconf 85' lang='lat' dir='ltr'>libro</span> <span class='ocrx_word' id='word_1_273' title='bbox 3348 2803 3430 2865; x_wconf 91' lang='lat' dir='ltr'>de</span> <span class='ocrx_word' id='word_1_274' title='bbox 3459 2801 3788 2866; x_wconf 88' lang='lat' dir='ltr'>Universo.</span> <span class='ocrx_word' id='word_1_275' title='bbox 3821 2803 3954 2866; x_wconf 83' lang='lat' dir='ltr'>Sed</span> 
     </span>
     <span class='ocr_line' id='line_1_48' title="bbox 2440 2898 3950 2983; baseline 0 -21"><span class='ocrx_word' id='word_1_276' title='bbox 2440 2907 2502 2962; x_wconf 90' lang='lat' dir='ltr'>et</span> <span class='ocrx_word' id='word_1_277' title='bbox 2548 2900 2846 2962; x_wconf 91' lang='lat' dir='ltr'>Albertus</span> <span class='ocrx_word' id='word_1_278' title='bbox 2897 2898 3134 2961; x_wconf 88' lang='lat' dir='ltr'>fatetur</span> <span class='ocrx_word' id='word_1_279' title='bbox 3189 2899 3256 2961; x_wconf 92' lang='lat' dir='ltr'>in</span> <span class='ocrx_word' id='word_1_280' title='bbox 3306 2899 3560 2983; x_wconf 89' lang='lat' dir='ltr'>Scripto</span> <span class='ocrx_word' id='word_1_281' title='bbox 3605 2901 3876 2963; x_wconf 90' lang='lat' dir='ltr'>secundi</span> <span class='ocrx_word' id='word_1_282' title='bbox 3931 2919 3950 2962; x_wconf 75' lang='grc' dir='ltr'>ε</span> 
     </span>
    </p>
   </div>
   <div class='ocr_carea' id='block_1_15' title="bbox 820 2995 3957 3081">
    <p class='ocr_par' dir='ltr' id='par_1_16' title="bbox 820 2995 3957 3081">
     <span class='ocr_line' id='line_1_49' title="bbox 820 2995 3957 3081; baseline 0 -19"><span class='ocrx_word' id='word_1_283' title='bbox 820 3007 1036 3063; x_wconf 89' lang='lat' dir='ltr'>autem</span> <span class='ocrx_word' id='word_1_284' title='bbox 1066 3000 1268 3080; x_wconf 87' lang='lat' dir='ltr'>gratia</span> <span class='ocrx_word' id='word_1_285' title='bbox 1299 2999 1465 3060; x_wconf 93' lang='lat' dir='ltr'>Deus</span> <span class='ocrx_word' id='word_1_286' title='bbox 1496 3015 1691 3079; x_wconf 89' lang='lat' dir='ltr'>super</span> <span class='ocrx_word' id='word_1_287' title='bbox 1720 2995 2204 3062; x_wconf 84' lang='lat' dir='ltr'>firmamentum</span> <span class='ocrx_word' id='word_1_288' title='bbox 2235 3012 2328 3056; x_wconf 90' lang='lat' dir='ltr'>es·</span> <span class='ocrx_word' id='word_1_289' title='bbox 2361 2999 2404 3062; x_wconf 92' lang='lat' dir='ltr'>C</span> <span class='ocrx_word' id='word_1_290' title='bbox 2441 2996 2634 3060; x_wconf 91' lang='lat' dir='ltr'>Nobis</span> <span class='ocrx_word' id='word_1_291' title='bbox 2678 2997 3120 3060; x_wconf 88' lang='lat' dir='ltr'>rationabilius</span> <span class='ocrx_word' id='word_1_292' title='bbox 3165 3016 3306 3060; x_wconf 91' lang='lat' dir='ltr'>esse</span> <span class='ocrx_word' id='word_1_293' title='bbox 3347 2999 3603 3061; x_wconf 89' lang='lat' dir='ltr'>videtur</span> <span class='ocrx_word' id='word_1_294' title='bbox 3643 2999 3814 3081; x_wconf 85' lang='lat' dir='ltr'>quod</span> <span class='ocrx_word' id='word_1_295' title='bbox 3857 2999 3957 3062; x_wconf 87' lang='lat' dir='ltr'>ait</span> 
     </span>
    </p>
   </div>
   <div class='ocr_carea' id='block_1_16' title="bbox 824 3092 2334 4155">
    <p class='ocr_par' dir='ltr' id='par_1_17' title="bbox 824 3092 2334 4155">
     <span class='ocr_line' id='line_1_50' title="bbox 826 3092 2334 3180; baseline -0.005 -18"><span class='ocrx_word' id='word_1_296' title='bbox 826 3116 895 3162; x_wconf 87' lang='lat' dir='ltr'>se</span> <span class='ocrx_word' id='word_1_297' title='bbox 922 3115 1147 3180; x_wconf 88' lang='lat' dir='ltr'>aquam</span> <span class='ocrx_word' id='word_1_298' title='bbox 1177 3097 1523 3179; x_wconf 70' lang='lat' dir='ltr'>imposuit?</span> <span class='ocrx_word' id='word_1_299' title='bbox 1552 3095 1816 3177; x_wconf 88' lang='lat' dir='ltr'>Propter</span> <span class='ocrx_word' id='word_1_300' title='bbox 1844 3094 1997 3157; x_wconf 91' lang='lat' dir='ltr'>solis</span> <span class='ocrx_word' id='word_1_301' title='bbox 2040 3101 2105 3156; x_wconf 89' lang='lat' dir='ltr'>et</span> <span class='ocrx_word' id='word_1_302' title='bbox 2146 3092 2334 3156; x_wconf 85' lang='lat' dir='ltr'>aethe-</span> 
     </span>
     <span class='ocr_line' id='line_1_51' title="bbox 825 3192 2333 3273; baseline -0.005 -13"><span class='ocrx_word' id='word_1_303' title='bbox 825 3198 915 3260; x_wconf 90' lang='lat' dir='ltr'>ris</span> <span class='ocrx_word' id='word_1_304' title='bbox 947 3196 1411 3259; x_wconf 88' lang='lat' dir='ltr'>calidissimum</span> <span class='ocrx_word' id='word_1_305' title='bbox 1442 3194 1779 3257; x_wconf 87' lang='lat' dir='ltr'>fervorem.</span> <span class='ocrx_word' id='word_1_306' title='bbox 1813 3193 1953 3256; x_wconf 87' lang='lat' dir='ltr'>Mox</span> <span class='ocrx_word' id='word_1_307' title='bbox 1984 3192 2156 3255; x_wconf 91' lang='lat' dir='ltr'>enim</span> <span class='ocrx_word' id='word_1_308' title='bbox 2189 3197 2333 3273; x_wconf 88' lang='lat' dir='ltr'>post</span> 
     </span>
     <span class='ocr_line' id='line_1_52' title="bbox 832 3290 2332 3374; baseline -0.005 -17"><span class='ocrx_word' id='word_1_309' title='bbox 832 3294 1319 3357; x_wconf 85' lang='lat' dir='ltr'>firmamentum</span> <span class='ocrx_word' id='word_1_310' title='bbox 1362 3293 1560 3357; x_wconf 82' lang='lat' dir='ltr'>aether</span> <span class='ocrx_word' id='word_1_311' title='bbox 1588 3310 1908 3374; x_wconf 89' lang='lat' dir='ltr'>expansus</span> <span class='ocrx_word' id='word_1_312' title='bbox 1951 3296 2087 3368; x_wconf 85' lang='lat' dir='ltr'>est3</span> <span class='ocrx_word' id='word_1_313' title='bbox 2118 3290 2229 3351; x_wconf 90' lang='lat' dir='ltr'>sed</span> <span class='ocrx_word' id='word_1_314' title='bbox 2269 3295 2332 3351; x_wconf 92' lang='lat' dir='ltr'>et</span> 
     </span>
     <span class='ocr_line' id='line_1_53' title="bbox 828 3389 2333 3458; baseline -0.005 0"><span class='ocrx_word' id='word_1_315' title='bbox 828 3393 922 3458; x_wconf 89' lang='lat' dir='ltr'>sol</span> <span class='ocrx_word' id='word_1_316' title='bbox 982 3401 1047 3457; x_wconf 88' lang='lat' dir='ltr'>et</span> <span class='ocrx_word' id='word_1_317' title='bbox 1102 3393 1255 3456; x_wconf 89' lang='lat' dir='ltr'>luna</span> <span class='ocrx_word' id='word_1_318' title='bbox 1316 3412 1465 3456; x_wconf 86' lang='lat' dir='ltr'>cum</span> <span class='ocrx_word' id='word_1_319' title='bbox 1526 3391 1730 3454; x_wconf 92' lang='lat' dir='ltr'>stellis</span> <span class='ocrx_word' id='word_1_320' title='bbox 1796 3392 1860 3453; x_wconf 91' lang='lat' dir='ltr'>in</span> <span class='ocrx_word' id='word_1_321' title='bbox 1926 3389 2333 3452; x_wconf 90' lang='lat' dir='ltr'>firmamento</span> 
     </span>
     <span class='ocr_line' id='line_1_54' title="bbox 829 3487 2331 3573; baseline -0.005 -17"><span class='ocrx_word' id='word_1_322' title='bbox 829 3500 979 3556; x_wconf 91' lang='lat' dir='ltr'>sunt</span> <span class='ocrx_word' id='word_1_323' title='bbox 1022 3510 1037 3554; x_wconf 72' lang='grc' dir='ltr'><strong><em>ε</em></strong></span> <span class='ocrx_word' id='word_1_324' title='bbox 1081 3499 1145 3556; x_wconf 90' lang='lat' dir='ltr'>et</span> <span class='ocrx_word' id='word_1_325' title='bbox 1190 3491 1315 3554; x_wconf 89' lang='lat' dir='ltr'>nisi</span> <span class='ocrx_word' id='word_1_326' title='bbox 1366 3490 1802 3573; x_wconf 89' lang='lat' dir='ltr'>superjaceret</span> <span class='ocrx_word' id='word_1_327' title='bbox 1847 3506 2033 3571; x_wconf 90' lang='lat' dir='ltr'>aqua,</span> <span class='ocrx_word' id='word_1_328' title='bbox 2075 3487 2331 3549; x_wconf 91' lang='lat' dir='ltr'>inflam-</span> 
     </span>
     <span class='ocr_line' id='line_1_55' title="bbox 830 3584 2333 3672; baseline -0.005 -18"><span class='ocrx_word' id='word_1_329' title='bbox 830 3598 1073 3654; x_wconf 90' lang='lat' dir='ltr'>matum</span> <span class='ocrx_word' id='word_1_330' title='bbox 1111 3591 1243 3671; x_wconf 90' lang='lat' dir='ltr'>jam</span> <span class='ocrx_word' id='word_1_331' title='bbox 1290 3589 1515 3672; x_wconf 88' lang='lat' dir='ltr'>utique</span> <span class='ocrx_word' id='word_1_332' title='bbox 1558 3597 1728 3651; x_wconf 90' lang='lat' dir='ltr'>esset</span> <span class='ocrx_word' id='word_1_333' title='bbox 1772 3606 1810 3650; x_wconf 91' lang='lat' dir='ltr'>a</span> <span class='ocrx_word' id='word_1_334' title='bbox 1852 3586 2061 3650; x_wconf 87' lang='lat' dir='ltr'>calore</span> <span class='ocrx_word' id='word_1_335' title='bbox 2117 3584 2333 3648; x_wconf 88' lang='lat' dir='ltr'>firma-</span> 
     </span>
     <span class='ocr_line' id='line_1_56' title="bbox 830 3683 2332 3753; baseline -0.007 0"><span class='ocrx_word' id='word_1_336' title='bbox 830 3697 1137 3753; x_wconf 86' lang='lat' dir='ltr'>mentum.</span> <span class='ocrx_word' id='word_1_337' title='bbox 1172 3688 1281 3752; x_wconf 88' lang='lat' dir='ltr'>His</span> <span class='ocrx_word' id='word_1_338' title='bbox 1319 3686 1535 3750; x_wconf 87' lang='lat' dir='ltr'>verbis</span> <span class='ocrx_word' id='word_1_339' title='bbox 1564 3685 1937 3750; x_wconf 88' lang='lat' dir='ltr'>Damasceni</span> <span class='ocrx_word' id='word_1_340' title='bbox 1981 3683 2332 3746; x_wconf 89' lang='lat' dir='ltr'>multorum</span> 
     </span>
     <span class='ocr_line' id='line_1_57' title="bbox 828 3780 2331 3864; baseline -0.006 -13"><span class='ocrx_word' id='word_1_341' title='bbox 828 3787 1025 3851; x_wconf 86' lang='lat' dir='ltr'>verba</span> <span class='ocrx_word' id='word_1_342' title='bbox 1078 3787 1464 3850; x_wconf 87' lang='lat' dir='ltr'>concordant</span> <span class='ocrx_word' id='word_1_343' title='bbox 1514 3785 1912 3858; x_wconf 90' lang='lat' dir='ltr'>Sanctorum,</span> <span class='ocrx_word' id='word_1_344' title='bbox 1975 3780 2331 3864; x_wconf 82' lang='lat' dir='ltr'>praesertim</span> 
     </span>
     <span class='ocr_line' id='line_1_58' title="bbox 833 3881 2332 3968; baseline -0.007 -17"><span class='ocrx_word' id='word_1_345' title='bbox 833 3887 1049 3968; x_wconf 88' lang='lat' dir='ltr'>magni</span> <span class='ocrx_word' id='word_1_346' title='bbox 1091 3885 1308 3949; x_wconf 90' lang='lat' dir='ltr'>Basilii</span> <span class='ocrx_word' id='word_1_347' title='bbox 1355 3884 1422 3947; x_wconf 91' lang='lat' dir='ltr'>in</span> <span class='ocrx_word' id='word_1_348' title='bbox 1466 3901 1581 3946; x_wconf 91' lang='lat' dir='ltr'>suo</span> <span class='ocrx_word' id='word_1_349' title='bbox 1620 3883 2068 3945; x_wconf 84' lang='lat' dir='ltr'>Hexaemeron.</span> <span class='ocrx_word' id='word_1_350' title='bbox 2104 3881 2332 3942; x_wconf 91' lang='lat' dir='ltr'>Beatus</span> 
     </span>
     <span class='ocr_line' id='line_1_59' title="bbox 826 3980 2330 4069; baseline -0.007 -20"><span class='ocrx_word' id='word_1_351' title='bbox 826 4003 1083 4069; x_wconf 90' lang='lat' dir='ltr'>quoque</span> <span class='ocrx_word' id='word_1_352' title='bbox 1137 3983 1515 4047; x_wconf 89' lang='lat' dir='ltr'>Ambrosius</span> <span class='ocrx_word' id='word_1_353' title='bbox 1574 3982 1640 4043; x_wconf 89' lang='lat' dir='ltr'>in</span> <span class='ocrx_word' id='word_1_354' title='bbox 1705 3998 1822 4044; x_wconf 93' lang='lat' dir='ltr'>suo</span> <span class='ocrx_word' id='word_1_355' title='bbox 1898 3980 2330 4042; x_wconf 87' lang='lat' dir='ltr'>Hexaemeron</span> 
     </span>
     <span class='ocr_line' id='line_1_60' title="bbox 824 4075 2328 4155; baseline -0.006 -8"><span class='ocrx_word' id='word_1_356' title='bbox 824 4090 1217 4147; x_wconf 88' lang='lat' dir='ltr'>contestatur</span> <span class='ocrx_word' id='word_1_357' title='bbox 1276 4099 1291 4144; x_wconf 74' lang='grc' dir='ltr'><em>τ</em></span> <span class='ocrx_word' id='word_1_358' title='bbox 1344 4080 1551 4155; x_wconf 88' lang='lat' dir='ltr'>Quum</span> <span class='ocrx_word' id='word_1_359' title='bbox 1610 4079 1826 4141; x_wconf 89' lang='lat' dir='ltr'>dicant</span> <span class='ocrx_word' id='word_1_360' title='bbox 1881 4076 2075 4140; x_wconf 90' lang='lat' dir='ltr'>volvi·</span> <span class='ocrx_word' id='word_1_361' title='bbox 2110 4075 2328 4138; x_wconf 92' lang='lat' dir='ltr'>orbem</span> 
     </span>
    </p>
   </div>
   <div class='ocr_carea' id='block_1_17' title="bbox 2440 3095 4206 3177">
    <p class='ocr_par' dir='ltr' id='par_1_18' title="bbox 2440 3095 4206 3177">
     <span class='ocr_line' id='line_1_61' title="bbox 2440 3095 4206 3177; baseline 0.002 -19"><span class='ocrx_word' id='word_1_362' title='bbox 2440 3096 2756 3177; x_wconf 85' lang='lat' dir='ltr'>Magister,</span> <span class='ocrx_word' id='word_1_363' title='bbox 2815 3096 2937 3158; x_wconf 90' lang='lat' dir='ltr'>tria</span> <span class='ocrx_word' id='word_1_364' title='bbox 3004 3095 3307 3158; x_wconf 87' lang='lat' dir='ltr'>videlicet</span> <span class='ocrx_word' id='word_1_365' title='bbox 3371 3096 3689 3159; x_wconf 88' lang='lat' dir='ltr'>elementa</span> <span class='ocrx_word' id='word_1_366' title='bbox 3743 3096 3956 3160; x_wconf 89' lang='lat' dir='ltr'>fuisse</span> <span class='ocrx_word' id='word_1_367' title='bbox 3981 3121 4206 3167; x_wconf 54' lang='lat' dir='ltr'>amnt.</span> 
     </span>
    </p>
   </div>
   <div class='ocr_carea' id='block_1_18' title="bbox 2443 3193 3958 3570">
    <p class='ocr_par' dir='ltr' id='par_1_19' title="bbox 2443 3193 3958 3570">
     <span class='ocr_line' id='line_1_62' title="bbox 2443 3193 3956 3276; baseline 0.001 -21"><span class='ocrx_word' id='word_1_368' title='bbox 2443 3193 2728 3268; x_wconf 90' lang='lat' dir='ltr'>confusa,</span> <span class='ocrx_word' id='word_1_369' title='bbox 2789 3193 3127 3276; x_wconf 87' lang='lat' dir='ltr'>permixta,</span> <span class='ocrx_word' id='word_1_370' title='bbox 3187 3201 3252 3256; x_wconf 90' lang='lat' dir='ltr'>et</span> <span class='ocrx_word' id='word_1_371' title='bbox 3307 3213 3513 3276; x_wconf 91' lang='lat' dir='ltr'>usque</span> <span class='ocrx_word' id='word_1_372' title='bbox 3567 3195 3647 3257; x_wconf 88' lang='lat' dir='ltr'>ad</span> <span class='ocrx_word' id='word_1_373' title='bbox 3708 3195 3956 3258; x_wconf 89' lang='lat' dir='ltr'>summi</span> 
     </span>
     <span class='ocr_line' id='line_1_63' title="bbox 2443 3291 3958 3375; baseline 0.001 -22"><span class='ocrx_word' id='word_1_374' title='bbox 2443 3291 2589 3355; x_wconf 89' lang='lat' dir='ltr'>coeli</span> <span class='ocrx_word' id='word_1_375' title='bbox 2618 3292 3053 3354; x_wconf 88' lang='lat' dir='ltr'>summitatem</span> <span class='ocrx_word' id='word_1_376' title='bbox 3085 3300 3399 3375; x_wconf 90' lang='lat' dir='ltr'>porrecta,</span> <span class='ocrx_word' id='word_1_377' title='bbox 3432 3299 3497 3356; x_wconf 90' lang='lat' dir='ltr'>et</span> <span class='ocrx_word' id='word_1_378' title='bbox 3523 3310 3724 3375; x_wconf 89' lang='lat' dir='ltr'>aquas</span> <span class='ocrx_word' id='word_1_379' title='bbox 3753 3311 3958 3375; x_wconf 88' lang='lat' dir='ltr'>super</span> 
     </span>
     <span class='ocr_line' id='line_1_64' title="bbox 2443 3391 3956 3474; baseline 0 -21"><span class='ocrx_word' id='word_1_380' title='bbox 2443 3391 2678 3454; x_wconf 89' lang='lat' dir='ltr'>coelum</span> <span class='ocrx_word' id='word_1_381' title='bbox 2727 3409 2866 3453; x_wconf 88' lang='lat' dir='ltr'>esse</span> <span class='ocrx_word' id='word_1_382' title='bbox 2923 3391 3282 3466; x_wconf 88' lang='lat' dir='ltr'>verissime,</span> <span class='ocrx_word' id='word_1_383' title='bbox 3341 3409 3414 3454; x_wconf 86' lang='lat' dir='ltr'>ac</span> <span class='ocrx_word' id='word_1_384' title='bbox 3472 3398 3705 3466; x_wconf 88' lang='lat' dir='ltr'>cetera,</span> <span class='ocrx_word' id='word_1_385' title='bbox 3757 3399 3956 3474; x_wconf 91' lang='lat' dir='ltr'>prout</span> 
     </span>
     <span class='ocr_line' id='line_1_65' title="bbox 2443 3488 3956 3570; baseline 0.001 -19"><span class='ocrx_word' id='word_1_386' title='bbox 2443 3496 2657 3551; x_wconf 90' lang='lat' dir='ltr'>narrat</span> <span class='ocrx_word' id='word_1_387' title='bbox 2710 3489 3021 3570; x_wconf 85' lang='lat' dir='ltr'>Magister.</span> <span class='ocrx_word' id='word_1_388' title='bbox 3074 3490 3346 3552; x_wconf 89' lang='lat' dir='ltr'>Demum</span> <span class='ocrx_word' id='word_1_389' title='bbox 3405 3489 3485 3552; x_wconf 86' lang='lat' dir='ltr'>de</span> <span class='ocrx_word' id='word_1_390' title='bbox 3542 3489 3644 3552; x_wconf 87' lang='lat' dir='ltr'>his</span> <span class='ocrx_word' id='word_1_391' title='bbox 3697 3488 3764 3551; x_wconf 90' lang='lat' dir='ltr'>in</span> <span class='ocrx_word' id='word_1_392' title='bbox 3813 3488 3956 3552; x_wconf 87' lang='lat' dir='ltr'>Ele·</span> 
     </span>
    </p>
   </div>
   <div class='ocr_carea' id='block_1_19' title="bbox 2442 3586 4202 3670">
    <p class='ocr_par' dir='ltr' id='par_1_20' title="bbox 2442 3586 4202 3670">
     <span class='ocr_line' id='line_1_66' title="bbox 2442 3586 4202 3670; baseline 0 -21"><span class='ocrx_word' id='word_1_393' title='bbox 2442 3587 2828 3649; x_wconf 87' lang='lat' dir='ltr'>mentatione</span> <span class='ocrx_word' id='word_1_394' title='bbox 2859 3587 3306 3670; x_wconf 89' lang='lat' dir='ltr'>philosophica</span> <span class='ocrx_word' id='word_1_395' title='bbox 3335 3587 3504 3650; x_wconf 91' lang='lat' dir='ltr'>dicta</span> <span class='ocrx_word' id='word_1_396' title='bbox 3532 3595 3683 3650; x_wconf 91' lang='lat' dir='ltr'>sunt</span> <span class='ocrx_word' id='word_1_397' title='bbox 3709 3586 3948 3669; x_wconf 87' lang='lat' dir='ltr'>aliqua.</span> <span class='ocrx_word' id='word_1_398' title='bbox 3979 3627 4148 3670; x_wconf 58' lang='lat' dir='ltr'>m,</span> <span class='ocrx_word' id='word_1_399' title='bbox 4167 3627 4202 3658; x_wconf 83' lang='grc'>.,,</span> 
     </span>
    </p>
   </div>
   <div class='ocr_carea' id='block_1_20' title="bbox 2443 3683 3958 4142">
    <p class='ocr_par' dir='ltr' id='par_1_21' title="bbox 2443 3683 3958 4142">
     <span class='ocr_line' id='line_1_67' title="bbox 2524 3683 3954 3767; baseline 0.001 -21"><span class='ocrx_word' id='word_1_400' title='bbox 2524 3685 2785 3746; x_wconf 87' lang='lat' dir='ltr'>Interim</span> <span class='ocrx_word' id='word_1_401' title='bbox 2830 3685 2930 3746; x_wconf 89' lang='lat' dir='ltr'>his</span> <span class='ocrx_word' id='word_1_402' title='bbox 2974 3683 3170 3764; x_wconf 87' lang='lat' dir='ltr'>objici</span> <span class='ocrx_word' id='word_1_403' title='bbox 3213 3691 3424 3767; x_wconf 89' lang='lat' dir='ltr'>potest</span> <span class='ocrx_word' id='word_1_404' title='bbox 3464 3685 3635 3766; x_wconf 89' lang='lat' dir='ltr'>quod</span> <span class='ocrx_word' id='word_1_405' title='bbox 3672 3685 3954 3748; x_wconf 86' lang='lat' dir='ltr'>Thomas</span> 
     </span>
     <span class='ocr_line' id='line_1_68' title="bbox 2449 3782 3956 3864; baseline 0.001 -20"><span class='ocrx_word' id='word_1_406' title='bbox 2449 3783 2515 3844; x_wconf 88' lang='lat' dir='ltr'>in</span> <span class='ocrx_word' id='word_1_407' title='bbox 2559 3782 2810 3864; x_wconf 90' lang='lat' dir='ltr'>Scripto</span> <span class='ocrx_word' id='word_1_408' title='bbox 2851 3783 3118 3846; x_wconf 90' lang='lat' dir='ltr'>secundi</span> <span class='ocrx_word' id='word_1_409' title='bbox 3159 3782 3467 3857; x_wconf 88' lang='lat' dir='ltr'>affirmat,</span> <span class='ocrx_word' id='word_1_410' title='bbox 3500 3783 3956 3846; x_wconf 86' lang='lat' dir='ltr'>beatissimum</span> 
     </span>
     <span class='ocr_line' id='line_1_69' title="bbox 2445 3881 3956 3964; baseline 0 -20"><span class='ocrx_word' id='word_1_411' title='bbox 2445 3881 2818 3964; x_wconf 79' lang='lat' dir='ltr'>Dionysium</span> <span class='ocrx_word' id='word_1_412' title='bbox 2849 3881 3255 3945; x_wconf 89' lang='lat' dir='ltr'>Aristotelem</span> <span class='ocrx_word' id='word_1_413' title='bbox 3285 3899 3429 3945; x_wconf 91' lang='lat' dir='ltr'>esse</span> <span class='ocrx_word' id='word_1_414' title='bbox 3457 3890 3750 3945; x_wconf 88' lang='lat' dir='ltr'>secutum</span> <span class='ocrx_word' id='word_1_415' title='bbox 3783 3900 3956 3964; x_wconf 85' lang='lat' dir='ltr'>pene</span> 
     </span>
     <span class='ocr_line' id='line_1_70' title="bbox 2445 3978 3958 4068; baseline 0.001 -26"><span class='ocrx_word' id='word_1_416' title='bbox 2445 3980 2508 4042; x_wconf 89' lang='lat' dir='ltr'>in</span> <span class='ocrx_word' id='word_1_417' title='bbox 2555 3979 2878 4054; x_wconf 90' lang='lat' dir='ltr'>omnibus,</span> <span class='ocrx_word' id='word_1_418' title='bbox 2924 3987 3116 4060; x_wconf 89' lang='lat' dir='ltr'>atque</span> <span class='ocrx_word' id='word_1_419' title='bbox 3162 3979 3229 4042; x_wconf 92' lang='lat' dir='ltr'>in</span> <span class='ocrx_word' id='word_1_420' title='bbox 3276 3978 3419 4053; x_wconf 90' lang='lat' dir='ltr'>isto,</span> <span class='ocrx_word' id='word_1_421' title='bbox 3465 3980 3637 4068; x_wconf 85' lang='lat' dir='ltr'>quod</span> <span class='ocrx_word' id='word_1_422' title='bbox 3683 3996 3958 4062; x_wconf 85' lang='lat' dir='ltr'>corpora</span> 
     </span>
     <span class='ocr_line' id='line_1_71' title="bbox 2443 4077 3950 4142; baseline -0.001 -2"><span class='ocrx_word' id='word_1_423' title='bbox 2443 4079 2728 4142; x_wconf 90' lang='lat' dir='ltr'>coelestia</span> <span class='ocrx_word' id='word_1_424' title='bbox 2795 4095 2922 4140; x_wconf 90' lang='lat' dir='ltr'>non</span> <span class='ocrx_word' id='word_1_425' title='bbox 2988 4084 3140 4140; x_wconf 89' lang='lat' dir='ltr'>sunt</span> <span class='ocrx_word' id='word_1_426' title='bbox 3205 4077 3612 4140; x_wconf 90' lang='lat' dir='ltr'>elementaris</span> <span class='ocrx_word' id='word_1_427' title='bbox 3681 4085 3950 4142; x_wconf 59' lang='lat' dir='ltr'>naturas.</span> 
     </span>
    </p>
   </div>
   <div class='ocr_carea' id='block_1_21' title="bbox 831 4175 3960 4259">
    <p class='ocr_par' dir='ltr' id='par_1_22' title="bbox 831 4175 3960 4259">
     <span class='ocr_line' id='line_1_72' title="bbox 831 4175 3960 4259; baseline -0.002 -14"><span class='ocrx_word' id='word_1_428' title='bbox 831 4181 978 4245; x_wconf 90' lang='lat' dir='ltr'>coeli</span> <span class='ocrx_word' id='word_1_429' title='bbox 1009 4180 1211 4243; x_wconf 89' lang='lat' dir='ltr'>stellis</span> <span class='ocrx_word' id='word_1_430' title='bbox 1239 4177 1614 4241; x_wconf 88' lang='lat' dir='ltr'>ardentibus</span> <span class='ocrx_word' id='word_1_431' title='bbox 1645 4175 2085 4257; x_wconf 88' lang='lat' dir='ltr'>refulgentem,</span> <span class='ocrx_word' id='word_1_432' title='bbox 2116 4190 2330 4237; x_wconf 89' lang='lat' dir='ltr'>nonne</span> <span class='ocrx_word' id='word_1_433' title='bbox 2363 4175 2412 4238; x_wconf 92' lang='lat' dir='ltr'>D</span> <span class='ocrx_word' id='word_1_434' title='bbox 2442 4177 2596 4239; x_wconf 90' lang='lat' dir='ltr'>Nam</span> <span class='ocrx_word' id='word_1_435' title='bbox 2643 4184 2708 4240; x_wconf 89' lang='lat' dir='ltr'>et</span> <span class='ocrx_word' id='word_1_436' title='bbox 2749 4183 2976 4258; x_wconf 87' lang='lat' dir='ltr'>quarto</span> <span class='ocrx_word' id='word_1_437' title='bbox 3013 4177 3295 4259; x_wconf 88' lang='lat' dir='ltr'>capitulo</span> <span class='ocrx_word' id='word_1_438' title='bbox 3332 4176 3411 4238; x_wconf 89' lang='lat' dir='ltr'>de</span> <span class='ocrx_word' id='word_1_439' title='bbox 3449 4175 3697 4239; x_wconf 88' lang='lat' dir='ltr'>Divinis</span> <span class='ocrx_word' id='word_1_440' title='bbox 3745 4175 3960 4240; x_wconf 91' lang='lat' dir='ltr'>nomi·</span> 
     </span>
    </p>
   </div>
   <div class='ocr_carea' id='block_1_22' title="bbox 827 4272 2337 5246">
    <p class='ocr_par' dir='ltr' id='par_1_23' title="bbox 827 4272 2337 5246">
     <span class='ocr_line' id='line_1_73' title="bbox 828 4272 2334 4359; baseline -0.006 -17"><span class='ocrx_word' id='word_1_441' title='bbox 828 4279 1048 4342; x_wconf 89' lang='lat' dir='ltr'>divina</span> <span class='ocrx_word' id='word_1_442' title='bbox 1097 4275 1498 4359; x_wconf 86' lang='lat' dir='ltr'>providentia</span> <span class='ocrx_word' id='word_1_443' title='bbox 1544 4274 1906 4336; x_wconf 88' lang='lat' dir='ltr'>necessario</span> <span class='ocrx_word' id='word_1_444' title='bbox 1953 4272 2016 4335; x_wconf 92' lang='lat' dir='ltr'>id</span> <span class='ocrx_word' id='word_1_445' title='bbox 2075 4289 2334 4354; x_wconf 91' lang='lat' dir='ltr'>prospe-</span> 
     </span>
     <span class='ocr_line' id='line_1_74' title="bbox 830 4369 2331 4453; baseline -0.007 -12"><span class='ocrx_word' id='word_1_446' title='bbox 830 4377 947 4451; x_wconf 86' lang='lat' dir='ltr'>xit,</span> <span class='ocrx_word' id='word_1_447' title='bbox 992 4383 1064 4438; x_wconf 89' lang='lat' dir='ltr'>ut</span> <span class='ocrx_word' id='word_1_448' title='bbox 1111 4374 1279 4438; x_wconf 90' lang='lat' dir='ltr'>infra</span> <span class='ocrx_word' id='word_1_449' title='bbox 1319 4373 1542 4437; x_wconf 92' lang='lat' dir='ltr'>orbem</span> <span class='ocrx_word' id='word_1_450' title='bbox 1589 4371 1734 4435; x_wconf 88' lang='lat' dir='ltr'>coeli</span> <span class='ocrx_word' id='word_1_451' title='bbox 1778 4378 1842 4433; x_wconf 89' lang='lat' dir='ltr'>et</span> <span class='ocrx_word' id='word_1_452' title='bbox 1886 4389 2080 4453; x_wconf 89' lang='lat' dir='ltr'>supra</span> <span class='ocrx_word' id='word_1_453' title='bbox 2108 4369 2331 4432; x_wconf 90' lang='lat' dir='ltr'>orbem</span> 
     </span>
     <span class='ocr_line' id='line_1_75' title="bbox 829 4467 2333 4554; baseline -0.006 -15"><span class='ocrx_word' id='word_1_454' title='bbox 829 4475 1215 4539; x_wconf 88' lang='lat' dir='ltr'>redundaret</span> <span class='ocrx_word' id='word_1_455' title='bbox 1262 4490 1448 4554; x_wconf 88' lang='lat' dir='ltr'>aqua,</span> <span class='ocrx_word' id='word_1_456' title='bbox 1491 4489 1633 4553; x_wconf 81' lang='lat' dir='ltr'>quae</span> <span class='ocrx_word' id='word_1_457' title='bbox 1682 4469 1977 4532; x_wconf 89' lang='lat' dir='ltr'>incendia</span> <span class='ocrx_word' id='word_1_458' title='bbox 2025 4467 2333 4531; x_wconf 87' lang='lat' dir='ltr'>ferventis</span> 
     </span>
     <span class='ocr_line' id='line_1_76' title="bbox 827 4566 2333 4657; baseline -0.007 -19"><span class='ocrx_word' id='word_1_459' title='bbox 827 4575 965 4638; x_wconf 88' lang='lat' dir='ltr'>axis</span> <span class='ocrx_word' id='word_1_460' title='bbox 996 4573 1415 4657; x_wconf 71' lang='lat' dir='ltr'>temperaret?</span> <span class='ocrx_word' id='word_1_461' title='bbox 1446 4569 1746 4633; x_wconf 90' lang='lat' dir='ltr'>Ordinem</span> <span class='ocrx_word' id='word_1_462' title='bbox 1779 4568 2139 4650; x_wconf 90' lang='lat' dir='ltr'>seriemque</span> <span class='ocrx_word' id='word_1_463' title='bbox 2170 4566 2333 4630; x_wconf 92' lang='lat' dir='ltr'>Scri-</span> 
     </span>
     <span class='ocr_line' id='line_1_77' title="bbox 829 4666 2332 4759; baseline -0.006 -23"><span class='ocrx_word' id='word_1_464' title='bbox 829 4681 1033 4759; x_wconf 84' lang='lat' dir='ltr'>pturae</span> <span class='ocrx_word' id='word_1_465' title='bbox 1090 4689 1456 4754; x_wconf 90' lang='lat' dir='ltr'>sequamur,</span> <span class='ocrx_word' id='word_1_466' title='bbox 1509 4687 1651 4752; x_wconf 79' lang='lat' dir='ltr'>quae</span> <span class='ocrx_word' id='word_1_467' title='bbox 1707 4667 1796 4730; x_wconf 91' lang='lat' dir='ltr'>ait</span> <span class='ocrx_word' id='word_1_468' title='bbox 1848 4684 1862 4729; x_wconf 93' lang='lat'><strong>:</strong></span> <span class='ocrx_word' id='word_1_469' title='bbox 1915 4666 2087 4729; x_wconf 90' lang='lat' dir='ltr'>Dixit</span> <span class='ocrx_word' id='word_1_470' title='bbox 2140 4666 2332 4740; x_wconf 91' lang='lat' dir='ltr'>Deus,</span> 
     </span>
     <span class='ocr_line' id='line_1_78' title="bbox 829 4762 2334 4846; baseline -0.007 -11"><span class='ocrx_word' id='word_1_471' title='bbox 829 4773 966 4836; x_wconf 89' lang='lat' dir='ltr'>Fiat</span> <span class='ocrx_word' id='word_1_472' title='bbox 1030 4771 1512 4834; x_wconf 88' lang='lat' dir='ltr'>firmamentum</span> <span class='ocrx_word' id='word_1_473' title='bbox 1579 4773 1643 4830; x_wconf 90' lang='lat' dir='ltr'>et</span> <span class='ocrx_word' id='word_1_474' title='bbox 1698 4765 1942 4846; x_wconf 81' lang='lat' dir='ltr'>dividat</span> <span class='ocrx_word' id='word_1_475' title='bbox 1998 4783 2196 4846; x_wconf 89' lang='lat' dir='ltr'>aquas</span> <span class='ocrx_word' id='word_1_476' title='bbox 2253 4762 2334 4825; x_wconf 90' lang='lat' dir='ltr'>ab</span> 
     </span>
     <span class='ocr_line' id='line_1_79' title="bbox 828 4860 2332 4954; baseline -0.009 -19"><span class='ocrx_word' id='word_1_477' title='bbox 828 4871 1031 4954; x_wconf 89' lang='lat' dir='ltr'>aquis.</span> <span class='ocrx_word' id='word_1_478' title='bbox 1088 4869 1210 4933; x_wconf 91' lang='lat' dir='ltr'>Sed</span> <span class='ocrx_word' id='word_1_479' title='bbox 1258 4867 1377 4941; x_wconf 92' lang='lat' dir='ltr'>illi,</span> <span class='ocrx_word' id='word_1_480' title='bbox 1427 4873 1581 4948; x_wconf 89' lang='lat' dir='ltr'>puta</span> <span class='ocrx_word' id='word_1_481' title='bbox 1630 4864 1891 4947; x_wconf 88' lang='lat' dir='ltr'>quidam</span> <span class='ocrx_word' id='word_1_482' title='bbox 1940 4860 2332 4944; x_wconf 89' lang='lat' dir='ltr'>philosophi,</span> 
     </span>
     <span class='ocr_line' id='line_1_80' title="bbox 829 4967 2336 5053; baseline -0.009 -20"><span class='ocrx_word' id='word_1_483' title='bbox 829 4969 1130 5053; x_wconf 86' lang='lat' dir='ltr'>quintum</span> <span class='ocrx_word' id='word_1_484' title='bbox 1186 4967 1525 5030; x_wconf 89' lang='lat' dir='ltr'>adstruunt</span> <span class='ocrx_word' id='word_1_485' title='bbox 1579 4981 1721 5026; x_wconf 90' lang='lat' dir='ltr'>esse</span> <span class='ocrx_word' id='word_1_486' title='bbox 1777 4980 2030 5044; x_wconf 82' lang='lat' dir='ltr'>corpuS,</span> <span class='ocrx_word' id='word_1_487' title='bbox 2095 4978 2175 5022; x_wconf 91' lang='lat' dir='ltr'>ne</span> <span class='ocrx_word' id='word_1_488' title='bbox 2236 4976 2336 5021; x_wconf 87' lang='lat' dir='ltr'>co-</span> 
     </span>
     <span class='ocr_line' id='line_1_81' title="bbox 830 5058 2334 5150; baseline -0.007 -20"><span class='ocrx_word' id='word_1_489' title='bbox 830 5075 1061 5150; x_wconf 88' lang='lat' dir='ltr'>gantur</span> <span class='ocrx_word' id='word_1_490' title='bbox 1102 5065 1336 5128; x_wconf 89' lang='lat' dir='ltr'>coelum</span> <span class='ocrx_word' id='word_1_491' title='bbox 1382 5063 1733 5126; x_wconf 91' lang='lat' dir='ltr'>concedere</span> <span class='ocrx_word' id='word_1_492' title='bbox 1776 5058 2197 5141; x_wconf 89' lang='lat' dir='ltr'>corruptibile</span> <span class='ocrx_word' id='word_1_493' title='bbox 2239 5075 2334 5120; x_wconf 91' lang='lat' dir='ltr'>es—</span> 
     </span>
     <span class='ocr_line' id='line_1_82' title="bbox 832 5156 2337 5246; baseline -0.006 -17"><span class='ocrx_word' id='word_1_494' title='bbox 832 5184 943 5246; x_wconf 90' lang='lat' dir='ltr'>se;</span> <span class='ocrx_word' id='word_1_495' title='bbox 974 5164 1087 5228; x_wconf 88' lang='lat' dir='ltr'>sed</span> <span class='ocrx_word' id='word_1_496' title='bbox 1127 5163 1195 5226; x_wconf 92' lang='lat' dir='ltr'>hi</span> <span class='ocrx_word' id='word_1_497' title='bbox 1234 5161 1398 5224; x_wconf 91' lang='lat' dir='ltr'>nihil</span> <span class='ocrx_word' id='word_1_498' title='bbox 1440 5160 1811 5243; x_wconf 88' lang='lat' dir='ltr'>proficiunt,</span> <span class='ocrx_word' id='word_1_499' title='bbox 1845 5176 2046 5239; x_wconf 91' lang='lat' dir='ltr'>quum</span> <span class='ocrx_word' id='word_1_500' title='bbox 2076 5156 2337 5220; x_wconf 89' lang='lat' dir='ltr'>videant</span> 
     </span>
    </p>
   </div>
   <div class='ocr_carea' id='block_1_23' title="bbox 782 5254 2334 5349">
    <p class='ocr_par' dir='ltr' id='par_1_24' title="bbox 782 5254 2334 5349">
     <span class='ocr_line' id='line_1_83' title="bbox 782 5254 2334 5349; baseline -0.01 -18"><span class='ocrx_word' id='word_1_501' title='bbox 782 5295 789 5302; x_wconf 93' lang='lat'><strong>·</strong></span> <span class='ocrx_word' id='word_1_502' title='bbox 834 5263 1197 5349; x_wconf 88' lang='lat' dir='ltr'>portionem</span> <span class='ocrx_word' id='word_1_503' title='bbox 1226 5257 1502 5323; x_wconf 90' lang='lat' dir='ltr'>membri</span> <span class='ocrx_word' id='word_1_504' title='bbox 1542 5256 1771 5320; x_wconf 87' lang='lat' dir='ltr'>ceteris</span> <span class='ocrx_word' id='word_1_505' title='bbox 1810 5255 2214 5347; x_wconf 78' lang='lat' dir='ltr'>dissimilem,</span> <span class='ocrx_word' id='word_1_506' title='bbox 2249 5254 2334 5319; x_wconf 85' lang='lat' dir='ltr'>la-</span> 
     </span>
    </p>
   </div>
   <div class='ocr_carea' id='block_1_24' title="bbox 2442 4274 3960 5339">
    <p class='ocr_par' dir='ltr' id='par_1_25' title="bbox 2442 4274 3960 5339">
     <span class='ocr_line' id='line_1_84' title="bbox 2443 4274 3958 4358; baseline 0.002 -21"><span class='ocrx_word' id='word_1_507' title='bbox 2443 4274 2634 4337; x_wconf 89' lang='lat' dir='ltr'>nibus</span> <span class='ocrx_word' id='word_1_508' title='bbox 2693 4274 2978 4357; x_wconf 89' lang='lat' dir='ltr'>loquitur</span> <span class='ocrx_word' id='word_1_509' title='bbox 3035 4292 3048 4336; x_wconf 92' lang='lat'><strong>:</strong></span> <span class='ocrx_word' id='word_1_510' title='bbox 3102 4274 3349 4338; x_wconf 89' lang='lat' dir='ltr'>Coelum</span> <span class='ocrx_word' id='word_1_511' title='bbox 3402 4281 3467 4338; x_wconf 89' lang='lat' dir='ltr'>et</span> <span class='ocrx_word' id='word_1_512' title='bbox 3513 4274 3723 4339; x_wconf 89' lang='lat' dir='ltr'>sidera</span> <span class='ocrx_word' id='word_1_513' title='bbox 3777 4274 3958 4358; x_wconf 88' lang='lat' dir='ltr'>inge·</span> 
     </span>
     <span class='ocr_line' id='line_1_85' title="bbox 2443 4372 3960 4437; baseline 0.001 -1"><span class='ocrx_word' id='word_1_514' title='bbox 2443 4373 2792 4436; x_wconf 89' lang='lat' dir='ltr'>nerabilem</span> <span class='ocrx_word' id='word_1_515' title='bbox 2853 4379 2916 4435; x_wconf 90' lang='lat' dir='ltr'>et</span> <span class='ocrx_word' id='word_1_516' title='bbox 2972 4372 3418 4436; x_wconf 88' lang='lat' dir='ltr'>invariabilem</span> <span class='ocrx_word' id='word_1_517' title='bbox 3476 4372 3715 4436; x_wconf 89' lang='lat' dir='ltr'>habent</span> <span class='ocrx_word' id='word_1_518' title='bbox 3767 4382 3960 4437; x_wconf 88' lang='lat' dir='ltr'>natu·</span> 
     </span>
     <span class='ocr_line' id='line_1_86' title="bbox 2442 4470 3958 4553; baseline 0.001 -20"><span class='ocrx_word' id='word_1_519' title='bbox 2442 4489 2599 4533; x_wconf 90' lang='lat' dir='ltr'>ram.</span> <span class='ocrx_word' id='word_1_520' title='bbox 2662 4470 2755 4533; x_wconf 91' lang='lat' dir='ltr'>Ad</span> <span class='ocrx_word' id='word_1_521' title='bbox 2818 4470 2987 4552; x_wconf 90' lang='lat' dir='ltr'>quod</span> <span class='ocrx_word' id='word_1_522' title='bbox 3045 4470 3301 4533; x_wconf 84' lang='lat' dir='ltr'>videtur</span> <span class='ocrx_word' id='word_1_523' title='bbox 3348 4470 3715 4548; x_wconf 91' lang='lat' dir='ltr'>dicendum,</span> <span class='ocrx_word' id='word_1_524' title='bbox 3763 4471 3958 4553; x_wconf 82' lang='lat' dir='ltr'>juxta</span> 
     </span>
     <span class='ocr_line' id='line_1_87' title="bbox 2444 4568 3954 4653; baseline 0.001 -21"><span class='ocrx_word' id='word_1_525' title='bbox 2444 4588 2616 4632; x_wconf 89' lang='lat' dir='ltr'>nunc</span> <span class='ocrx_word' id='word_1_526' title='bbox 2676 4568 3056 4642; x_wconf 90' lang='lat' dir='ltr'>introducta,</span> <span class='ocrx_word' id='word_1_527' title='bbox 3108 4568 3279 4650; x_wconf 89' lang='lat' dir='ltr'>quod</span> <span class='ocrx_word' id='word_1_528' title='bbox 3325 4569 3640 4650; x_wconf 90' lang='lat' dir='ltr'>gloriosus</span> <span class='ocrx_word' id='word_1_529' title='bbox 3687 4571 3954 4653; x_wconf 59' lang='lat' dir='ltr'>praesul,</span> 
     </span>
     <span class='ocr_line' id='line_1_88' title="bbox 2446 4666 3955 4750; baseline 0.001 -21"><span class='ocrx_word' id='word_1_530' title='bbox 2446 4668 2665 4731; x_wconf 89' lang='lat' dir='ltr'>doctor</span> <span class='ocrx_word' id='word_1_531' title='bbox 2693 4675 2757 4729; x_wconf 90' lang='lat' dir='ltr'>et</span> <span class='ocrx_word' id='word_1_532' title='bbox 2790 4674 3026 4750; x_wconf 80' lang='lat' dir='ltr'>martyr</span> <span class='ocrx_word' id='word_1_533' title='bbox 3055 4666 3421 4749; x_wconf 76' lang='lat' dir='ltr'>Dionysius,</span> <span class='ocrx_word' id='word_1_534' title='bbox 3453 4667 3519 4728; x_wconf 89' lang='lat' dir='ltr'>in</span> <span class='ocrx_word' id='word_1_535' title='bbox 3549 4666 3735 4730; x_wconf 85' lang='lat' dir='ltr'>valde</span> <span class='ocrx_word' id='word_1_536' title='bbox 3776 4669 3955 4731; x_wconf 89' lang='lat' dir='ltr'>mul-</span> 
     </span>
     <span class='ocr_line' id='line_1_89' title="bbox 2445 4764 3958 4838; baseline 0.001 -10"><span class='ocrx_word' id='word_1_537' title='bbox 2445 4765 2527 4828; x_wconf 91' lang='lat' dir='ltr'>tis</span> <span class='ocrx_word' id='word_1_538' title='bbox 2584 4765 2665 4828; x_wconf 89' lang='lat' dir='ltr'>ab</span> <span class='ocrx_word' id='word_1_539' title='bbox 2721 4764 3059 4829; x_wconf 85' lang='lat' dir='ltr'>Aristotele</span> <span class='ocrx_word' id='word_1_540' title='bbox 3117 4765 3400 4838; x_wconf 88' lang='lat' dir='ltr'>recessit,</span> <span class='ocrx_word' id='word_1_541' title='bbox 3450 4765 3646 4828; x_wconf 89' lang='lat' dir='ltr'>etiam</span> <span class='ocrx_word' id='word_1_542' title='bbox 3703 4765 3769 4828; x_wconf 90' lang='lat' dir='ltr'>in</span> <span class='ocrx_word' id='word_1_543' title='bbox 3827 4766 3958 4830; x_wconf 78' lang='lat' dir='ltr'>ista</span> 
     </span>
     <span class='ocr_line' id='line_1_90' title="bbox 2449 4862 3956 4945; baseline 0.001 -19"><span class='ocrx_word' id='word_1_544' title='bbox 2449 4863 2711 4926; x_wconf 89' lang='lat' dir='ltr'>materia</span> <span class='ocrx_word' id='word_1_545' title='bbox 2762 4880 2776 4926; x_wconf 73' lang='grc' dir='ltr'>ε</span> <span class='ocrx_word' id='word_1_546' title='bbox 2828 4863 2980 4945; x_wconf 87' lang='lat' dir='ltr'>quia</span> <span class='ocrx_word' id='word_1_547' title='bbox 3028 4881 3147 4925; x_wconf 92' lang='lat' dir='ltr'>nec</span> <span class='ocrx_word' id='word_1_548' title='bbox 3205 4862 3441 4926; x_wconf 87' lang='lat' dir='ltr'>coelum</span> <span class='ocrx_word' id='word_1_549' title='bbox 3495 4863 3808 4927; x_wconf 88' lang='lat' dir='ltr'>concessit</span> <span class='ocrx_word' id='word_1_550' title='bbox 3863 4865 3956 4928; x_wconf 86' lang='lat' dir='ltr'>ab</span> 
     </span>
     <span class='ocr_line' id='line_1_91' title="bbox 2445 4960 3957 5046; baseline 0.003 -23"><span class='ocrx_word' id='word_1_551' title='bbox 2445 4969 2682 5025; x_wconf 84' lang='lat' dir='ltr'>aeterno</span> <span class='ocrx_word' id='word_1_552' title='bbox 2723 4960 2946 5035; x_wconf 88' lang='lat' dir='ltr'>fuisse,</span> <span class='ocrx_word' id='word_1_553' title='bbox 2992 4978 3111 5023; x_wconf 91' lang='lat' dir='ltr'>nec</span> <span class='ocrx_word' id='word_1_554' title='bbox 3153 4961 3294 5041; x_wconf 91' lang='lat' dir='ltr'>ejus</span> <span class='ocrx_word' id='word_1_555' title='bbox 3340 4968 3584 5024; x_wconf 88' lang='lat' dir='ltr'>motum</span> <span class='ocrx_word' id='word_1_556' title='bbox 3635 4971 3957 5046; x_wconf 83' lang='lat' dir='ltr'>perpetuo</span> 
     </span>
     <span class='ocr_line' id='line_1_92' title="bbox 2443 5058 3954 5132; baseline 0.003 -11"><span class='ocrx_word' id='word_1_557' title='bbox 2443 5059 2819 5121; x_wconf 89' lang='lat' dir='ltr'>duraturum</span> <span class='ocrx_word' id='word_1_558' title='bbox 2875 5076 2890 5120; x_wconf 72' lang='grc' dir='ltr'>ε</span> <span class='ocrx_word' id='word_1_559' title='bbox 2943 5058 3091 5132; x_wconf 86' lang='lat' dir='ltr'>imo,</span> <span class='ocrx_word' id='word_1_560' title='bbox 3147 5066 3220 5120; x_wconf 87' lang='lat' dir='ltr'>ut</span> <span class='ocrx_word' id='word_1_561' title='bbox 3276 5059 3466 5122; x_wconf 89' lang='lat' dir='ltr'>modo</span> <span class='ocrx_word' id='word_1_562' title='bbox 3522 5068 3954 5126; x_wconf 85' lang='lat' dir='ltr'>monstratum</span> 
     </span>
     <span class='ocr_line' id='line_1_93' title="bbox 2446 5156 3958 5242; baseline 0.001 -22"><span class='ocrx_word' id='word_1_563' title='bbox 2446 5165 2564 5231; x_wconf 91' lang='lat' dir='ltr'>est,</span> <span class='ocrx_word' id='word_1_564' title='bbox 2598 5156 2797 5220; x_wconf 90' lang='lat' dir='ltr'>solem</span> <span class='ocrx_word' id='word_1_565' title='bbox 2839 5157 3002 5220; x_wconf 87' lang='lat' dir='ltr'>dixit</span> <span class='ocrx_word' id='word_1_566' title='bbox 3037 5156 3248 5239; x_wconf 92' lang='lat' dir='ltr'>primo</span> <span class='ocrx_word' id='word_1_567' title='bbox 3286 5157 3390 5219; x_wconf 93' lang='lat' dir='ltr'>die</span> <span class='ocrx_word' id='word_1_568' title='bbox 3428 5156 3670 5221; x_wconf 91' lang='lat' dir='ltr'>factum</span> <span class='ocrx_word' id='word_1_569' title='bbox 3699 5177 3777 5222; x_wconf 88' lang='lat' dir='ltr'>ex</span> <span class='ocrx_word' id='word_1_570' title='bbox 3815 5161 3958 5242; x_wconf 87' lang='lat' dir='ltr'>pri-</span> 
     </span>
     <span class='ocr_line' id='line_1_94' title="bbox 2450 5253 3954 5339; baseline 0.001 -21"><span class='ocrx_word' id='word_1_571' title='bbox 2450 5275 2552 5318; x_wconf 91' lang='lat' dir='ltr'>ma</span> <span class='ocrx_word' id='word_1_572' title='bbox 2613 5253 2722 5317; x_wconf 87' lang='lat' dir='ltr'>illa</span> <span class='ocrx_word' id='word_1_573' title='bbox 2779 5253 3040 5318; x_wconf 89' lang='lat' dir='ltr'>informi</span> <span class='ocrx_word' id='word_1_574' title='bbox 3099 5255 3386 5332; x_wconf 87' lang='lat' dir='ltr'>materia,</span> <span class='ocrx_word' id='word_1_575' title='bbox 3438 5263 3502 5318; x_wconf 91' lang='lat' dir='ltr'>et</span> <span class='ocrx_word' id='word_1_576' title='bbox 3554 5265 3782 5339; x_wconf 86' lang='lat' dir='ltr'>quarto</span> <span class='ocrx_word' id='word_1_577' title='bbox 3835 5257 3954 5334; x_wconf 81' lang='lat' dir='ltr'>die</span> 
     </span>
    </p>
   </div>
  </div>
 </body>
</html>
