4300 6259
1031 513 1110 558 na
1150 511 1378 558 Lunum
1417 509 1800 558 cnmswmae
1837 507 2140 566 ratenus,
2184 508 2361 555 ussa
2402 509 2441 554 1.
2488 527 2569 538 —
2610 509 2748 556 aar.
2794 510 2921 566 Χιν,
2965 509 3045 555 xv
3236 477 3241 481 ⁵
3467 490 3590 557 249

889 685 1376 754 ARTICULUS
1419 683 1602 749 XIV.

485 831 676 898 Quod
737 829 992 888 divinoe
1055 826 1470 903 simplicitati
1531 844 1664 884 non
1730 825 1990 900 deroyet

562 919 1054 994 conceptionum
1084 925 1144 976 et
1175 916 1698 976 nominationum
1739 923 1988 973 nostra-

566 1026 718 1068 rum
769 1016 904 1066 tam
951 1005 1385 1080 multiformis
1433 1004 1739 1062 varietas,

619 1175 894 1238 AMDEM
921 1181 1138 1238 autem
1169 1172 1511 1236 essentiam
1552 1171 1754 1234 virtus
1793 1169 1987 1232 subli-

647 1273 812 1336 mior
840 1272 1096 1355 plenius
1127 1270 1593 1354 contemplatur
1619 1269 1856 1331 virtute
1885 1270 1988 1331 de-

479 1369 758 1434 cliviori.
792 1371 967 1433 ldem
997 1387 1274 1453 namque
1304 1387 1418 1430 ens
1449 1366 1634 1430 aliter
1661 1367 1988 1448 cognoscit

477 1487 736 1541 sensus,
781 1468 968 1530 aliter
1016 1466 1378 1530 intellectus
1428 1483 1442 1528 τ
1487 1472 1586 1528 est
1632 1464 1806 1528 enim
1857 1464 1986 1526 sin-

471 1567 705 1648 gulare
733 1567 886 1628 dum
918 1566 1230 1643 sentitur3
1261 1563 1622 1627 universale
1652 1581 1803 1626 vero
1833 1563 1986 1624 dum

479 1664 884 1746 intelligitur.
940 1663 1264 1736 Praeterea,
1315 1679 1714 1744 unaquaeque
1763 1666 1988 1722 natura

471 1762 620 1844 agit
659 1762 1014 1825 secundum
1064 1779 1195 1823 suae
1243 1759 1674 1822 subsistentiae
1723 1758 1986 1840 qualita-

2018 677 2070 741 A
2097 685 2313 741 autem
2371 697 2539 762 saepe
2586 679 2932 742 deductum
2980 686 3099 753 est,
3148 679 3319 761 quod
3375 677 3593 742 divino

2095 795 2237 840 esse
2295 783 2615 859 competat
2669 778 2879 841 omnis
2948 778 3257 861 perfectio
3318 797 3461 860 quae
3516 776 3596 839 ad

2097 874 2565 957 plenitudinem
2596 883 2787 958 atque
2820 884 3196 959 potestatem
3228 877 3429 959 ipsius
3458 895 3597 940 esse

2097 973 2421 1055 pertinere
2488 980 2736 1056 potest3
2798 993 3050 1038 summa
3107 983 3323 1039 autem
3394 975 3597 1058 ipsius

2097 1089 2237 1134 esse
2298 1071 2607 1155 perfectio
2665 1081 2781 1147 est,
2844 1074 3293 1137 universaliter
3348 1082 3412 1138 et
3468 1081 3596 1138 non

2095 1171 2451 1233 secundum
2510 1178 2755 1253 partem
2816 1172 3171 1254 perfectum
3229 1172 3367 1236 fore
3430 1191 3443 1235 :
3504 1173 3596 1236 di-

2095 1269 2321 1331 vinum
2358 1269 2552 1350 igitur
2580 1287 2721 1332 esse
2752 1270 3199 1333 universaliter
3238 1269 3595 1354 perfectum

2096 1375 2211 1428 est.
2272 1367 2588 1449 Amplius,
2650 1369 2817 1430 Deus
2874 1375 2971 1431 est
3027 1387 3167 1432 esse
3227 1387 3341 1452 per
3398 1388 3483 1440 se,
3536 1376 3600 1432 et

2097 1464 2599 1528 substantialiter
2630 1467 2840 1548 ipsum
2872 1485 3061 1528 suum
3094 1485 3253 1530 esse.
3287 1467 3463 1541 Quod
3493 1487 3601 1529 au-

2096 1569 2227 1625 tem
2257 1563 2390 1625 enti
2421 1563 2927 1628 substantialiter
2965 1565 3285 1640 convenit,
3317 1565 3601 1628 excludit

2096 1661 2465 1725 omnimode
2510 1662 2571 1724 id
2622 1663 2789 1744 quod
2836 1662 2962 1725 sibi
3006 1663 3398 1726 contrarium
3441 1671 3537 1726 est
3581 1681 3595 1726 ε

2097 1759 2265 1821 sicut
2308 1759 2371 1822 id
2411 1761 2581 1841 quod
2621 1760 2995 1823 naturaliter
3035 1761 3313 1824 calidum
3353 1767 3471 1834 est,
3505 1761 3597 1823 nil

469 1869 638 1923 tem.
673 1859 1008 1941 Quumque
1038 1865 1254 1922 noster
1283 1857 1647 1920 intellectus
1679 1857 1758 1920 sit
1789 1876 1826 1919 a
1856 1857 1982 1939 pri·
2021 1858 2069 1921 Β
2099 1857 2291 1920 habet
2346 1859 2425 1920 de
2475 1857 2727 1940 frigide.
2780 1858 2915 1921 Non
2974 1877 3113 1922 esse
3162 1866 3400 1934 autem,
3451 1877 3597 1922 con-

467 1977 590 2021 mo
640 1957 969 2020 intellectu
1011 1956 1534 2030 distantissimuS,
1579 1955 1987 2038 compositio-

469 2056 570 2118 ris
593 2044 866 2118 actionis
895 2063 994 2118 est
1021 2063 1084 2117 et
1117 2056 1180 2118 in
1211 2054 1526 2137 operando
1551 2053 1984 2136 multiplicior,

465 2154 640 2235 quia
709 2153 1083 2216 naturaliter
1140 2150 1548 2234 potentialior
1604 2159 1702 2214 est
1757 2152 1988 2214 ceteris

467 2251 939 2314 intellectibus,
984 2251 1299 2333 Amplius,
1342 2251 1622 2332 cognitio
1659 2249 1868 2313 omnis
1908 2248 1986 2311 fit

467 2349 845 2411 secundum
903 2349 1358 2432 proprietatem
1405 2347 1649 2422 formai,
1701 2367 1844 2430 quae
1891 2355 1987 2410 est

467 2446 882 2529 principium
932 2455 997 2510 et
1052 2465 1180 2528 quo
1237 2446 1485 2528 agendi.
1538 2446 1745 2520 Quum
1796 2445 1988 2527 igitur

463 2545 704 2607 divina
752 2545 1028 2608 essentia
1073 2547 1157 2607 sit
1203 2563 1364 2627 pura
1408 2552 1474 2606 et
1517 2543 1986 2607 incircumscri-

463 2642 736 2724 ptibilis
779 2641 1124 2724 quidditaS,
1169 2649 1384 2706 noster
1432 2659 1584 2705 vero
1627 2640 1986 2704 intellectus

461 2741 562 2802 sit
607 2740 996 2821 potentialiS,
1029 2747 1094 2804 et
1121 2760 1159 2803 a
1197 2740 1373 2803 fonte
1413 2739 1860 2803 intellectualis
1893 2739 1985 2802 lu-

463 2838 684 2900 minis
733 2838 1220 2910 remotissimuS,
1265 2845 1456 2920 atque
1503 2837 1792 2900 divinum
1846 2855 1986 2900 esse

459 2956 552 3000 ex
599 2936 942 3018 speciebus
983 2936 1178 3017 hujus
1215 2935 1542 2999 sensibilis
1580 2937 1800 2998 mundi
1839 2943 1986 2998 con'·

2098 1957 2399 2018 trariatur
2446 1975 2604 2020 esse.
2658 1956 2760 2020 Nil
2808 1975 2959 2039 ergo
3014 1958 3092 2021 de
3140 1976 3265 2022 non
3315 1977 3455 2022 esse
3504 1959 3596 2020 di-

2095 2053 2249 2118 vino
2292 2073 2431 2118 esse
2472 2055 2827 2118 admixtum
2868 2061 2983 2118 est.
3018 2056 3139 2119 Sed
3177 2058 3388 2121 omnis
3425 2055 3597 2120 defe-

2097 2159 2237 2213 ctus
2276 2151 2629 2214 nobilitatis
2668 2159 2732 2214 et
2770 2153 3119 2216 contractio
3161 2153 3597 2235 perfectionis,

2096 2257 2195 2311 est
2223 2249 2533 2330 quoddam
2561 2267 2687 2312 non
2720 2250 2964 2313 esse.ln
2986 2251 3110 2314 Deo
3140 2251 3334 2332 igitur
3362 2251 3598 2314 nullius

2097 2346 2451 2410 nobilitatis
2490 2348 2771 2411 carentia
2808 2367 2922 2412 seu
2960 2366 3086 2412 non
3126 2367 3267 2412 esse
3295 2348 3432 2412 fore
3461 2358 3597 2431 pot-

2097 2451 2196 2508 est
2228 2461 2242 2506 :
2276 2451 2375 2506 est
2414 2463 2566 2526 ergo
2604 2445 2914 2508 dicendus
2953 2446 3219 2510 omnino
3250 2447 3593 2529 perfectus.

2164 2543 2245 2604 At
2272 2560 2423 2606 vero
2453 2543 2621 2624 quod
2656 2545 2786 2606 enti
2818 2563 2935 2625 per
2964 2563 3031 2606 se
3063 2545 3364 2609 convenit
3392 2553 3455 2608 et
3484 2564 3599 2628 per

2098 2640 2464 2714 essentiam,
2500 2641 2887 2704 minoratum
2919 2641 2986 2702 in
3014 2659 3091 2704 eo
3122 2661 3261 2705 esse
3292 2660 3419 2704 non
3462 2651 3597 2725 pot-

2097 2744 2215 2811 est,
2251 2737 2554 2818 quoniam
2594 2745 2819 2800 natura
2862 2738 2977 2813 rei,
3011 2738 3179 2801 sicut
3220 2746 3285 2801 et
3326 2739 3594 2821 specieS,

2098 2834 2391 2896 consistit
2438 2835 2503 2896 in
2551 2834 2951 2898 indivisibili.
3004 2837 3135 2899 Deo
3190 2843 3405 2900 autem
3454 2855 3602 2900 con-

2097 2935 2275 2997 venit
2322 2953 2462 2998 esse
2508 2935 2773 2998 omnino
2820 2953 2900 2998 ex
2948 2954 3015 2998 se
3054 2942 3118 2999 et
3159 2954 3273 3019 per
3316 2955 3385 3000 se
3420 2954 3433 2998 :
3468 2937 3599 3000 imo

453 3034 808 3116 templans
831 3051 850 3112 ;
899 3034 1110 3117 palam
1173 3033 1250 3096 fit
1308 3034 1478 3117 quod
1541 3033 1774 3097 divinae
1833 3034 1982 3096 sim·
2021 3034 2066 3098 G
2097 3051 2239 3096 esse
2280 3032 2391 3095 Dei
2432 3039 2529 3096 est
2565 3041 2790 3096 natura
2826 3034 2987 3116 ejus,
3020 3034 3159 3098 Non
3198 3051 3350 3116 ergo
3392 3041 3599 3118 potest

455 3132 756 3215 plicitati
805 3149 932 3194 non
986 3132 1245 3213 derogat
1293 3131 1427 3194 baec
1477 3131 1984 3194 intellectionum

457 3239 846 3295 nostrarum
907 3229 1352 3312 multiplicitas
1405 3247 1419 3292 :
1473 3230 1626 3304 ime,
1689 3238 1759 3292 ut
1815 3249 1986 3294 nunc

449 3337 629 3394 ante
673 3328 1143 3402 ostendebatur,
1179 3328 1242 3390 id
1283 3329 1496 3410 ipsum
1537 3336 1634 3391 est
1673 3329 1982 3410 indicium

453 3428 720 3492 divinae
789 3426 1432 3510 superexcellentiae3
1492 3427 1604 3490 sed
1674 3427 1986 3508 contingit

451 3525 932 3606 hujuscemodi
980 3523 1315 3588 diversitas
1372 3525 1455 3588 ob
1511 3533 1744 3590 nostras
1801 3526 1982 3589 intel·

453 3623 764 3706 ligentiae
831 3622 1287 3686 deficientiam.
1336 3624 1542 3698 Quum
1599 3626 1774 3688 enim
1843 3643 1984 3688 esse

451 3725 556 3786 sit
619 3721 1154 3796 actualissimum,
1205 3722 1269 3784 id
1319 3724 1487 3805 quod
1535 3723 1986 3786 universaliter

449 3821 839 3885 seeundum
881 3827 1081 3884 totam
1128 3820 1381 3883 essendi
1426 3829 1802 3902 potestatem
1845 3841 1984 3904 per-

449 3919 728 3982 fectum
783 3926 899 3992 est,
961 3918 1156 3982 etiam
1226 3919 1582 3981 secundum
1649 3919 1982 3983 distinctos

447 4016 896 4102 perfectionis
940 4017 1144 4099 ipsius
1189 4035 1330 4079 esse
1376 4018 1608 4099 gradus
1659 4018 1982 4100 cognosci-

448 4115 608 4179 bile
654 4122 766 4177 est.
813 4115 985 4178 Unde
1025 4115 1351 4189 elucescit,
1393 4116 1562 4198 quod
1599 4117 1658 4179 si
1698 4117 1982 4180 divinam

2096 3149 2237 3194 esse
2268 3131 2655 3194 minoratum
2687 3131 2822 3195 fore
2854 3132 2920 3193 in
2949 3133 3099 3206 Deo,
3133 3133 3298 3197 sicut
3335 3151 3453 3196 nec
3493 3153 3599 3196 na-

2096 3236 2239 3292 tura
2270 3229 2549 3292 humana
2580 3230 2645 3292 in
2676 3229 2949 3293 Socrate.
2986 3230 3107 3293 Sed
3144 3249 3283 3294 esse
3312 3232 3391 3294 ad
3426 3250 3597 3295 men·

2096 3345 2311 3388 suram
2368 3325 2723 3391 nobilitatis
2782 3327 3145 3402 limitatum,
3209 3329 3594 3392 minoratum

2096 3432 2193 3487 est
2231 3425 2311 3487 ab
2350 3426 2602 3488 essendi
2636 3424 3039 3508 plenitudine
3074 3445 3087 3489 :
3122 3427 3412 3490 divinum
3446 3445 3595 3509 ergo

2096 3541 2236 3587 esse
2266 3523 2531 3586 omnino
2562 3523 2921 3606 perfectum
2951 3532 3066 3586 est.
3092 3525 3401 3607 Denique,
3426 3525 3598 3607 quod

2097 3621 2602 3684 substantialiter
2646 3621 2887 3684 bonum
2931 3630 3047 3696 est,
3082 3622 3357 3686 totaliter
3399 3631 3461 3686 et
3503 3623 3596 3685 in-

2097 3720 2533 3801 dependenter
2578 3727 2676 3782 est
2722 3721 2847 3782 tale
2895 3737 2909 3782 :
2954 3721 3257 3803 quoniam
3314 3721 3459 3784 talis
3506 3723 3595 3784 rei

2097 3825 2323 3880 natura
2360 3826 2458 3881 est
2496 3818 2782 3898 b'onitas3
2814 3825 3041 3882 natura
3077 3824 3292 3881 autem
3333 3838 3474 3900 quae
3504 3820 3593 3881 rei

2097 3917 2601 3980 substantialiter
2639 3925 2703 3980 et
2730 3936 2845 3999 per
2884 3935 2953 3979 se
2992 3917 3315 3990 convenit,
3350 3917 3415 3979 in
3459 3918 3595 4000 ipsa

2097 4017 2411 4079 minorata
2466 4034 2605 4078 esse
2662 4034 2789 4078 non
2848 4023 3080 4098 potest,
3143 4024 3212 4077 ut
3267 4023 3591 4079 ostensum

2093 4115 2221 4195 jam
2267 4121 2381 4177 est.
2428 4112 2575 4176 Tale
2622 4132 2777 4177 vero
2824 4114 3067 4176 bonum
3118 4112 3599 4196 quomodolibet

450 4213 828 4280 essentiam
875 4231 991 4295 per
1032 4232 1100 4276 se
1144 4213 1349 4294 ipsam
1395 4221 1461 4277 et
1502 4232 1628 4277 non
1673 4233 1789 4296 per
1834 4216 1982 4280 aeni-
2013 4211 2064 4273 D
2096 4221 2160 4276 et
2206 4213 2658 4294 quoquomodo
2724 4213 2965 4275 bonum
3023 4219 3121 4274 est
3175 4230 3189 4274 ι
3244 4213 3597 4275 secundum

451 4319 699 4396 gmata
742 4311 1284 4394 conspiceremuS,
1318 4329 1446 4374 uno
1483 4313 1742 4376 nomine
1779 4313 1984 4376 nomi-

455 4427 788 4474 naremus
834 4409 1038 4472 Deum
1091 4427 1105 4471 ε
1157 4409 1326 4492 quod
1385 4409 1606 4474 electis
1661 4411 1983 4474 mentibus

459 4511 544 4572 in
609 4506 822 4590 patria
877 4514 1232 4589 praestatur,
1285 4507 1454 4570 sicut
1509 4509 1814 4591 scriptum
1864 4517 1978 4584 est,

2095 4310 2341 4373 nullam
2391 4327 2541 4390 ergo
2590 4311 3135 4394 comparationem
3187 4329 3298 4374 seu
3348 4310 3597 4373 habitu-

2095 4410 2313 4472 dinem
2344 4416 2441 4472 est
2470 4409 2681 4491 ipsum
2715 4427 2841 4472 non
2874 4409 3136 4472 bonum.
3158 4445 3233 4456 -
3258 4409 3379 4474 Sed
3408 4428 3599 4474 omne

2096 4507 2453 4590 perfectum
2488 4507 2553 4570 in
2583 4526 2815 4589 genere
2856 4516 2920 4571 et
2958 4509 3309 4571 secundum
3353 4517 3597 4590 partem

105 4628 414 4675 zach-nv.
455 4609 546 4671 111
589 4607 700 4669 die
730 4605 840 4668 illa
878 4605 1000 4668 erit
1035 4605 1202 4669 Deus
1241 4625 1429 4680 unuS,
1462 4614 1527 4669 et
1563 4623 1798 4670 nomen
1841 4609 1982 4690 ejus
2094 4605 2560 4680 defectuosum,
2606 4613 2704 4669 est
2739 4614 2802 4670 et
2842 4607 2921 4670 ad
2969 4608 3205 4669 bonum
3250 4605 3597 4688 perfectius

91 4695 136 4733 9.

455 4722 708 4769 unum.

891 4849 1382 4915 ARTICHLUS
1428 4851 1576 4915 XV.

582 4975 770 5042 Quod
816 4973 1123 5032 divinum
1173 4991 1302 5032 esse
1348 4975 1434 5032 sit
1482 4975 1873 5049 simpliciter

1032 5063 1425 5138 perfectum.

603 5193 958 5259 NIMVERO
989 5193 1368 5276 simpliciter
1397 5193 1756 5277 perfectum
1789 5195 1852 5258 id
1881 5205 1978 5260 est

635 5293 740 5356 cui
796 5291 1012 5356 omnis
1067 5291 1366 5356 nobilitas
1423 5293 1742 5358 convenit.
1791 5294 1974 5358 Nunc

2094 4703 2527 4786 comparabile
2578 4721 2591 4765 :
2640 4705 2733 4766 sic
2782 4722 2934 4767 vero
2985 4711 3445 4787 comparatum,
3492 4705 3599 4767 de-

2093 4800 2234 4864 ficit
2261 4821 2298 4864 a
2328 4802 2573 4864 ratione
2614 4808 2793 4864 actus
2833 4810 2897 4864 et
2936 4801 3256 4865 bonitatis.
3293 4801 3594 4865 Divinum

2090 4919 2242 4981 ergo
2288 4918 2427 4962 esse
2473 4899 2814 4964 omnifarie
2861 4907 2926 4962 et
2972 4908 3149 4962 extra
3196 4918 3399 4981 genus
3457 4919 3595 4983 per-

2089 4997 2331 5062 fectum
2363 5005 2477 5061 est.
2514 4999 2589 5060 Et
2619 5004 2716 5061 est
2747 4998 2906 5060 ratio
2936 4998 3069 5062 haec
3101 4998 3319 5061 Boetii.

2172 5098 2500 5171 Praeterea,
2553 5097 2619 5158 in
2671 5096 2847 5160 omni
2888 5097 3135 5170 ordine,
3170 5097 3455 5180 primum
3497 5106 3596 5162 est

2088 5195 2470 5279 simpliciter
2508 5203 2571 5258 et
2609 5214 2723 5277 per
2760 5215 2830 5259 se
2868 5195 3015 5268 tale,
3058 5196 3413 5258 secundum
3455 5197 3591 5261 Ari-

2088 5295 2400 5358 stotelem.
2446 5293 2634 5358 Nulla
2682 5293 2876 5375 igitur
2922 5291 3233 5377 perfectio
3295 5293 3355 5357 ei
3414 5295 3592 5358 deest
