4300 6259
609 2758 788 2805 Humi.

593 2837 693 2877 xxv,
719 2827 786 2869 41.

713 3071 788 3112 xii,

805 497 926 562 174

1661 509 2086 558 ntssnnmulo
2127 505 2525 556 motomca.
2571 523 2653 536 -
2692 505 2771 553 ΒΕ
2813 505 3072 554 anetus

807 681 1218 767 superbiam3
1270 679 1673 746 communior
1723 688 1937 742 tamen
1989 685 2054 742 et
2100 677 2310 741 verior
2338 676 2386 740 A
2418 677 2509 758 (et
2538 677 2657 740 boc
2690 677 2749 740 S.
2783 675 3123 757 Gregorius
3166 675 3331 758 Papa
3375 693 3676 758 expresse
3718 673 3940 736 deter-

809 789 1142 864 reputatur
1178 781 1464 844 doctrina
1507 778 1882 850 dicentium,
1925 776 2096 859 quod
2141 794 2309 837 unus

809 886 874 942 et
902 879 1151 961 primus
1184 877 1464 950 illorum,
1489 875 1995 939 consideratione
2028 872 2311 956 pulchri-

810 976 1054 1040 tudinis
1083 995 1158 1039 ac
1187 975 1554 1039 eminentiae
1584 993 1714 1037 suae
1747 979 2097 1055 permotus,
2135 971 2311 1033 indu-

810 1081 950 1136 ctus
1000 1081 1065 1136 et
1110 1072 1480 1146 delectam,
1523 1071 1734 1154 primo
1781 1068 2309 1132 nefandissimam

809 1191 882 1234 ac
950 1190 1210 1254 prorsus
1280 1168 1935 1233 intolerabilissimam
2014 1166 2310 1247 concepit

808 1268 1253 1344 ambitionem,
1296 1267 1564 1350 cupiens
1600 1267 1782 1348 juxta
1830 1265 2158 1347 propriam
2208 1279 2311 1325 vo-

811 1369 1119 1431 luntatem
1169 1367 1396 1432 ceteris
1455 1365 1774 1428 universis
1821 1363 2063 1443 angelis
2111 1362 2313 1424 domi-

812 1467 970 1541 nari,
1001 1465 1366 1549 praesidere,
1401 1464 1771 1548 praecipere,
1813 1462 1982 1524 sicut
2025 1461 2090 1523 in
2132 1468 2311 1523 natu-

810 1564 1074 1638 ralibuS,
1109 1572 1175 1626 et
1204 1562 1414 1626 forsan
1449 1561 1515 1624 in
1543 1559 1861 1642 gratuitiS,
1894 1558 2056 1621 vidit
2086 1577 2154 1621 se
2184 1557 2312 1619 illis

809 1662 1350 1726 excellentiorem.
1397 1661 1538 1722 Mox
1586 1659 1847 1721 demum
1897 1675 2076 1719 suam
2126 1674 2315 1739 appe-

810 1761 1076 1824 tentiam
1107 1759 1252 1822 aliis
1281 1757 1654 1831 insinuavit,
1687 1764 1750 1818 et
1779 1763 1850 1818 ut
1879 1753 2002 1818 sibi
2049 1771 2313 1817 consen·-

2421 776 2670 854 minat)‚
2704 782 2769 837 et
2798 775 2863 837 in
2895 775 3058 838 coelo
3088 791 3395 856 empyreo
3424 773 3622 836 fuerit
3650 771 3865 834 factus
3913 788 3931 832 :

2420 891 2786 956 quanquam
2817 873 3246 935 Damascenus
3278 871 3445 934 libro
3476 870 3761 934 secundo
3790 887 3945 931 seu·

2420 970 2579 1032 sisse
2610 971 2883 1044 videtur,
2918 970 3087 1052 quod
3121 971 3187 1032 in
3220 969 3385 1033 coelo
3424 972 3601 1032 aerio
3644 969 3729 1030 sit
3758 986 3945 1030 crea-

2419 1075 2544 1142 tus,
2594 1075 2659 1130 et
2713 1068 2997 1130 terrestri
3047 1067 3378 1149 praefuerit
3422 1065 3588 1140 orbi,
3646 1073 3803 1148 puta
3850 1065 3943 1126 de

2419 1166 2791 1247 angelorum
2835 1165 3064 1228 infimo
3108 1165 3303 1229 choro
3346 1165 3683 1228 exsistens.
3716 1164 3947 1244 Augu·

2420 1265 2626 1326 stinus
2664 1272 2878 1327 autem
2924 1283 3119 1346 super
3155 1262 3453 1328 Genesim
3504 1264 3624 1326 ista
3668 1261 3949 1343 reliquit

2422 1363 2541 1426 sub
2574 1363 2789 1425 dubio.
2824 1363 2946 1426 Sed
2978 1362 3499 1426 determinationi
3544 1361 3604 1424 S.
3642 1360 3946 1442 Gregorii

2422 1481 2677 1544 aequum
2726 1469 2825 1524 est
2872 1462 3251 1524 consentire.
3294 1461 3431 1524 Non
3482 1461 3659 1525 enim
3707 1461 3945 1524 verisi-

2424 1559 2576 1622 mile
2607 1568 2724 1634 est,
2757 1560 2927 1642 quod
2960 1560 3385 1642 impiissimus
3426 1559 3537 1622 ille
3577 1559 3645 1622 in
3685 1565 3943 1622 tantam

2426 1658 2824 1741 prorupisset
2852 1657 3245 1741 superbiam,
3280 1658 3406 1720 nisi
3437 1676 3507 1720 se
3549 1657 3785 1721 ceteris
3826 1677 3947 1720 an-

2426 1756 2585 1837 gelis
2616 1756 2884 1819 vidisset
2912 1756 3406 1838 praeclariorem.
3441 1756 3560 1830 Qui
3603 1756 3665 1819 ei
3708 1775 3947 1839 quam-

811 1859 1008 1920 tirent
1064 1875 1262 1940 seque
1321 1855 1447 1918 sibi
1506 1854 1924 1936 subjicerent,
1973 1852 2307 1935 persuasit.
2350 1850 2398 1914 B
2426 1854 2523 1917 vis
2554 1853 2920 1917 sublimiori
2951 1855 3357 1930 adhaerendo,
3390 1855 3742 1918 enormiter
3786 1872 3949 1936 pec-

811 1957 1093 2032 Quorum
1136 1954 1337 2037 aliqui
1397 1953 1456 2016 ei
1517 1970 1664 2016 mox
1720 1953 2144 2024 adhaeserunt,
2192 1950 2313 2012 sub

813 2055 954 2137 ipso
981 2062 1046 2117 et
1075 2053 1216 2135 ejus
1256 2052 1530 2134 imperio
1561 2069 1629 2114 se
1660 2057 1958 2132 putantes
2006 2049 2313 2130 majorem

814 2153 1144 2215 habituros
1175 2151 1561 2223 libertatem,
1596 2167 1789 2231 quam
1821 2147 1941 2210 sub
1973 2147 2082 2209 Dei
2114 2146 2316 2208 domi-

815 2251 923 2314 nio
958 2268 973 2313 2
1007 2250 1159 2313 hinc
1189 2247 1384 2311 simul
1417 2265 1564 2310 cum
1607 2263 1730 2309 suo
1765 2245 2056 2328 principe
2101 2261 2317 2308 corru-

2429 1960 2757 2026 caverunt‚
2817 1953 2971 2034 quia
3038 1953 3103 2015 in
3172 1953 3295 2017 hoc
3364 1961 3613 2016 rectum
3662 1951 3947 2033 justitiae

2425 2051 2717 2113 ordinem
2770 2069 2843 2113 ac
2900 2050 3181 2113 debitam
3226 2051 3607 2114 obedientiae
3654 2051 3945 2133 relique·

2428 2157 2579 2211 runt
2626 2148 2899 2212 formam
2944 2167 3018 2212 ac
3066 2148 3298 2212 seriem
3352 2167 3367 2213 τ
3412 2149 3593 2212 velut
3637 2149 3693 2212 si
3741 2150 3949 2214 miloe

2426 2246 2683 2310 obediat
2766 2247 3014 2312 militiae
3098 2248 3381 2331 principi
3464 2257 3687 2312 contra
3760 2249 3945 2331 regis

813 2355 1107 2423 erunt,ac
1135 2347 1278 2428 ejus
1307 2345 1672 2410 saevissimae
1702 2343 2121 2406 dominationi
2147 2343 2319 2424 justo
2426 2347 2730 2412 edictum.

815 2447 930 2511 Dei
990 2445 1236 2528 judicio
1298 2462 1503 2526 usque
1569 2443 1636 2506 in
1695 2461 1972 2525 praesens
2039 2441 2315 2522 subjecti

814 2552 979 2608 sunt.
1011 2545 1187 2608 Unde
1217 2551 1280 2606 et
1307 2542 1518 2622 angeli
1548 2541 1690 2622 ejus
1735 2547 2066 2615 vocantur,
2100 2558 2318 2622 quem-

815 2644 1160 2708 admodum
1191 2650 1255 2705 et
1284 2641 1571 2706 Christus
1615 2640 1680 2702 in
1723 2638 2066 2720 Evangelio
2105 2655 2318 2721 repro·

817 2741 917 2806 bis
946 2761 1014 2805 se
1044 2740 1476 2805 comminatur
1503 2738 1828 2802 dicturum
1863 2754 1878 2799 ε
1910 2737 2022 2811 lte,
2056 2735 2317 2799 maledi-

2738 2554 3258 2622 PROPOSITIO
3306 2556 3614 2621 LXXVI.

2518 2739 2781 2806 Etiam
2848 2741 2936 2806 111
3005 2739 3494 2808 daemonibus
3569 2742 3939 2824 quaedam

817 2841 926 2916 cti,
980 2841 1046 2903 in
1097 2841 1310 2920 ignem
1365 2843 1701 2909 aeternum,
1753 2835 1862 2917 qui
1913 2842 2172 2916 paratus
2222 2840 2320 2896 est
2425 2839 2696 2905 manet.
2737 2838 3103 2920 praelauo
3144 2840 3229 2904 et
3268 2839 3565 2921 aliquis
3607 2842 3825 2908 ordo,

818 2939 1072 3004 diabolo
1137 2945 1202 3001 et
1265 2936 1508 3018 angelis
1575 2934 1736 3015 ejus.
1799 2935 1869 2996 ln
1935 2932 2315 3016 Apocalypsi

2507 2935 2683 3009 Quod
2722 2941 2839 3010 est,
2873 2935 3177 3018 quoniam
3214 2937 3372 3000 ordo
3410 2943 3603 3020 atque
3648 2939 3941 3022 praelatio

817 3039 1010 3102 etiam
1059 3036 1290 3118 legitur
1334 3053 1348 3096 τ
1391 3035 1592 3097 Draco
1634 3031 1959 3115 pugnabat
2001 3039 2065 3095 et
2105 3030 2315 3113 angeli
2347 3032 2391 3097 C
2429 3034 2595 3096 inter
2644 3033 2904 3114 angelos
2946 3033 3183 3116 partim
3228 3042 3291 3097 et
3336 3035 3520 3118 quasi
3570 3036 3941 3102 inchoativo

815 3137 976 3218 ejus.
1009 3135 1099 3197 Ex
1129 3134 1229 3197 his
1257 3131 1565 3196 elucescit
1593 3129 1944 3194 ineffabilis
1973 3129 2316 3193 enormitas

817 3235 1060 3318 peccati
1096 3232 1286 3316 primi
1320 3232 1494 3294 illius
1535 3236 1858 3312 apostatae,
1890 3229 2002 3311 qui
2048 3245 2176 3290 non
2224 3246 2318 3290 so-

817 3333 952 3395 lum
983 3331 1302 3394 universis
1330 3325 2026 3410 angelicis-spiritibuS,
2060 3327 2170 3389 sed
2201 3325 2316 3388 toti

813 3430 1005 3493 etiam
1039 3427 1354 3510 corporali
1394 3433 1697 3488 creaturae
1736 3423 1980 3506 totique
2017 3422 2319 3505 cupiebat

817 3529 1058 3592 mundo
1111 3544 1404 3609 praeesse,
1467 3532 1531 3587 et
1588 3531 1793 3587 totum
1851 3522 2225 3584 universum
2282 3541 2319 3584 a

814 3625 1388 3709 superdignissimo
1418 3623 1709 3687 Creatore
1737 3626 2041 3683 avertere.
2078 3620 2317 3682 Deinde

815 3725 1047 3789 invidit
1079 3722 1286 3805 primo
1319 3721 1589 3794 homini,
1622 3726 1686 3782 et
1713 3719 1826 3780 toti
1868 3718 2009 3799 ejus
2056 3717 2318 3800 posteri-

818 3823 952 3897 tati,
1033 3839 1192 3904 quos
1271 3819 1567 3902 praevidit
1634 3817 1898 3899 gloriam
1973 3816 2315 3897 adepturos

817 3938 1008 4003 quam
1051 3920 1188 4001 ipse
1230 3918 1464 3980 amisit.
1501 3918 1820 3980 Postremo
1865 3915 1924 3977 S.
1959 3913 2316 3976 Bernardus

817 4019 882 4081 in
940 4016 1346 4081 sermonibus
1404 4015 1535 4077 suis
1591 4022 1849 4093 tangere
1908 4011 1972 4074 id
2038 4011 2314 4086 videtur,

816 4117 986 4200 quod
1027 4114 1284 4178 Lucifer
1325 4112 1688 4196 specialiter
1729 4109 2056 4174 invidebat
2099 4110 2317 4191 unige-

2426 3151 2501 3195 ac
2542 3131 2953 3195 materialiter
2995 3140 3094 3195 est
3134 3152 3171 3195 a
3212 3141 3459 3208 natura,
3500 3135 3733 3217 'partim
3780 3154 3943 3200 vero

2427 3237 2493 3293 et
2535 3229 2921 3312 completive
2950 3249 2987 3292 a
3014 3231 3238 3312 gratia,
3271 3250 3413 3313 quaa
3456 3240 3522 3295 et
3566 3232 3631 3294 in
3676 3233 3940 3314 majori-

2427 3328 2549 3390 bus
2605 3348 2643 3390 a
2700 3335 2929 3390 natura
2986 3329 3190 3409 major
3246 3329 3533 3393 creditur
3588 3331 3933 3396 exstitisse.

2427 3426 2727 3500 Quamvis
2756 3433 2968 3489 autem
3002 3428 3066 3489 in
3097 3427 3497 3491 daemonibus
3528 3447 3657 3492 non
3688 3449 3937 3494 manse·

2428 3525 2557 3586 rint
2594 3543 2713 3586 nec
2757 3524 2887 3586 sint
2931 3525 3314 3588 charismata
3353 3527 3724 3608 gratiarum,
3754 3535 3939 3591 natu·

2428 3622 2584 3684 ralia
2613 3629 2826 3684 tamen
2859 3622 2925 3684 in
2957 3623 3050 3685 eis
3082 3632 3494 3702 manserunt3
3526 3632 3591 3687 et
3618 3634 3931 3707 quantum

2427 3719 2503 3782 ad
2552 3719 2694 3793 hoc,
2727 3719 2883 3782 ordo
2926 3720 3253 3801 dignitatis
3293 3720 3616 3803 specificae
3646 3732 3937 3786 remanet

2429 3817 2494 3880 in
2537 3817 2803 3893 eisdem,
2835 3837 2910 3880 ac
2946 3819 3237 3900 quaedam
3279 3836 3581 3902 perversa
3624 3821 3933 3903 praelatio,

2428 3923 2738 4000 quantum
2786 3918 2865 3980 ad
2914 3918 3191 3980 abusum
3252 3918 3705 4002 multiplicem.
3757 3920 3938 3984 Unde

2428 4016 2540 4098 qui
2568 4034 2646 4079 ex
2675 4023 2903 4078 natura
2932 4023 2995 4077 et
3024 4015 3239 4098 specie
3269 4015 3527 4080 altiores
3558 4018 3933 4093 consistunt,

2429 4133 2622 4197 super
2688 4113 3024 4177 inferiores
3094 4115 3439 4197 quamdam
3496 4116 3935 4198 praelationem

817 4216 953 4278 nito
984 4213 1145 4277 Filio
1175 4212 1309 4285 Dei,
1343 4210 1648 4293 quoniam
1679 4209 1839 4272 Filio
1867 4207 2319 4290 appropriatur
2348 4211 2398 4275 D
2430 4213 2629 4277 sortiti
2662 4221 3015 4276 censentur.
3032 4212 3315 4298 Denique
3346 4215 3782 4296 propositione
3805 4217 3935 4297 jam

815 4311 1146 4395 aequalitas
1175 4309 1394 4383 Patris,
1425 4309 1505 4371 ad
1543 4327 1735 4390 quam
1781 4306 1888 4369 ille
1911 4305 2320 4388 insipientis-

818 4411 982 4475 sime
1030 4406 1409 4486 anhelabat3
1453 4412 1518 4468 et
1566 4425 1808 4480 rursuS,
1853 4405 2022 4486 quod
2070 4403 2318 4466 bomini

820 4507 1170 4581 invidebat,
1203 4505 1354 4589 quia
1381 4505 1514 4585 jam
1544 4502 1933 4586 praevidebat
1976 4503 2321 4565 humanam

819 4617 1112 4672 naturam
1160 4604 1608 4670 assumendam
1657 4621 1694 4664 a
1742 4602 1891 4675 Dee,
1929 4621 1968 4664 a
2015 4619 2142 4682 quo
2182 4602 2319 4684 ipse

823 4707 1035 4791 potius
1067 4703 1369 4786 cupiebat
1395 4699 1658 4764 assumi.
1695 4699 1875 4762 Circa
1903 4698 2073 4780 quod
2119 4699 2321 4761 multa

821 4812 1083 4888 possent
1128 4800 1368 4885 inquiri
1404 4818 1419 4863 τ
1454 4799 1533 4862 de
1572 4797 1810 4880 quibus
1847 4797 2012 4860 libro
2054 4797 2132 4858 de
2178 4797 2320 4859 Uni-

819 4920 1007 4966 verso
1039 4919 1333 4983 magnam
1364 4897 1612 4962 inducit
1653 4896 2112 4977 digressionem
2143 4895 2317 4959 Guil-

825 5002 1074 5066 lelmus.

900 5102 1244 5173 Postremo,
1278 5118 1356 5162 ex
1385 5098 1488 5160 his
1531 5095 1930 5180 probabilius
1967 5113 2106 5159 esse
2145 5095 2318 5158 vide-

821 5209 946 5274 tur,
959 5200 1130 5283 quod
1159 5197 1415 5261 Lucifer
1445 5199 1523 5260 de
1552 5212 1848 5278 supremo
1877 5194 2073 5258 fuerit
2099 5194 2319 5258 ordine

821 5298 1217 5382 angelorum,
1263 5297 1394 5358 imo
1428 5303 1492 5357 et
1529 5295 1778 5377 primus
1826 5295 1890 5356 in
1938 5293 2162 5357 ordine
2210 5292 2321 5358 illo

2431 4309 2637 4391 patuit
2700 4309 3110 4391 praecedenti,
3170 4310 3340 4392 quod
3407 4311 3619 4392 angeli
3678 4313 3935 4396 reprobi

2428 4408 2806 4470 adhaerendo
2858 4407 2980 4489 ipsi
3030 4406 3349 4482 Lucifero,
3400 4427 3531 4472 suae
3580 4409 3935 4492 iniquitatis

2429 4505 2740 4569 demerito
2782 4504 3055 4585 subjecti
3096 4514 3244 4568 sunt
3283 4507 3629 4571 durissimo
3676 4527 3749 4571 ac
3794 4527 3935 4573 cru-

2430 4604 2555 4667 deli
2606 4604 2746 4685 ejus
2798 4604 3084 4667 dominio
3131 4621 3146 4667 :
3198 4605 3419 4687 sicque
3469 4613 3533 4668 et
3583 4607 3721 4690 ipse
3767 4608 3936 4672 inter

2428 4703 2685 4784 angelos
2744 4721 2892 4766 suos
2960 4703 3265 4785 quasdam
3328 4704 3661 4768 constituit
3716 4707 3935 4789 praela-

2429 4802 2657 4876 tioneS,
2701 4801 2765 4864 in
2807 4801 3043 4884 quibus
3093 4819 3221 4865 non
3266 4809 3365 4864 est
3406 4821 3597 4867 verus
3640 4805 3796 4868 ordo
3826 4805 3933 4888 ju·

2430 4900 2640 4974 stitiae,
2714 4900 2824 4962 sed
2894 4899 3051 4962 falsa
3119 4900 3410 4981 quaedam
3482 4900 3835 4967 similitudo
3912 4922 3927 4969 ε

2430 4997 2969 5080 quemadmodum
3023 4997 3192 5060 inter
3245 4998 3521 5062 latrones
3574 5019 3929 5084 eorumque

2432 5096 2809 5180 principem.
2854 5097 3091 5178 ltaque,
3138 5096 3306 5158 sicut
3345 5097 3571 5179 primae
3598 5101 3677 5162 ad
3709 5099 3927 5164 Corin-

2430 5195 2597 5258 thios
2618 5194 3091 5276 quintodecimo
3118 5195 3346 5258 asserit
3364 5193 3929 5280 Glossa‚quamdiu
3986 5237 4034 5271 v.
4056 5228 4131 5272 24.

2431 5295 2616 5357 durat
2661 5292 2765 5356 hic
2814 5293 3111 5368 munduS,
3152 5293 3362 5375 angeli
3402 5295 3669 5378 angelis,
3719 5297 3929 5364 homi-
