4300 6259
763 470 842 537 70
1309 491 1733 539 κιΕΜεΝτΑτιο
1775 489 2235 538 ΡΗῐιοεοΡΗιοΑ.
2283 506 2362 519 -—
2404 489 2482 535 nn
2524 488 2892 537 conromnus
2933 489 3321 536 coennsrmus

767 662 1089 745 epicyclos
1154 665 1328 747 poni,
1391 665 1499 729 sed
1563 665 1817 727 interim
1881 664 1972 727 sic
2033 663 2260 739 teneri,
2293 662 2344 724 A
2376 662 2668 745 planetae,
2702 662 2753 725 si
2800 662 2866 725 in
2906 662 3170 725 orbibus
3210 662 3343 725 suis
3383 660 3501 724 fixi
3540 678 3667 724 non
3697 666 3867 733 sunt,

769 762 1071 842 quoniam
1108 764 1390 827 nondum
1427 764 1724 826 inventus
1754 771 1850 826 est
1879 764 2104 826 modus
2136 780 2265 844 quo

771 861 1258 926 convenientius
1305 864 1550 946 possint
1587 863 1816 925 salvari
1861 882 1935 926 ea
1977 882 2118 945 quae
2158 880 2267 943 ap-

772 968 998 1042 parent
1046 961 1110 1023 in
1162 961 1442 1025 motibus
1492 962 1888 1043 planetarum
1937 979 1950 1023 :
1994 962 2165 1044 quod
2205 970 2269 1024 et

771 1058 831 1121 S.
867 1059 1136 1122 Thomas
1178 1060 1429 1123 fatetur.
1475 1060 1635 1123 Sunt
1674 1060 1935 1122 demum
1979 1060 2090 1143 qui
2133 1079 2269 1122 sen-

771 1156 942 1219 tiunt
989 1158 1205 1220 omnia
1256 1158 1360 1220 illa
1411 1176 1596 1241 posse
1643 1158 1873 1220 salvari
1912 1176 2027 1241 per
2065 1159 2266 1221 solam

771 1255 1075 1318 virtutem
1128 1258 1389 1319 motoris
1448 1257 1916 1339 cujuscumque
1973 1257 2261 1339 planctae.

769 1353 994 1417 Nonne
1053 1354 1221 1417 idem
1273 1363 1480 1418 motor
1530 1362 1735 1437 potest
1781 1355 2072 1418 eamdem
2131 1375 2267 1418 rem

773 1451 1054 1515 motibus
1104 1453 1286 1516 valde
1335 1454 1530 1516 variis
1567 1471 1641 1515 ac
1691 1453 1961 1516 diversis
2014 1471 2268 1516 movere

773 1548 839 1611 in
871 1550 1094 1613 eodem
1137 1552 1342 1633 spatio
1383 1570 1494 1614 seu
1542 1550 1774 1625 medio,
1807 1558 1867 1613 et
1913 1571 2083 1613 nunc
2127 1569 2267 1613 eam

772 1648 1044 1723 elevare,
1099 1651 1286 1713 modo
1345 1650 1727 1731 deprimere,
1779 1668 2149 1731 regenerare
2209 1658 2271 1711 et

773 1746 1020 1820 sistere,
1046 1755 1235 1829 prout
1264 1748 1515 1810 noverit
1542 1747 1878 1829 expedire?
1901 1767 2265 1829 quanquam

2376 762 2506 825 imo
2564 761 2841 843 propriis
2893 760 3171 824 motibus
3232 762 3543 833 feruntur,
3597 759 3871 822 circulos

2376 877 2524 921 suos
2583 878 2709 922 non
2769 859 3085 933 dividunt,
3147 859 3408 941 quidam
3469 859 3547 921 de
3604 858 3870 940 sphaeris

2377 976 2773 1039 numeroque
2821 959 3214 1041 sphaerarum
3258 958 3545 1041 ipsorum
3591 957 3872 1039 planeta-

2378 1076 2521 1119 rum
2561 1056 2989 1119 diversimode
3032 1056 3274 1139 opinati
3321 1056 3638 1137 leguntur.
3678 1055 3869 1118 Nem-

2379 1173 2477 1237 pe,
2520 1161 2591 1216 ut
2637 1155 2826 1217 etiam
2872 1155 3096 1217 Scotus
3147 1155 3210 1216 in
3256 1154 3505 1236 Scripto
3544 1172 3739 1235 super
3779 1172 3873 1215 se·

2379 1253 2660 1316 cundum
2695 1254 3161 1315 Sententiarum
3193 1259 3480 1325 testatur,
3506 1251 3872 1315 differentia

2380 1351 2613 1433 triplex
2664 1352 3163 1439 deprehenditur
3213 1352 3275 1413 in
3328 1350 3609 1413 motibus
3656 1350 3869 1432 plane-

2379 1458 2588 1511 tarum
2626 1468 2638 1511 :
2676 1470 2801 1512 una
2848 1450 2913 1511 in
2958 1450 3313 1523 latitudine,
3349 1449 3501 1532 quia
3543 1466 3670 1511 non
3713 1467 3872 1510 sem-

2380 1566 2494 1629 per
2546 1548 2713 1610 idem
2773 1548 3026 1630 planeta
3082 1547 3160 1612 ab
3216 1546 3658 1610 immobilibus
3708 1546 3871 1628 polis

2378 1664 2559 1727 aeque
2590 1646 2818 1725 distat3
2850 1647 3127 1707 secunda
3166 1646 3228 1708 in
3274 1645 3689 1727 longitudine,
3724 1644 3873 1727 quia

2380 1744 2613 1806 diversi
2678 1744 2945 1825 planetae
2993 1744 3321 1806 zodiacum
3371 1762 3496 1807 non
3546 1743 3875 1825 aequaliter

774 1844 944 1907 circa
983 1854 1047 1907 et
1083 1853 1301 1909 contra
1340 1845 1460 1908 hoc
1502 1846 1702 1907 multa
1743 1845 1980 1927 inquiri
2023 1846 2270 1927 possint
2306 1846 2352 1909 B
2384 1851 2797 1925 percurrunt3
2832 1843 3016 1905 tertia
3049 1843 3111 1904 in
3144 1843 3497 1906 elevatione
3526 1850 3591 1904 et
3620 1842 3873 1923 depres-

774 1948 839 2006 et
879 1941 1096 2023 oinci.

1144 2152 1665 2218 PROPOSITIO
1714 2152 1886 2217 Lv1.

854 2337 967 2401 De
1016 2351 1344 2403 numero
1392 2351 1699 2418 quoque
1746 2336 2055 2404 orbium
2105 2340 2267 2419 opi-

774 2433 1055 2501 niones
1095 2437 1282 2502 sunt
1322 2437 1598 2502 variae.

853 2532 1067 2615 Aliqui
1132 2532 1303 2595 enim
1355 2540 1606 2614 ponunt
1653 2553 1846 2616 supra
1904 2533 2272 2597 firmamen-

774 2639 936 2703 tum,
971 2631 1136 2713 quod
1170 2638 1267 2693 est
1296 2632 1528 2694 coelum
1562 2631 1906 2704 stellatum,
1940 2632 2098 2695 duos
2140 2652 2271 2696 mo·

777 2727 938 2791 biles
1009 2730 1226 2801 coelOS,
1291 2737 1360 2791 ut
1422 2730 1666 2792 Thebit.
1733 2731 1971 2794 Formae
2030 2732 2272 2814 quippe

776 2828 1224 2910 multipliciter
1262 2828 1768 2890 determinantur
1797 2836 1860 2891 et
1889 2830 2273 2891 contrahun-

777 2933 899 2988 tur.
935 2926 1166 2999 Prim0,
1202 2945 1317 3008 per
1347 2926 1643 2988 materias
1677 2927 1741 2989 in
1772 2927 2006 3009 quibus
2048 2929 2275 3011 recipi-

2382 1943 2582 2016 sione,
2647 1942 2950 2023 quoniam
3012 1942 3180 2004 idem
3242 1942 3494 2023 planeta
3552 1940 3870 2003 interdum

2379 2040 2525 2122 plus
2570 2047 2789 2102 centro
2830 2048 3011 2103 terrae
3053 2040 3458 2122 propinquat,
3498 2040 3873 2122 quandoque

2380 2139 2526 2202 inde
2575 2140 2718 2221 plus
2763 2139 2975 2211 distat,
3012 2148 3082 2201 ut
3124 2139 3349 2221 probat
3390 2138 3763 2202 Ptolemaeus
3808 2138 3871 2200 in

2377 2238 2719 2318 Almagesti
2758 2255 2771 2298 ε
2818 2246 2887 2298 ut
2932 2244 3103 2319 pate-t
3147 2238 3223 2299 de
3269 2238 3482 2310 Marte,
3526 2238 3677 2319 quia
3720 2237 3872 2298 dum

2378 2344 2474 2399 est
2516 2337 2578 2398 in
2622 2336 2934 2417 superiori
2975 2344 3153 2418 parte
3192 2336 3290 2397 sui
3320 2336 3497 2397 orbis
3537 2355 3650 2399 seu
3690 2354 3871 2416 auge,

2378 2442 2642 2517 apparet
2692 2434 3056 2497 notabiliter
3100 2435 3312 2497 minor
3354 2454 3542 2517 quam
3585 2436 3738 2497 dum
3780 2442 3871 2496 est

2382 2534 2445 2595 in
2479 2534 2791 2615 opposito,
2828 2533 2890 2594 in
2924 2540 3099 2614 parte
3133 2532 3450 2595 inferioris
3480 2534 3679 2614 augis.
3702 2533 3873 2595 Idem

2384 2632 2687 2713 probatur
2736 2632 2813 2693 de
2865 2631 3035 2701 luna,
3083 2632 3383 2713 quoniam
3434 2631 3573 2712 ipsa
3620 2650 3694 2693 ac
3744 2631 3874 2694 sole

2382 2729 2841 2791 exsistentibus
2864 2748 3041 2810 mque
3066 2748 3263 2811 prope
3296 2737 3484 2811 caput
3515 2737 3575 2792 et
3608 2730 3872 2791 caudam

2385 2829 2706 2901 DraconiS‚
2760 2827 3019 2909 eclipsis
3064 2846 3190 2891 non
3236 2847 3489 2910 semper
3531 2848 3712 2910 aeque
3767 2830 3877 2893 du-

2385 2934 2501 2999 rat,
2536 2928 2644 2988 sed
2678 2926 2863 2989 modo
2892 2926 3531 3008 diutius,·aliquando
3561 2926 3822 2990 brevius
3858 2948 3870 2992 :

778 3031 975 3085 untur
1009 3025 1133 3086 :ad
1178 3024 1347 3106 quod
1393 3042 1538 3086 cum
1586 3042 1701 3088 suo
1741 3034 1917 3087 motu
1957 3030 2276 3089 aestimant
2306 3028 2348 3091 C
2386 3026 2555 3107 quod
2627 3026 2915 3088 accidere
2982 3025 3229 3107 nequit,
3295 3026 3414 3087 nisi
3482 3027 3652 3107 quod
3726 3028 3878 3089 luna

777 3122 1100 3186 deservire
1131 3123 1365 3185 coelum
1399 3140 1638 3185 nonum
1671 3142 1782 3185 seu
1815 3125 2271 3207 crystallinum,

777 3220 1056 3283 totaliter
1116 3219 1454 3283 uniforme.
1499 3220 1755 3295 Verum,
1807 3241 2006 3303 quum
2068 3223 2276 3305 prima

780 3338 996 3381 rerum
1038 3319 1490 3401 productarum
1530 3319 1612 3381 sit
1658 3337 1798 3382 esse
1849 3320 2039 3395 illius,
2075 3321 2277 3384 deter-

780 3417 1195 3479 minationem
1229 3418 1295 3479 in
1321 3416 1730 3480 inferioribus
1763 3419 2123 3481 attribuunt
2147 3420 2276 3481 eui-

779 3515 924 3577 dam
958 3514 1179 3577 mobili
1213 3515 1439 3597 primo.
1475 3516 1991 3579 Determinantur
2020 3536 2276 3600 quoque

777 3613 1000 3677 formae
1032 3614 1095 3674 in
1129 3613 1412 3676 materiis
1443 3614 1635 3675 variis
1669 3615 1893 3688 modis,
1928 3635 2042 3697 per
2078 3635 2276 3698 quan-

776 3710 1012 3783 titateS,
1045 3710 1518 3790 magnitudines
1549 3718 1610 3771 et
1639 3709 1899 3791 figuras,
1935 3711 2279 3775 lineamen-

778 3815 841 3870 ta
870 3815 1060 3890 atque
1105 3815 1376 3870 staturas
1411 3826 1424 3869 :
1458 3808 1534 3870 ad
1576 3810 1745 3890 quod
1786 3810 2019 3872 coelum
2067 3812 2277 3873 stella-

779 3914 916 3968 tum
950 3906 1258 3985 deservit3
1283 3914 1544 3988 propter
1574 3906 1742 3988 quod
1776 3908 2277 3971 innumerabiles

779 4003 978 4067 stellae
1011 4005 1076 4066 in
1117 4022 1192 4067 eo
1231 4012 1380 4066 sunt
1423 4004 1666 4087 posit-ae.
1701 4006 1940 4069 Rursus
1980 4006 2278 4069 determi-

778 4111 1012 4165 nantur
1043 4102 1262 4165 formae
1304 4102 1369 4163 in
1411 4103 1544 4165 suis
1591 4104 1873 4165 materiis
1919 4124 2032 4187 per
2072 4106 2277 4168 varias

778 4202 1156 4283 qualitatum
1217 4201 1835 4282 contemperationes
1897 4218 1910 4262 :

779 4301 1050 4385 planetae
1099 4318 1246 4361 cum
1297 4299 1430 4360 suis
1480 4298 1745 4361 orbibus
1803 4308 2149 4382 operantur
2204 4322 2277 4364 ac

779 4397 1083 4460 influunt.
1119 4396 1420 4470 Quamvis
1461 4403 1675 4458 autem
1719 4397 2026 4461 Averroes
2073 4404 2275 4462 totum

777 4513 1157 4578 corporeum
1207 4492 1592 4576 sphaericum
1634 4493 1896 4574 cingens
1935 4495 2272 4571 elementa,

776 4594 948 4678 quod
987 4600 1085 4656 est
1126 4610 1319 4675 supra
1359 4592 1674 4673 sphaeram
1717 4592 1902 4673 igniS,
1937 4593 2097 4656 dixit
2135 4614 2275 4658 esse

777 4691 1154 4756 continuum
1188 4710 1388 4753 unum
1419 4692 1616 4773 (quod
1651 4698 1781 4753 tam
1809 4712 1845 4755 a
1875 4694 2273 4757 naturalibus

770 4810 971 4875 quam
1023 4808 1061 4852 a
1115 4790 1580 4853 mathematicis
1649 4791 1978 4854 evidenter
2035 4793 2272 4876 impro-

775 4890 1011 4971 batur),
1059 4889 1488 4952 communiter
1529 4894 1742 4951 tamen
1793 4897 2067 4965 tenetur,
2101 4893 2273 4973 quod

776 4989 898 5052 sub
929 4988 1092 5052 coelo
1130 4988 1378 5051 stellato
1422 5006 1533 5051 seu
1582 4987 1991 5052 firmamento
2032 4991 2110 5052 ad
2161 4990 2275 5052 mi-

775 5106 897 5149 nus
941 5093 1090 5149 sunt
1127 5093 1372 5169 septem
1417 5086 1562 5149 coeli
1603 5094 1666 5149 et
1712 5087 1975 5169 sphaerae
2023 5096 2269 5171 septem

779 5185 1198 5267 planetarum.

2384 3123 2765 3205 quandoque
2809 3123 2977 3204 pluS,
3024 3122 3366 3204 aliquando
3413 3123 3623 3186 minus
3675 3126 3877 3206 ingre-

2384 3222 2557 3283 ditur
2590 3220 2879 3284 umbram
2922 3229 3126 3295 terrae,
3160 3221 3253 3282 sic
3292 3222 3461 3303 quod
3505 3221 3613 3284 ubi
3651 3224 3877 3285 transit

2385 3320 2693 3382 diameter
2752 3320 2940 3392 lunae,
2992 3320 3234 3381 diutius
3293 3328 3576 3382 moratur
3625 3321 3873 3395 umbra,

2386 3436 2584 3500 quum
2647 3418 2734 3479 ibi
2796 3418 2880 3479 sit
2944 3418 3255 3479 diameter
3321 3417 3565 3481 umbrae
3632 3419 3877 3500 longior

2387 3536 2577 3598 quam
2628 3535 2825 3598 prope
2870 3535 3123 3579 conum.
3178 3515 3239 3578 Si
3300 3518 3491 3578 etiam
3542 3526 3878 3599 negaretur

2388 3615 2507 3676 ista
2551 3614 2820 3677 elevatio
2872 3623 3063 3695 atque
3108 3614 3435 3695 depressio
3474 3615 3626 3678 solis
3666 3634 3739 3678 ac
3784 3616 3875 3677 lu-

2389 3732 2505 3785 nae,
2558 3732 2675 3775 nec
2722 3731 2799 3774 ex
2851 3721 3027 3794 parte
3071 3714 3259 3776 unius
3316 3732 3525 3796 neque
3572 3733 3650 3777 ex
3700 3724 3877 3797 parte

2388 3811 2648 3872 alterius
2682 3818 2893 3892 posset
2923 3812 3231 3892 assignari
3275 3812 3527 3875 diversa
3557 3813 3876 3894 quantitas

2389 3907 2631 3971 umbrae
2669 3926 2682 3970 ε
2722 3927 2977 3991 semper
3016 3910 3253 3971 etenim
3300 3909 3527 3972 umbra
3569 3911 3632 3972 in
3676 3912 3874 3973 altum

2387 4006 2715 4088 aequaliter
2774 4006 3225 4087 porrigeretur,
3287 4014 3349 4069 et
3404 4016 3573 4069 esset
3638 4008 3875 4071 ibidem

2390 4104 2761 4187 quantitatis
2793 4104 3088 4185 aequali53
3120 4124 3373 4187 semper
3403 4123 3659 4189 quoque
3704 4108 3874 4181 luna,

1971 4203 2049 4264 ad
2106 4204 2274 4285 quod
2309 4206 2358 4267 D
2389 4203 2642 4285 quando
2664 4202 2994 4284 aequaliter
3013 4211 3178 4266 esset
3202 4222 3398 4286 prope
3422 4222 3677 4279 conum,
3697 4226 3878 4287 aeque

2389 4310 2557 4363 esset
2588 4319 2785 4383 prope
2820 4300 3131 4363 umbram.
3159 4302 3376 4383 ltaque
3408 4322 3484 4365 ex
3514 4303 3614 4365 his
3646 4313 3708 4366 et
3737 4305 3880 4367 aliis

2390 4398 3010 4461 considerationibus
3065 4399 3407 4475 Ptolemaei,
3464 4402 3884 4484 supponenda

2389 4506 2486 4561 est
2514 4497 2788 4560 elevatio
2816 4504 3007 4579 atque
3037 4499 3362 4579 depressio
3397 4499 3528 4579 jam
3563 4508 3878 4582 praetacta.

2455 4596 2643 4658 Porro
2672 4594 3036 4657 distantiam
3069 4595 3421 4658 secundum
3460 4597 3699 4678 primas
3727 4599 3882 4661 duas

2387 4692 2807 4765 differentias,
2851 4700 3070 4775 utpote
3116 4692 3531 4774 longitudinis
3575 4702 3639 4757 et
3678 4695 3883 4759 latitu-

2387 4792 2577 4865 dinis,
2640 4791 2839 4873 possit
2888 4789 3149 4853 forsitan
3200 4791 3345 4873 quis
3392 4793 3657 4867 salvare,
3709 4795 3882 4857 attri-

2386 4890 2641 4952 buendo
2674 4889 2941 4971 planetae
2976 4908 3174 4950 unum
3208 4889 3441 4953 coelum
3487 4910 3600 4973 per
3638 4893 3882 4955 exitum

2386 4989 2678 5071 polorum
2728 4988 2923 5068 hujus
2973 4987 3141 5061 coeli,
3192 4989 3733 5070 quemadmodum
3784 4991 3883 5053 ΑΙ-

2384 5086 2705 5169 petragius
2738 5086 2802 5147 in
2835 5104 2949 5148 suo
2981 5093 3249 5147 tractatu
3287 5086 3365 5148 de
3406 5086 3716 5160 Qualitate
3755 5107 3879 5152 coe-

2383 5184 2636 5248 lestium
2674 5191 2965 5246 motuum
2997 5184 3176 5246 nisus
3199 5192 3295 5246 est
3316 5185 3561 5248 salvare
3590 5187 3737 5268 :qui
3772 5204 3878 5269 po-

857 5282 978 5345 Sed
1026 5282 1177 5364 quia
1223 5280 1495 5343 difficile
1542 5288 1640 5343 est
1685 5280 1903 5345 videre
1949 5283 2267 5365 quomodo
2380 5302 2540 5346 nens
2583 5282 2760 5365 polos
2804 5282 2946 5345 coeli
2994 5282 3227 5345 stellati
3269 5284 3443 5347 exire
3491 5284 3671 5367 polos
3722 5286 3869 5348 noni
