4300 6259
82 1057 317 1104 lach-

74 4421 155 4463 De
172 4417 417 4462 Celent.

50 4486 193 4526 hier.
226 4495 287 4526 e-
318 4491 414 4520 '11-

78 5016 315 5072 Ephes.
332 5024 413 5060 ιιι,

58 5083 141 5122 m.

1334 490 1753 538 autumno
1794 489 2194 538 monumen.
2239 507 2321 520 —-
2363 491 2442 538 DE
2482 493 2742 540 Auditus

3473 476 3586 541 171

478 660 765 744 ignotos,
792 680 955 746 quos
984 668 1201 727 tamen
1232 663 1558 726 interdum
1588 662 1655 726 in
1686 661 1990 744 imagina-
2016 660 2069 726 A
2098 679 2356 746 quoque
2420 662 2630 745 angeli
2699 664 3032 728 interiores
3093 664 3460 727 illuminant
3515 664 3594 728 de

474 761 607 824 riis
647 761 1007 825 visionibus
1044 769 1155 824 aut
1192 761 1607 826 sensibilibus
1650 759 1990 844 apparitio·

472 859 685 922 nibus
743 878 857 943 per
905 860 1237 924 sensibilia
1293 861 1583 944 quaedam
1642 859 1989 922 ostendunt

472 957 886 1033 hominibus,
926 959 1469 1042 quemadmodum
1505 958 1730 1022 recitat
1762 957 1989 1021 Zacha-

366 1075 431 1114 u.
472 1057 621 1119 rias
662 1059 969 1141 propheta
1002 1057 1330 1139 :Angelus
1360 1058 1473 1141 qui
1502 1055 1882 1140 loquebatur
1922 1056 1987 1118 in
2028 1073 2035 1086 ·

476 1173 621 1229 me,
643 1155 1105 1238 egrediebatur,
1129 1165 1194 1219 et
1218 1156 1385 1220 alius
1413 1156 1677 1239 angelus
1706 1155 1987 1238 egredie-

470 1252 681 1316 batur
720 1255 787 1317 in
828 1272 1167 1318 occursum
1211 1254 1375 1336 ejuS,
1417 1261 1481 1317 et
1522 1255 1732 1317 dixit:
1766 1252 1983 1326 Curre,

468 1359 551 1414 et
598 1351 857 1435 loquere
902 1352 981 1416 ad
1031 1371 1303 1435 puerum
1352 1352 1565 1416 istum.
1610 1353 1678 1414 ln
1728 1352 1987 1415 Daniele

464 1468 747 1532 quoque
776 1451 1085 1532 propheta
1112 1449 1377 1531 angelus
1406 1450 1667 1532 quidam
1696 1449 1989 1532 superior

36 1553 271 1660 1ξαπ-
298 1570 429 1608 vm.
466 1549 577 1610 ait
604 1549 687 1612 ad
714 1549 1073 1613 Gabrielem
1100 1567 1115 1611 ε
1139 1548 1413 1622 Gabriel,
1446 1547 1547 1612 lac
1579 1549 1799 1622 istum,
1834 1555 1987 1630 puta

468 1646 843 1720 Danielem,
904 1646 1261 1727 intelligere
1316 1647 1653 1709 visionem.
1706 1645 1985 1726 Angelus

460 1763 647 1807 vero
686 1745 975 1826 superior
1010 1745 1276 1808 Michael
1319 1745 1602 1808 creditur
1642 1743 1980 1807 exstitisse.

2098 760 2402 824 omnibus
2461 781 2604 844 quae
2669 771 3082 844 cognoscunt,
3145 770 3456 846 quantum
3515 780 3594 824 ex

2098 859 2362 940 speciali
2391 859 2608 942 aliqua
2636 879 2826 924 causa
2863 869 2928 924 et
2968 859 3344 925 habitudine
3388 861 3465 923 ad
3507 859 3598 923 in·

2098 955 2364 1020 seriores
2393 965 2490 1020 est
2519 959 2869 1041 pertinenS,
2901 967 2965 1023 et
2993 960 3114 1022 hoc
3144 965 3522 1042 opportune.

2424 1167 2943 1233 PROPOSITIO
2989 1167 3265 1232 LXXII.

2177 1351 2292 1418 Ex
2349 1352 3010 1434 praeordlnatmne
3081 1365 3174 1419 ac
3233 1349 3593 1432 jussione

2095 1450 2684 1532 Omnipotentls
2712 1452 3088 1520 convemt
3125 1450 3434 1528 angens
3461 1449 3596 1518 ho-

2094 1549 2352 1614 mines
2391 1547 2814 1616 custodire.

2176 1647 2352 1722 Quod
2383 1654 2500 1722 est,
2533 1647 2835 1729 quoniam
2868 1648 3034 1710 Deus
3072 1647 3444 1710 naturaliter
3483 1646 3592 1709 bo·

2097 1765 2240 1818 nus,
2273 1753 2334 1807 et
2373 1745 2795 1808 essentialiter
2835 1745 3062 1808 caritas
3109 1745 3266 1827 ipsa,
3299 1744 3594 1827 quamvis

460 1843 757 1924 Insuper
792 1843 1001 1924 angeli
1048 1843 1251 1906 sancti
1300 1861 1369 1906 se
1417 1843 1695 1905 invicem
1747 1841 1812 1904 in
1858 1842 1985 1904 Deo
2012 1840 2060 1904 B
2099 1861 2214 1925 per
2260 1861 2327 1906 se
2369 1843 2578 1906 solum
2621 1844 2760 1906 sine
2803 1843 3188 1906 difficultate
3231 1861 3450 1924 regere
3492 1861 3596 1906 va·

460 1940 935 2022 conspiciunt3
984 1947 1047 2003 et
1103 1960 1245 2023 quae
1295 1941 1463 2003 intra
1510 1959 1579 2002 se
1628 1939 1865 2003 habent
1922 1944 1987 2001 et

458 2037 999 2120 apprehendunt,
1052 2039 1143 2100 sic
1190 2046 1577 2102 contuentur
1624 2037 1689 2100 in
1744 2037 1987 2100 lumine

462 2137 771 2199 increato
802 2154 915 2219 per
944 2136 1435 2199 illustrationem
1467 2136 1533 2198 in
1566 2135 1723 2218 ipsis
1754 2135 1987 2198 factam

461 2235 567 2296 ab
614 2233 745 2297 illo.

563 2331 867 2407 Quamvis
897 2340 1113 2395 autem
1142 2332 1437 2396 nonnulli
1466 2335 1743 2397 audeant
1772 2333 1983 2396 dicere

460 2429 749 2512 angelos
775 2430 1137 2512 superiores
1175 2450 1505 2513 nunquam
1545 2431 1624 2494 ab
1668 2429 1984 2493 inferiori-

460 2530 611 2592 bus
669 2529 910 2611 aliquid
978 2528 1247 2604 discere,
1308 2547 1425 2592 nec
1494 2529 1845 2592 illuminari
1902 2530 1984 2593 ab

460 2628 691 2710 ipsis;
721 2635 786 2690 et
823 2626 1000 2700 item,
1032 2628 1202 2710 quod
1244 2627 1454 2708 angeli
1496 2629 1861 2710 superiores
1904 2629 1983 2691 de

458 2725 791 2789 omnibus
831 2743 975 2806 quae
1017 2732 1429 2808 cognoscunt,
1464 2725 1799 2790 inferiores
1839 2727 1983 2789 illu-

464 2825 741 2886 minent
782 2841 796 2885 :
836 2831 1115 2887 attamen
1160 2824 1331 2886 istud
1374 2823 1629 2886 videtur
1671 2824 1855 2887 valde
1894 2825 1985 2888 in-

462 2929 759 2984 certum.
806 2921 1135 3003 Siquidem
1184 2923 1261 2984 de
1305 2922 1406 2984 bis
1454 2941 1595 3004 quae
1642 2923 1833 2986 certis
1879 2942 1985 2987 an-

2097 1941 2224 2004 leat
2255 1941 2572 2015 universa,
2603 1949 2668 2005 et
2708 1959 2964 2005 movere
3007 1949 3199 2023 atque
3243 1941 3592 2024 producere

2095 2048 2326 2102 cuncta
2356 2059 2496 2122 quae
2527 2039 2824 2123 producit
2861 2047 2924 2101 et
2967 2045 3178 2102 movet
3217 2056 3332 2121 per
3370 2057 3594 2102 causas

2096 2138 2448 2216 secundas3
2480 2136 2684 2200 nihilo
2715 2139 2928 2200 minus
2957 2137 3036 2199 ad
3067 2137 3422 2220 pleniorem
3462 2155 3593 2201 suae

2096 2234 2398 2298 bonitatis
2437 2243 2501 2298 et
2541 2235 2822 2298 caritatis
2860 2234 3378 2308 declarationem,
3421 2253 3592 2298 com-

2097 2333 2450 2396 municavit
2479 2333 2808 2408 creaturis,
2844 2333 3196 2416 praesertim
3239 2333 3593 2396 intellectu-

2092 2431 2325 2505 alibus,
2377 2432 2508 2494 vim
2569 2432 2888 2496 causalem
2942 2440 3008 2495 et
3063 2431 3589 2514 providentialem

2093 2549 2168 2593 ac
2209 2529 2714 2611 gubernativam.
2759 2531 2990 2612 Sicque
3035 2530 3312 2592 instituit
3353 2537 3425 2591 ut
3465 2548 3592 2592 una

2095 2636 2384 2691 creatura
2413 2629 2781 2710 hujusmodi
2811 2629 3002 2690 aliam
3036 2635 3231 2708 regat,
3264 2628 3506 2700 doceat,
3531 2635 3594 2690 et

2094 2735 2472 2809 cooperetur
2499 2728 2556 2790 ei
2587 2728 2666 2790 ad
2697 2727 2960 2800 bonum,
2984 2734 3298 2809 quatenus
3329 2743 3443 2807 per
3472 2724 3593 2788 hoc

2097 2826 2262 2888 inter
2310 2844 2416 2888 eas
2465 2826 2744 2908 amplius
2793 2824 3128 2887 roboretur
3183 2831 3248 2886 et
3304 2823 3595 2887 foveatur

2091 2924 2368 2987 dilectio.
2390 2924 2550 2988 Hinc
2579 2932 2643 2987 et
2671 2923 2940 3004 singulis
2971 2921 3340 2986 hominibus
3370 2920 3592 3004 praet‘e·

458 3019 651 3101 gelis
710 3019 983 3102 desuper
1046 3020 1410 3102 specialiter
1473 3021 1981 3094 committuntur,
2014 3022 2057 3086 C
2094 3023 2182 3084 cit
2209 3023 2466 3104 angelos
2496 3023 2779 3104 singulos
2811 3022 2876 3084 in
2910 3021 3200 3084 custodes
3228 3019 3309 3082 ab
3339 3021 3594 3084 exordio

458 3118 683 3180 etiam
720 3117 1023 3200 specialia
1058 3118 1349 3199 quaedam
1386 3117 1627 3181 eisdem
1672 3119 1982 3181 insinuari

460 3215 866 3294 ereduntur3
888 3223 953 3277 et
974 3233 1115 3298 quae
1146 3232 1435 3297 quosque
1465 3214 1807 3298 specialius
1840 3233 1984 3278 con-

458 3320 778 3386 cernunt,
829 3313 1313 3376 determinatius
1371 3313 1463 3376 eis
1521 3314 1829 3376 divinitus
1886 3333 1981 3377 re-

456 3410 797 3474 velantur.
830 3411 919 3473 De
968 3411 1204 3492 quibus
1250 3411 1397 3494 ipsi,
1428 3411 1725 3494 quamvis
1766 3411 1982 3475 inseri-

456 3509 615 3572 oris
671 3509 796 3571 sint
860 3508 1125 3582 ordiniS,
1188 3515 1485 3591 poterunt
1539 3509 1981 3591 superioribus

458 3607 763 3690 pandere
818 3606 989 3688 quod
1046 3614 1365 3668 noverunt
1422 3607 1623 3687 magis
1680 3606 1979 3670 distincte

457 3725 679 3789 quam
728 3705 818 3767 illi
865 3721 879 3766 :
926 3705 1465 3787 quemadmodum
1510 3706 1979 3769 sacratissimus

455 3803 757 3876 Gabriel,
790 3805 869 3866 de
902 3802 1438 3866 concernentibus
1466 3803 1853 3868 dominicam
1887 3805 1978 3868 in-

452 3902 913 3968 carnationem
957 3919 1031 3964 ac
1072 3900 1459 3966 beatissimae
1508 3902 1789 3985 Virginis
1834 3923 1975 3986 per-

450 4020 725 4074 sonam,
756 4007 1023 4064 noverat
1050 3999 1341 4082 quaedam
1375 4019 1516 4083 quae
1546 4001 1755 4081 angeli
1790 4001 1975 4064 multi

449 4118 553 4164 eo
594 4099 957 4180 superiores
1000 4115 1205 4180 usque
1252 4097 1361 4180 adj
1380 4097 1613 4160 Christi
1661 4099 1975 4163 ascensio-

2092 3121 2442 3184 nativitatis
2483 3121 2546 3184 in
2589 3129 2782 3194 utero,
2815 3139 2852 3182 a
2896 3118 3131 3202 quibus
3175 3118 3468 3182 homines
3509 3118 3589 3182 ab

2092 3218 2360 3280 infantia
2387 3237 2424 3280 a
2453 3219 2646 3281 variis
2676 3225 3143 3300 praeservantur
3172 3216 3500 3298 periculiS,
3527 3225 3589 3279 et

2090 3336 2125 3378 a
2175 3317 2394 3379 multis
2443 3335 2517 3380 ac
2565 3316 2868 3398 gravibus
2917 3315 3216 3397 peccatis,
3261 3322 3454 3397 atque
3507 3314 3585 3378 ad

2090 3414 2274 3477 utilia
2321 3433 2394 3477 ac
2437 3415 2736 3477 salutaria
2782 3413 3163 3495 instigantur
3203 3419 3269 3476 et
3309 3412 3586 3494 dirigun-

2088 3519 2216 3586 tur,
2249 3514 2558 3576 docentur
2587 3520 2652 3574 et
2683 3512 3082 3574 illustrantur
3114 3528 3129 3572 :
3164 3510 3275 3592 qui
3306 3517 3370 3572 et
3399 3510 3588 3572 inter-

2089 3611 2324 3673 cedunt
2353 3629 2466 3693 pro
2495 3611 2618 3673 sibi
2651 3609 3120 3683 commissis,ac
3149 3608 3390 3690 angelis
3419 3616 3590 3671 tene-

2089 3708 2348 3771 brarum
2387 3708 2727 3786 resistunt3
2761 3727 2878 3772 nec
2911 3709 2977 3771 in
3007 3715 3138 3771 toto
3178 3709 3482 3771 deserunt
3509 3707 3588 3768 si-

2088 3807 2156 3870 bi
2187 3809 2585 3881 commissos,
2619 3808 2912 3890 quamvis
2953 3808 3232 3887 ingratos
3269 3813 3334 3869 et
3367 3806 3583 3878 duroS,

2087 3907 2356 3968 durante
2407 3906 2526 3969 hac
2572 3907 2703 3969 vita
2746 3924 2760 3968 :
2803 3905 3097 3987 quamvis
3139 3905 3460 3968 interdum
3505 3905 3583 3968 ad

2086 4011 2342 4086 tempus
2389 4004 2684 4066 dicantur
2729 4022 2838 4067 eos
2887 4002 3271 4084 relinquere,
3313 4003 3468 4065 dum
3518 4003 3582 4064 in

2086 4119 2316 4183 magna
2363 4102 2528 4164 mala
2577 4119 2780 4183 poenae
2826 4109 2937 4163 aut
2993 4101 3200 4182 culpae
3259 4099 3578 4162 labuntur.

450 4215 627 4262 nem
662 4195 1051 4279 ignorabant.
1085 4195 1261 4259 Unde
1300 4203 1363 4258 et
1390 4203 1543 4259 tunc
1588 4196 1754 4259 inter
1790 4215 1857 4260 se
1896 4199 1973 4260 de
2004 4197 2054 4261 D
2086 4201 2372 4282 Denique
2416 4199 2702 4264 Christus
2749 4199 3102 4262 secundum
3151 4199 3322 4280 quod
3369 4197 3584 4279 aliquo

454 4296 715 4360 talibus
743 4293 1319 4377 conquerebantur,
1352 4301 1423 4356 ut
1451 4295 1709 4358 divinus
1748 4295 1975 4378 Diony-

453 4395 613 4458 sius
644 4398 1046 4476 protestatur,
1080 4398 1143 4455 et
1172 4391 1231 4455 S.
1256 4391 1613 4454 Bernardus
1644 4393 1709 4456 in
1740 4394 1974 4475 episto-

456 4495 535 4557 la
562 4493 645 4555 ad
678 4491 1107 4555 venerabilem
1140 4490 1469 4572 Hugonem
1510 4491 1587 4553 de
1627 4492 1685 4555 S.
1721 4491 1973 4556 Victore

450 4591 759 4671 tetigisse
798 4589 1121 4673 probatur.
1154 4589 1289 4651 lmo
1330 4596 1395 4651 et
1436 4589 1529 4651 sic
1571 4607 1687 4672 per
1714 4591 1974 4672 Aposto-

450 4693 685 4755 lorum
729 4686 1269 4770 praedicationem‚
1312 4687 1655 4750 potestates
1702 4687 1826 4752 illae
1870 4708 1973 4751 su-

450 4806 689 4873 pernae
744 4785 989 4868 aliquid
1046 4784 1347 4847 didicisse
1408 4792 1842 4848 monstrantur
1895 4805 1973 4849 ex

448 4884 689 4952 verbis
734 4883 1023 4966 Apostoli
1072 4883 1150 4945 ad
1197 4882 1505 4966 Ephesios
1562 4885 1905 4947 asserentis
1955 4903 1969 4947 :

450 4988 551 5051 Ut
579 4985 935 5046 innotescat
967 4981 1033 5043 in
1062 4981 1454 5056 coelestibus,
1478 4989 1597 5044 etc.
1625 4982 1970 5059 Postremo,

448 5086 641 5148 sicut
695 5087 924 5144 natura
974 5079 1083 5142 illa
1130 5079 1417 5161 angelica
1463 5088 1745 5143 nostram
1804 5088 1970 5144 tran-

448 5180 719 5248 scendit
748 5177 1065 5251 notitiam,
1084 5177 1170 5240 ita
1199 5185 1263 5240 et
1292 5178 1464 5241 modi
1496 5178 1733 5260 quibus
1760 5181 1969 5262 angeli

444 5279 730 5367 gloriosi
770 5277 1125 5361 loquuntur
1150 5276 1230 5340 ad
1258 5277 1559 5376 invicem.
1595 5278 1965 5360 Superiores

2086 4301 2276 4362 modo
2332 4299 2557 4372 viator,
2609 4299 2937 4361 custodem
2987 4297 3212 4361 habuit
3257 4298 3576 4378 angelum.

2082 4397 2513 4460 Antichristus
2543 4415 2798 4479 quoque
2835 4395 3136 4477 angelum
3175 4395 3438 4460 habebit
3475 4416 3582 4459 cu-

2084 4495 2355 4567 stodem,
2373 4512 2488 4575 per
2515 4512 2706 4577 quem
2741 4494 3099 4557 retrahetur
3127 4513 3164 4557 a
3193 4493 3575 4576 quibusdam

2084 4592 2490 4672 excessibus3
2536 4612 2653 4656 nec
2693 4594 3022 4656 deseretur
3063 4593 3342 4656 totaliter
3369 4592 3448 4655 ab
3477 4611 3582 4654 an-

2082 4691 2227 4772 gelo
2259 4691 2389 4764 illo,
2425 4691 2547 4754 nisi
2578 4691 2846 4754 sortasse
2876 4693 3030 4754 dum
3071 4693 3134 4754 in
3177 4699 3416 4754 tantam
3455 4692 3580 4753 ela·

2083 4789 2326 4852 tionem
2358 4789 2950 4871 blasphemiamque
2981 4797 3378 4872 prorumpet,
3412 4789 3578 4873 quod

2082 4885 2286 4949 Deum
2327 4905 2396 4950 se
2439 4907 2580 4950 esse
2625 4887 2988 4948 mentietur.

2160 4985 2242 5048 At
2279 5003 2430 5048 vero
2471 4985 2730 5066 angelos
2775 4994 3026 5047 sanctos
3069 4984 3180 5067 qui
3225 4987 3580 5049 communi-

2079 5082 2320 5145 tatibus
2369 5090 2669 5165 proesunt,
2712 5083 2910 5164 aliqui
2959 5083 3182 5144 dicunt
3230 5084 3307 5145 de
3356 5085 3576 5147 ordine

2076 5181 2556 5263 principatuum
2605 5199 2763 5242 esse.
2816 5179 2942 5242 Alii
2987 5181 3354 5262 opinantur,
3406 5183 3574 5264 quod

2078 5279 2286 5362 angeli
2331 5279 2442 5364 qui
2489 5278 2766 5362 praelatis
2807 5287 2874 5342 et
2915 5277 3318 5362 principibus
3364 5281 3575 5364 praesi-
