4300 6259
931 499 1011 544 DE
1052 498 1278 545 mmm:
1318 498 1701 546 cnmsTlANAE:
1742 497 2044 557 Tamum,
2088 498 2264 545 unm
2307 500 2370 545 ll.
2417 518 2498 527 —
2536 502 2674 547 ΛΒΤ.
2720 502 2830 546 xm

328 675 391 729 et
434 676 669 732 nostrae
720 668 1011 750 religioni
1061 676 1189 731 tam
1245 668 1709 752 multipliciter,
1760 675 1830 730 ut
1858 665 1910 730 A
1941 668 2182 751 quippe
2211 669 2447 732 dicitur
2481 688 2495 731 :
2529 670 2965 733 obscurentur
2993 670 3164 732 oculi
3193 687 3436 745 eorum,
3487 692 3565 735 Ρι.
3593 704 3733 744 unu,

1942 785 2021 828 ne
2069 767 2346 831 videant.
2396 768 2462 830 ln
2508 786 2584 831 eo
2626 769 2817 830 etiam
2864 769 3032 851 quod
3077 768 3295 832 Daniel
3343 787 3444 831 va·
3469 756 3537 797 ²⁴·

1941 866 2279 929 stationem
2327 867 2667 949 quamdam
2713 886 3060 948 perennem
3105 874 3441 929 venturam

1943 962 2314 1038 testabatur,
2369 963 2815 1027 infidelitatem
2860 964 3224 1029 Judaeorum
3275 965 3442 1027 clare

1944 1062 2367 1125 annuntiavit.
2401 1098 2480 1109 —-
2511 1065 2702 1127 Amos
2740 1064 2933 1126 etiam
2969 1064 3276 1146 propheta
3302 1065 3390 1125 ait
3423 1079 3437 1127 τ

1948 1162 2154 1243 Super
2191 1159 2396 1223 tribus
2439 1161 2786 1224 sceleribus
2827 1161 3016 1225 lsrael
3075 1170 3440 1226 convertam
3470 1183 3607 1227 Amos
3627 1196 3673 1234 ιι,
3693 1185 3734 1226 ο.

328 774 654 829 ostensum
686 774 803 839 est,
838 767 1103 830 donatae.

403 866 723 947 AmpliuS,
758 866 821 927 id
864 866 1077 947 ipsum
1119 864 1373 947 plenius
1402 865 1649 927 ostendi
1698 872 1831 947 pot-

326 971 422 1025 est
464 982 547 1026 cx
594 964 945 1046 prophetiis
992 982 1151 1046 quas
1201 964 1323 1045 ipsi
1374 963 1771 1027 solennizant
1813 980 1827 1024 :

327 1062 391 1123 in
432 1060 673 1143 quibus
718 1061 953 1125 nedum
1002 1070 1233 1125 cuncta
1276 1081 1419 1143 quae
1463 1062 1542 1123 de
1583 1060 1833 1124 Christo

327 1159 491 1222 facta
540 1160 885 1233 credimuS‚
932 1160 1355 1243 praenuntiata
1406 1160 1693 1223 valemus
1741 1160 1833 1221 eis

328 1259 685 1333 ostendere,
732 1260 843 1321 sed
890 1267 955 1321 et
1002 1260 1285 1341 ipsorum
1337 1276 1591 1341 quoque
1637 1257 1835 1321 incre·

328 1358 545 1421 dulam
572 1358 1067 1423 obstinationem
1098 1358 1682 1439 desolationemque
1700 1376 1837 1439 per-

330 1475 563 1520 ennem
604 1456 1038 1538 comperimus
1072 1456 1423 1537 praedictas.
1458 1454 1619 1529 Quid
1662 1472 1837 1517 nem-

336 1574 413 1638 pe
472 1555 707 1617 elarius
766 1572 873 1618 eos
934 1555 1313 1631 convincere
1380 1561 1587 1636 potest
1644 1573 1837 1635 quam

336 1654 537 1716 sancti
598 1654 973 1736 patriarchae
1019 1652 1211 1716 Jacob
1261 1651 1659 1725 vaticinium,
1710 1669 1839 1735 quo

130 1784 193 1813 en.
270 1783 311 1812 ι,
337 1754 426 1815 ait
466 1770 481 1815 τ
525 1752 661 1815 Non
704 1750 1031 1815 auferetur
1072 1759 1397 1834 sceptrum
1445 1751 1523 1813 de
1563 1751 1742 1823 Juda,
1777 1758 1841 1813 et

338 1853 465 1915 dux
510 1852 589 1913 de
634 1850 987 1915 femoribus
1028 1850 1191 1931 ejus,
1234 1850 1435 1913 donec
1475 1850 1691 1912 veniat
1727 1850 1837 1931 qui
1866 1852 1913 1913 B
1952 1870 2140 1915 onem
2197 1852 2352 1932 justi
2412 1852 2646 1935 Joseph
2705 1871 2742 1914 a
2811 1852 3113 1915 fratribus
3181 1854 3314 1917 suis
3383 1854 3448 1916 in

342 1950 689 2013 mittendus
748 1958 884 2028 est3
945 1956 1010 2011 et
1076 1948 1213 2031 ipse
1278 1948 1401 2011 erit
1456 1948 1841 2030 exspectatio

338 2050 673 2131 gentium?
722 2047 1003 2112 Cernunt
1050 2048 1289 2111 etenim
1348 2054 1695 2130 sceptrum,
1749 2065 1842 2109 re-

338 2166 537 2228 gnum
576 2154 643 2209 et
684 2147 915 2209 ducem
954 2146 1034 2208 ab
1072 2147 1165 2209 eis
1213 2145 1445 2217 ablata,
1490 2144 1843 2227 praesertim

338 2266 373 2308 a
431 2246 785 2309 vastatione
857 2244 1209 2308 Jerusalem
1275 2252 1339 2307 et
1413 2243 1845 2306 destructione

342 2345 687 2409 sanctuarii
721 2364 863 2427 quae
895 2363 1008 2427 per
1036 2344 1249 2407 Titum
1291 2352 1353 2405 et
1385 2342 1697 2425 populum
1732 2343 1844 2405 Ro·

342 2462 604 2507 manum
653 2443 823 2506 facta
866 2450 999 2522 est3
1048 2450 1285 2505 terram
1334 2441 1659 2524 propriam
1718 2459 1843 2503 non

342 2542 601 2616 habent,
654 2549 717 2605 et
765 2541 1005 2624 ubique
1054 2540 1295 2602 subditi
1354 2547 1505 2601 sunt
1550 2538 1846 2622 potestati

3321 482 3442 547 403

1948 1277 2097 1339 eos;
2129 1279 2324 1343 super
2363 1268 2588 1343 quarto
2625 1269 2836 1323 autem
2879 1279 3006 1324 non
3050 1270 3439 1325 convertam.

1951 1359 2059 1421 Est
2085 1377 2236 1440 ergo
2265 1359 2583 1441 quoddam
2615 1359 2825 1423 scelus
2864 1359 2946 1423 ob
2986 1360 3156 1442 quod
3187 1378 3446 1443 prorsus

1950 1476 2154 1540 usque
2185 1458 2250 1519 in
2284 1456 2482 1519 finem
2515 1457 3001 1539 derelinquendi
3031 1466 3197 1520 sunt.
3233 1459 3444 1533 Porro,

1948 1556 2003 1617 si
2050 1555 2131 1617 ab
2183 1556 2276 1618 eis
2337 1554 2756 1637 investigetur
2805 1557 3124 1638 quodnam
3185 1558 3267 1619 sit
3327 1558 3447 1620 hoc

1948 1662 2247 1736 quartum
2281 1655 2738 1738 sceluS‚neque
2773 1656 3216 1730 idololatriam,
3240 1675 3450 1738 neque

1949 1753 2400 1835 Prophetarum
2449 1754 2860 1827 occisionem,
2913 1773 3120 1836 neque
3178 1755 3450 1819 venditi·

1950 1953 2290 2034 AEgyptum
2323 1952 2706 2033 respondere
2737 1957 3052 2033 poterunt.
3088 1952 3291 2034 Super
3319 1970 3452 2015 om·

1954 2046 2145 2111 nibus
2193 2048 2368 2111 enim
2417 2048 2516 2111 his
2569 2048 2822 2111 reduxit
2869 2067 2976 2113 eos
3023 2050 3330 2113 Dominus
3389 2058 3454 2113 et

1957 2146 2256 2209 misertus
2287 2155 2381 2210 est
2413 2164 2635 2209 eorum
2663 2164 2678 2225 ;
2709 2166 2918 2229 neque
2947 2147 3292 2230 aliquando
3321 2156 3452 2210 tam

1958 2245 2297 2327 poenaliter
2343 2246 2579 2327 captivi
2627 2245 2804 2308 ducti
2854 2253 3025 2320 sunt,
3073 2265 3150 2309 ex
3194 2266 3320 2329 quo
3364 2248 3456 2309 in-

1956 2344 2244 2407 habitare
2289 2352 2613 2426 coeperant
2643 2344 2899 2407 Terram
2936 2354 3243 2420 sanctam,
3290 2347 3459 2409 sicut

1958 2442 2023 2503 in
2064 2440 2498 2525 Babyloniam.
2535 2441 2710 2504 Unde
2754 2448 2948 2504 restat
2989 2442 3112 2505 hoc
3155 2451 3455 2526 quartum

1958 2539 2168 2603 scelus
2218 2540 2602 2603 occisionem
2663 2558 2803 2603 esse
2854 2540 3109 2614 Christi,
3157 2542 3456 2624 quemad-

339 2642 583 2705 alienae.

422 2738 706 2803 Danielis
754 2756 1009 2821 quoque
1072 2738 1410 2821 prophetia
1458 2736 1847 2800 occisionem

342 2839 577 2903 Christi
630 2838 983 2919 impletam,
1019 2856 1093 2899 ac
1138 2842 1514 2918 perpetuam
1555 2834 1847 2897 desolati-

343 2956 533 3001 onem
580 2936 738 3019 ipsis
788 2935 1336 3017 superinductam,
1372 2933 1707 2996 manifeste
1750 2950 1847 2997 os-

1959 2640 2220 2703 modum
2280 2640 2496 2703 Daniel
2557 2640 2732 2703 dicit.
2793 2640 3056 2703 Ratione
3114 2641 3301 2722 cujus
3367 2642 3458 2704 ait
3484 2663 3752 2715 Banasam

1958 2740 2156 2801 David
2209 2756 2224 2801 :
2275 2739 2581 2820 Disperge
2629 2738 2772 2801 illos
2820 2739 2886 2800 in
2931 2739 3166 2802 virtute
3217 2748 3345 2814 tua,
3392 2748 3458 2803 et
3533 2762 3616 2806 1³⁸.
3639 2775 3752 2813 mu,

1958 2839 2206 2919 depone
2237 2854 2366 2911 eOS,
2401 2844 2720 2919 protector
2750 2855 2952 2911 meuS,
2987 2836 3274 2901 Domine.
3485 2828 3547 2871 ¹²

78 3052 238 3101 Παπαῖ,
250 3052 315 3093 26.

134 3652 236 3693 nid.
253 3654 317 3694 22

342 3037 570 3111 tendit,
594 3036 749 3098 dum
777 3034 867 3096 ait
898 3052 911 3095 :
938 3034 1013 3096 Et
1044 3041 1186 3115 post
1214 3032 1645 3095 hebdomades
1674 3050 1849 3095 sexa·
1884 3030 1927 3095 C

340 3138 519 3218 ginta
556 3135 715 3197 duas
755 3134 1086 3197 occidetur
1114 3132 1445 3211 Christus3
1477 3140 1541 3194 et
1571 3148 1697 3193 non
1728 3131 1851 3193 erit
2347 3098 2837 3163 ARTICULUS
2885 3098 3075 3163 X111·

342 3236 483 3316 ejus
532 3232 833 3317 populus,
867 3231 977 3314 qui
1026 3250 1175 3293 eum
1226 3238 1569 3312 negaturus
1610 3237 1725 3291 est.
1775 3229 1851 3291 Et
1958 3242 2055 3299 De
2088 3240 2364 3298 veritate
2389 3239 2553 3316 fidei
2579 3258 2661 3297 ex
2690 3240 3208 3299 consideratione
3237 3241 3464 3300 altitu-

343 3334 669 3395 civitatem
737 3339 801 3393 et
854 3329 1289 3393 sanctuarium
1348 3328 1688 3409 dissipabit
1742 3345 1849 3409 po·
2000 3330 2183 3388 dinis
2217 3328 2600 3388 christianae
2629 3330 2970 3403 sapientioe
2997 3337 3058 3387 et
3085 3330 3420 3391 doctr-inec.

346 3431 538 3514 pulus
587 3449 735 3493 cum
796 3430 959 3491 duce
1015 3434 1327 3505 venturo;
1376 3434 1441 3489 et
1499 3426 1650 3488 finis
1708 3427 1849 3506 ejus

344 3531 629 3601 vestitam,
679 3535 743 3590 et
782 3534 925 3609 post
962 3527 1163 3589 finem
1206 3525 1359 3589 belli
1400 3532 1635 3587 statuta
1670 3526 1849 3587 deso·

346 3629 517 3692 latio.
553 3628 631 3689 Et
660 3634 803 3709 post
832 3644 1036 3709 pauca
1070 3642 1083 3685 z
1110 3624 1185 3686 Et
1218 3642 1419 3706 usque
1446 3624 1526 3685 ad
1558 3642 1850 3687 consum—

346 3728 693 3790 mationem
724 3732 789 3787 et
818 3724 845 3786 s
849 3724 1017 3787 inem
1050 3722 1482 3805 perseverabit
1522 3722 1848 3785 desolatio.

345 3824 409 3886 Si
442 3823 639 3903 igitur
668 3827 899 3901 negent
930 3819 1253 3881 Christum
1284 3817 1569 3881 occisum
1612 3817 1692 3879 ab
1735 3818 1853 3893 eiS,

345 3929 408 3984 et
461 3936 811 4003 perennem
859 3917 1317 3979 desolationem
1370 3915 1694 3978 inductam
1754 3936 1855 3978 su·

2095 3523 2140 3586 T
2186 3524 2472 3607 quidem,
2521 3525 2688 3607 quod
2733 3526 2846 3588 uni
2894 3525 3078 3588 cibus
3121 3532 3238 3600 est,
3283 3526 3467 3589 alteri

2126 3641 2449 3686 venenum
2508 3631 2622 3685 est.
2685 3624 2994 3697 Quoniam
3054 3624 3314 3707 quidem
3375 3622 3468 3687 nil

1964 3719 2340 3783 naturaliter
2387 3720 2626 3782 malum
2677 3728 2796 3795 est,
2844 3720 2932 3781 nil
2982 3721 3157 3784 omni
3209 3739 3470 3803 prorsus

1966 3826 2137 3881 caret
2167 3816 2300 3879 sine
2331 3836 2403 3879 ac
2434 3817 2736 3880 bonitate.
2768 3816 2966 3882 Judaei
2996 3826 3211 3881 autem
3241 3817 3464 3901 aliqui,

1970 3917 2118 3979 licet
2177 3934 2255 3978 ex
2317 3914 2728 3997 praeinductis
2787 3923 2846 3977 et
2902 3916 3046 3977 aliis
3105 3915 3204 3978 his
3267 3915 3469 3979 multo

348 4039 461 4102 per
500 4036 631 4091 eos»,
678 4024 827 4079 tunc
880 4022 1145 4089 constat,
1192 4014 1360 4096 quod
1410 4013 1617 4076 adhuc
1666 4020 1861 4075 restat
1970 4013 2340 4077 fortioribus
2373 4011 2660 4075 vicissim
2689 4013 2768 4075 ad
2798 4012 3275 4095 susceptionem
3307 4014 3470 4075 chri·

346 4126 418 4180 ut
464 4116 814 4189 occidatur,
850 4114 1191 4176 inducatur
1230 4129 1486 4195 quoque
1526 4130 1721 4193 super
1750 4129 1858 4175 eos

1968 4113 2190 4175 stianae
2219 4109 2370 4173 fidei
2407 4110 2818 4185 inclinentur,
2852 4109 3470 4193 incomprehensibi-

348 4214 679 4288 desolatio,
713 4232 855 4295 quae
904 4230 1105 4293 usque
1149 4210 1215 4272 in
1257 4210 1457 4273 finem
1499 4228 1858 4291 persevera·
1890 4216 1938 4279 D
1969 4211 2113 4274 litas
2143 4217 2358 4272 tamen
2389 4227 2612 4272 eorum
2659 4228 2800 4291 quae
2838 4207 3004 4271 fides
3046 4209 3365 4292 proponit,
3401 4217 3473 4273 ut

350 4315 463 4378 bit.
519 4313 642 4377 Sed
693 4330 819 4374 non
870 4311 1123 4373 videtur
1169 4329 1311 4392 quae
1360 4308 1560 4391 possit
1606 4308 1859 4389 gravior

350 4432 491 4479 esse
548 4410 857 4475 desolatio
908 4428 981 4472 ea
1024 4428 1166 4491 quae
1222 4408 1408 4471 modo
1456 4415 1861 4490 praeoccupat

352 4514 547 4595 ipSOS,
575 4512 639 4573 in
672 4528 800 4591 qua
815 4509 917 4591 (ut
944 4514 1272 4571 ostensum
1304 4508 1427 4587 est)
1447 4506 1675 4589 privati
1710 4512 1860 4568 sunt

352 4611 595 4675 honore
636 4606 1147 4671 caerimoniarum
1180 4605 1337 4686 legis
1378 4624 1529 4679 suae,
1564 4604 1768 4667 hostia
1796 4611 1859 4667 et

350 4707 699 4781 sacrificio,
745 4706 923 4769 omni
962 4705 1225 4787 insuper
1257 4704 1461 4785 gloria
1504 4703 1855 4785 signorum,

351 4817 417 4872 et
458 4805 737 4871 oraculis
782 4824 855 4866 ac
901 4802 1333 4866 consolatione
1378 4802 1854 4883 Prophetarum.

438 4906 805 4977 Enimvero,
838 4920 919 4963 ne
964 4900 1335 4983 quempiam
1381 4906 1633 4962 moveat
1674 4908 1785 4963 aut
1824 4920 1861 4962 a

355 5006 487 5068 tide
537 5000 887 5065 christiana
932 4998 1187 5080 elonget
1244 4998 1531 5080 ipsorum
1582 4997 1859 5061 infideli-

354 5113 473 5177 ωε,
504 5102 674 5164 hanc
705 5100 909 5181 ipsam
950 5114 1205 5180 quoque
1242 5096 1617 5160 eorumdem
1658 5096 1860 5159 incre-

354 5201 691 5265 dulitatem
754 5195 1026 5279 Spiritus
1086 5196 1357 5258 Sanctus
1425 5214 1540 5277 per
1596 5212 1666 5257 os
1723 5195 1863 5258 Pro-

356 5301 701 5386 phetarum
744 5294 1113 5377 frequenter
1153 5294 1466 5377 praedixit.
1500 5294 1571 5357 In
1616 5294 1863 5359 Psalmo

1968 4318 2065 4373 est
2096 4326 2506 4392 personarum
2537 4307 2811 4383 trinitaS,
2845 4316 2908 4370 et
2938 4308 3107 4390 quod
3138 4309 3216 4371 de
3255 4316 3472 4373 sancta

1970 4408 2368 4471 Eucharistia
2415 4406 2760 4481 credimuS,
2813 4407 2964 4469 unio
3021 4425 3276 4490 quoque
3335 4426 3474 4491 per·

1969 4506 2206 4571 sonalis
2238 4506 2350 4568 Dei
2381 4524 2526 4567 cum
2563 4505 2843 4579 homine,
2878 4506 3214 4587 potissime
3243 4508 3472 4571 avertit

1969 4625 2077 4669 eos
2120 4626 2157 4667 a
2202 4605 2568 4686 receptione
2612 4604 2788 4667 fidei.
2838 4604 2901 4667 Si
2947 4622 3098 4687 ergo
3141 4624 3218 4669 ex
3270 4607 3472 4669 consi-

1970 4703 2295 4767 deratione
2345 4702 2668 4785 qualitatis
2717 4702 3020 4766 doctrinae
3064 4703 3292 4767 Christi
3341 4721 3474 4766 cor·

1972 4802 2254 4866 roborari
2307 4801 2511 4883 possit
2554 4800 2786 4863 veritas
2831 4799 3010 4874 fidei,
3058 4808 3207 4863 tunc
3249 4801 3474 4884 utique

1972 4901 2091 4963 hoc
2150 4900 2274 4963 erit
2322 4896 2717 4962 Christicolis
2767 4897 2974 4971 cibuS,
3025 4897 3192 4979 quod
3243 4900 3472 4961 ceteris

1974 5017 2293 5063 venenum
2349 5004 2463 5061 est.
2510 4997 2638 5060 Hoc
2695 5014 2844 5059 vero
2897 4994 3040 5057 fieri
3096 5003 3302 5077 potest
3352 4998 3474 5060 hoc

1974 5097 2164 5160 modo
2197 5113 2210 5158 :

2058 5195 2292 5258 Omnes
2335 5194 2509 5256 enim
2555 5192 2667 5275 qui
2722 5191 3048 5275 propriam
3107 5192 3373 5274 gloriam
3411 5202 3478 5258 et

1976 5311 2103 5357 non
2148 5294 2261 5356 Dei
2309 5291 2720 5374 quaesierunt,
2766 5297 3122 5373 quaerentes
3169 5290 3292 5354 sibi
3339 5292 3476 5357 alli·
