4300 6259
667 1744 728 1788 De
756 1743 896 1787 Divin.

635 1819 750 1850 nom.
767 1821 807 1850 c.
825 1821 884 1850 iv.

927 465 1050 530 340

1479 487 1557 532 DE
1597 486 1826 533 LmnNE
1867 484 2250 533 cllmsrlANAE
2290 483 2589 540 Tamum,
2635 484 2811 530 umen
2852 485 2891 528 1.
2938 502 3017 513 -
3060 485 3198 532 ART.
3244 487 3494 533 Lxxxvn

931 653 1144 715 milari
1173 672 1397 718 causae.
1421 653 2109 730 Adhuc,conversionis
2141 660 2425 716 causato·
2454 651 2507 713 A
2536 653 2745 715 decuit
2777 660 2843 715 ut
2862 654 2997 717 haec
3025 654 3358 720 deiformis
3379 656 3631 719 bonitas
3662 675 3777 738 prae
3795 657 3989 720 ceteris

929 769 1074 815 rum
1102 753 1178 815 ad
1212 753 1510 828 causalia,
1545 754 1938 836 principium
1970 752 2141 814 aliud
2174 769 2302 814 non
2332 757 2429 813 θεῖ

927 850 1052 912 nisi
1081 851 1405 932 appetitus
1435 870 1502 914 se
1533 849 1874 932 copulandi
1910 850 2036 911 illis
2073 867 2086 910 :
2122 849 2427 930 quoniam

924 950 1141 1011 omnia
1170 948 1440 1031 cupiunt
1467 949 1730 1031 perfici3
1763 948 2122 1030 perfectum
2154 965 2304 1010 vero
2334 954 2429 1008 est

926 1047 1451 1129 unumquodque,
1502 1066 1704 1129 quum
1752 1047 1829 1109 ad
1879 1047 1978 1108 sui
2030 1046 2425 1127 principium

925 1144 1204 1218 redierit,
1238 1145 1406 1207 sicut
1446 1145 1512 1207 in
1552 1153 1776 1208 octavo
1814 1146 2227 1227 Physicorum
2268 1142 2430 1205 dixit

923 1242 1313 1305 Aristoteles.
1375 1242 1708 1325 Appetitus
1764 1250 1978 1305 autem
2041 1243 2117 1304 fit
2185 1241 2429 1303 ratione

924 1341 1392 1414 similitudiniS,
1425 1342 1780 1404 secundum
1809 1341 2101 1403 Boetium
2136 1358 2149 1401 ε
2185 1347 2249 1402 θῖ
2288 1340 2430 1402 ideo

924 1440 1141 1502 omnia
1183 1440 1350 1502 bona
1399 1448 1569 1514 sunt,
1616 1441 1768 1522 quia
1815 1440 2058 1502 bonum
2110 1445 2208 1500 est
2260 1439 2431 1521 quod

925 1539 1139 1602 omnia
1165 1546 1488 1620 appetunt.
1507 1539 1682 1602 Unde
1712 1539 1904 1601 etiam
1924 1538 2096 1601 Plato
2128 1545 2192 1599 et
2213 1537 2432 1619 Diony-

928 1636 1084 1710 sius,
1118 1636 1228 1718 qui
1267 1637 1563 1699 ordinant
1593 1636 1833 1698 bonum
1866 1644 2010 1698 ante
2040 1655 2176 1707 enS‚
2207 1636 2432 1696 dicunt

929 1735 1098 1816 quod
1131 1735 1396 1797 materia
1423 1736 1506 1797 sit
1535 1735 1801 1808 bonum,
1836 1735 1986 1817 quia
2021 1735 2268 1816 appetit
2305 1734 2429 1796 for-

2536 751 2773 814 divinis
2821 752 3275 818 donationibus
3318 754 3655 837 limpidius
3699 762 3757 817 et
3793 756 3988 817 redun-

2537 849 2790 912 dantius
2822 850 2885 911 in
2918 849 3110 914 rebus
3148 852 3475 934 aliquibus
3514 852 3784 915 resultet.
3813 853 3993 914 Prima

2537 965 2686 1027 ergo
2718 956 2927 1010 creata
2968 949 3323 1012 substantia
3363 952 3794 1013 vehementem
3828 951 3996 1012 habet

2537 1045 2769 1108 divinae
2818 1053 3059 1110 naturae
3106 1049 3655 1112 assimilationem.
3704 1049 3997 1132 Propterea

2538 1143 2837 1225 equidem
2899 1143 3237 1228 Dionysius
3292 1147 3383 1208 ait
3438 1147 3865 1228 hujuscemodi
3918 1147 3995 1209 in·
4035 1164 4209 1208 necem

2538 1241 2831 1303 tellectus
2862 1243 3078 1305 deatos
3115 1244 3363 1308 animos
3402 1252 3465 1308 et
3508 1244 3821 1308 deificatas
3848 1264 3999 1307 meu·
4018 1225 4100 1268 ⁸⁵²⁸
4032 1241 4147 1334 ,⁸
4154 1242 4211 1338 ¹⁸1¹?-

2537 1347 2649 1401 tes.
2708 1340 2783 1400 Et
2838 1340 3123 1422 supremi
3183 1343 3350 1404 inter
3406 1361 3537 1416 θοε,
3600 1351 3671 1404 ut
3720 1344 3820 1418 ait,
3870 1351 4000 1405 sunt
4019 1303 4097 1457 :de
4098 1353 4150 1395 Di
4156 1367 4197 1394 ιιι

2539 1437 2720 1518 quasi
2782 1439 2847 1500 in
2907 1439 3245 1502 vestibulis
3304 1441 3568 1504 Deitatis
3618 1441 3903 1514 collocati,
3945 1428 4097 1522 et¹³⁰'‘¹
4192 1431 4211 1462 ¹

2539 1535 2775 1597 divinis
2836 1536 3193 1599 luminibus
3251 1539 3791 1622 superreplentur.
3838 1541 3999 1601 Deni-
4040 1541 4213 1582 ΜΕΝ

2540 1651 2686 1713 que,
2739 1652 2937 1714 quum
2988 1651 3180 1697 omne
3228 1654 3420 1717 agens
3479 1637 3762 1699 intendat
3806 1637 4002 1699 simili·
4022 1605 4209 1708 ¹¹⁶⁸„

2541 1730 2830 1792 tudinem
2891 1731 2989 1793 sui
3050 1742 3308 1796 causato
3366 1735 3667 1810 influere,
3718 1735 4201 1818 perfectusmffl

929 1853 1096 1896 mam
1131 1833 1299 1895 sicut
1327 1840 1515 1915 turpe
1546 1833 1788 1896 bonum
1819 1840 1882 1896 et
1910 1832 2150 1895 femina
2184 1851 2429 1894 mascu-
2464 1825 2512 1887 B
2544 1829 2741 1891 factor
2771 1829 3119 1910 perfectam
3158 1833 3379 1915 utique
3418 1834 3889 1897 similitudinem
3916 1834 4004 1896 sui

927 1931 1232 1994 lum.N0n
1264 1938 1360 1993 est
1387 1939 1601 1994 autem
1637 1932 1900 1994 materia
1928 1932 2429 2004 enS‚secundum

926 2047 1034 2092 eos
1078 2047 1091 2091 ε
1135 2037 1231 2092 θεῖ
1273 2030 1448 2091 enim
1496 2029 1779 2111 potentia
1822 2049 1997 2110 pura.
2041 2029 2199 2091 Nam
2243 2047 2430 2092 omne

925 2146 1064 2190 esse
1103 2135 1198 2188 est
1234 2147 1272 2190 a
1310 2128 1553 2190 forma:
1590 2129 1856 2189 materia
1893 2145 2045 2189 vero
2088 2135 2299 2190 creata
2336 2136 2432 2190 est

927 2225 992 2286 in
1025 2224 1247 2287 umbra
1277 2223 1520 2298 formae,
1540 2231 1605 2286 et
1635 2243 1832 2319 prope
1864 2225 2049 2299 nihil,
2073 2226 2429 2287 secundum

925 2323 1371 2403 Augustinum.
1397 2323 1580 2385 Nunc
1611 2341 1760 2404 ergo
1793 2323 2153 2397 innotescit,
2178 2332 2431 2386 causata

927 2422 1134 2484 causis
1177 2440 1318 2484 esse
1359 2421 1596 2483 similia
1645 2439 1658 2483 :
1708 2422 1893 2503 cujus
1935 2422 2126 2483 etiam
2174 2423 2428 2503 signum

925 2528 1042 2594 est,
1090 2520 1258 2601 quod
1303 2520 1676 2583 naturaliter
1722 2540 1922 2582 unum
1973 2520 2183 2601 diligit
2228 2521 2424 2582 aliud.

1007 2618 1263 2680 Constat
1309 2635 1554 2692 rursus,
1605 2619 1816 2699 primo
1865 2626 2120 2680 causata
2168 2627 2233 2681 et
2282 2638 2428 2681 cau-

923 2717 1012 2779 sis
1061 2716 1541 2799 propinquiora,
1588 2717 1782 2779 etiam
1827 2715 1954 2778 illis
2001 2716 2430 2780 conformiora

923 2815 1108 2879 fore:
1146 2816 1266 2879 hoc
1316 2834 1595 2897 namque
1645 2816 1801 2878 ordo
1849 2834 2062 2877 rerum
2123 2815 2420 2897 postulat.

922 2915 1232 2989 Quoniam
1291 2913 1485 2994 igitur
1541 2914 1748 2996 prima
1807 2932 1996 2975 causa
2052 2921 2148 2976 est
2206 2913 2423 2977 lumen

2540 1925 2866 2007 impressit
2895 1947 3149 1992 summo
3178 1947 3289 1992 suo
3318 1929 3608 1993 effectui.
3626 1931 3775 1994 Hinc
3800 1932 4005 1994 etenim

2539 2023 2663 2084 dici
2704 2024 2887 2099 solet,
2922 2027 3091 2106 quod
3138 2045 3327 2090 omne
3372 2038 3658 2092 creatum
3700 2039 3791 2092 est
3816 2030 4005 2092 radius

2540 2121 2799 2202 quidam
2831 2123 3055 2204 primae
3086 2125 3261 2188 lucis.
3295 2126 3451 2188 Nam
3496 2134 3563 2189 et
3599 2127 3855 2190 effectus
3890 2146 4007 2190 om—

2538 2221 2637 2281 nis
2669 2227 2765 2282 est
2796 2221 3171 2304 participata
3200 2224 3491 2306 quaedam
3526 2225 3867 2288 similitudo
3894 2245 4006 2288 suae

2538 2336 2762 2381 causae.

2618 2416 2708 2478 Ex
2756 2417 2855 2479 his
2915 2419 3109 2499 igitur
3166 2421 3521 2484 rationibus
3580 2430 3645 2485 et
3700 2422 4007 2506 principiis

2534 2515 2883 2591 Avicenna,
2918 2517 3272 2582 Platonicos
3311 2528 3596 2594 secutus,
3628 2521 3715 2585 ait
3752 2522 4007 2604 primum

2537 2614 2935 2678 intellectum
2966 2634 3003 2677 a
3041 2616 3260 2680 divino
3301 2619 3633 2682 intellectu
3674 2620 4008 2682 immediate

2534 2719 2962 2787 emanantem,
2982 2714 3411 2796 splendorem,
3446 2718 3720 2792 radium,
3752 2717 4008 2781 rivulum

2536 2818 2598 2872 et
2628 2810 2973 2891 imaginem
3005 2831 3144 2876 esse
3175 2815 3409 2879 divinae
3444 2817 3699 2879 mentis.
3732 2817 4010 2879 Platonici

2534 2927 2767 2990 nempe
2814 2917 2943 2972 tres
2994 2913 3356 2975 statuebant
3402 2915 3646 2997 primas
3700 2923 3764 2979 et
3806 2915 4009 2978 ceteris

924 3030 1160 3093 purum
1193 3020 1258 3074 et
1294 3012 1950 3094 incircumscriptum,
1984 3011 2236 3074 bonitas
2280 3012 2423 3074 infi-
2462 3002 2505 3066 C
2536 3007 3033 3088 superexaltatas
3080 3017 3359 3085 naturas,
3414 3019 3636 3095 utpote
3664 3031 3698 3076 ἐ
3745 3015 4009 3077 divinum

922 3110 1057 3173 nita
1102 3118 1167 3172 et
1212 3110 1416 3173 virtus
1465 3109 1817 3185 virtutum;
1873 3109 1934 3171 id
1996 3110 2161 3191 quod
2216 3109 2424 3191 primo

922 3207 1002 3270 ab
1034 3208 1151 3270 hac
1182 3225 1370 3270 causa
1400 3208 1708 3290 procedit,
1742 3208 1864 3270 erit
1893 3208 1951 3269 ei
1994 3208 2419 3270 simillimum.

921 3306 1050 3369 Nec
1092 3306 1267 3368 enim
1306 3305 1505 3378 decet,
1539 3313 1612 3366 ut
1655 3305 1825 3367 Plato
1867 3307 1975 3379 ait,
2019 3313 2422 3387 praestantem

923 3412 985 3467 et
1041 3404 1570 3486 superpulchram
1630 3403 2032 3466 divinitatem
2082 3404 2427 3486 optimum-

923 3522 1049 3585 que
1078 3521 1292 3564 rerum
1321 3501 1627 3584 opificem
1660 3502 2012 3583 producere
2045 3502 2419 3585 quidquam,

921 3601 1048 3663 nisi
1096 3600 1439 3682 pulchrum
1489 3606 1553 3662 et
1600 3599 1816 3662 nobile
1871 3619 1882 3661 :
1937 3601 2424 3682 incomparabili

923 3699 1137 3780 itaque
1196 3697 1673 3781 pulchritudine
1732 3705 1796 3760 et
1842 3698 2069 3760 decore
2117 3700 2421 3780 stipatum

922 3805 1019 3859 est
1066 3805 1129 3860 et
1178 3795 1570 3878 perfectione
1629 3796 1951 3867 fulcitum,
2015 3797 2301 3878 primum
2360 3805 2425 3860 et

920 3913 1250 3958 summum
1279 3894 1474 3975 hujus
1505 3913 1712 3958 causae
1741 3901 2092 3968 causatum,
2127 3896 2297 3977 quod
2328 3903 2424 3958 est

921 3993 1360 4073 intelligentia.

999 4092 1260 4173 Oportet
1311 4091 1588 4172 denique
1647 4097 1717 4151 ut
1761 4090 1826 4152 in
1871 4090 2421 4155 intellectualitate

2535 3104 2961 3180 intellectum,
2992 3113 3057 3168 et
3086 3118 3237 3180 νοῦν,
3270 3126 3465 3189 quam
3496 3110 3723 3173 dicunt
3759 3112 4009 3194 primam

2534 3201 3043 3284 intelligentiam,
3090 3212 3155 3265 et
3199 3207 3484 3269 animam
3529 3211 3773 3271 mundi.
3819 3211 4011 3283 Porro,

2532 3301 2835 3382 quoniam
2896 3303 3055 3364 ratio
3122 3303 3533 3369 fecunditatis
3590 3317 3690 3370 est
3744 3308 4011 3387 bonitas;

2533 3400 2699 3461 sicut
2748 3399 2955 3481 prima
3005 3420 3195 3464 causa
3243 3411 3341 3465 est
3386 3403 3529 3467 fons
3573 3405 3891 3483 bonitatis,
3932 3408 4013 3470 sic

2532 3505 2597 3560 et
2622 3498 2833 3560 omnis
2863 3498 3273 3563 fecunditatis
3313 3510 3412 3564 est
3449 3503 3590 3586 ipsa
3626 3501 3881 3569 fontana
3906 3507 4015 3570 ori-

2530 3614 2610 3678 go
2646 3615 2657 3659 :
2705 3598 2846 3661 ideo
2890 3600 3165 3680 primam
3210 3619 3467 3666 causam
3514 3614 3862 3685 posuerunt
3896 3607 4012 3670 Pla·

2481 3690 2728 3759 'toniei
2787 3699 3179 3778 paternalem
3232 3705 3299 3762 et
3344 3701 3635 3765 omnium
3694 3713 4012 3786 paternum

2530 3795 2794 3857 fontem.
2834 3795 2911 3856 Et
2956 3796 3151 3877 igitur
3189 3798 3428 3861 mirum
3474 3819 3599 3863 non
3646 3811 3763 3877 est,
3807 3805 3858 3866 si
3902 3803 4017 3886 pri-

2531 3912 2701 3955 mam
2762 3893 3253 3975 intelligentiam
3314 3897 3597 3962 dixerint
3660 3901 3899 3982 prolem
3959 3909 4016 3964 et

2530 3991 2800 4054 verbum
2846 3999 3125 4072 paternae
3169 3995 3403 4057 mentis
3444 4015 3558 4058 seu
3604 3998 3807 4061 divini
3850 4000 4017 4062 intel-

2531 4089 2733 4151 lectus
2788 4107 2801 4150 :
2853 4091 3069 4152 omnia
3124 4092 3296 4155 enim
3356 4103 3589 4170 creata,
3639 4105 3790 4159 sunt
3836 4097 4015 4160 verba

920 4197 984 4252 et
1030 4189 1440 4270 simplicitate
1489 4197 1554 4250 et
1593 4187 2040 4251 immobilitate
2089 4190 2173 4251 sit
2211 4190 2419 4270 primo
2450 4194 2499 4256 D
2529 4188 2819 4270 quaedam
2862 4188 3065 4251 divini
3110 4201 3475 4273 conceptus.

921 4287 1354 4369 propinquum
1420 4304 1433 4347 τ
1492 4287 1843 4368 praesertim
1906 4306 2106 4368 quum
2164 4289 2241 4350 ad
2298 4288 2419 4350 hoc

921 4386 1004 4447 sit
1047 4384 1217 4466 apud
1257 4384 1576 4448 Platonem
1624 4386 1915 4446 instituta
1958 4386 2181 4447 mundi
2234 4386 2418 4449 moli-

918 4484 1030 4558 tio,
1065 4489 1136 4544 ut
1164 4481 1414 4563 singula
1441 4483 1622 4563 juxta
1662 4484 1761 4545 sui
1803 4484 2218 4565 capacitatem
2258 4485 2418 4546 divi-

919 4603 1016 4646 nae
1050 4581 1460 4643 beatitudinis
1503 4587 1716 4643 essent
1753 4581 2133 4663 susceptiva.
2171 4582 2419 4664 Quippe

917 4699 1119 4764 quum
1163 4679 1244 4742 ob
1276 4679 1394 4742 hoc
1426 4679 1508 4741 sit
1540 4680 1843 4741 mundani
1881 4680 2092 4760 operis
2125 4681 2419 4742 machina

915 4799 952 4842 a
995 4794 1250 4840 summo
1289 4783 1516 4858 agente
1556 4776 1885 4850 fabricata,
1931 4786 2000 4839 ut
2042 4777 2274 4841 divinae
2311 4779 2418 4841 bo—

915 4877 1130 4940 nitatis
1190 4874 1521 4957 plenitudo
1571 4875 1636 4936 in
1686 4875 1941 4938 entibus
1991 4875 2412 4958 resplendeat,

915 4972 1365 5037 intellectualis
1424 4981 1637 5036 autern
1699 4975 2053 5055 proprietas
2101 4973 2415 5036 excellen-

2608 4286 3058 4349 Verumtamen
3089 4288 3530 4354 arbitrandum
3561 4311 3686 4356 non
3716 4303 3836 4368 est,
3858 4295 4013 4377 quod

2529 4384 2700 4447 Plato
2730 4385 2831 4447 vel
2862 4385 3243 4462 Avicebron,
3276 4395 3388 4450 aut
3418 4391 3612 4455 ceteri
3642 4392 3753 4474 qui
3794 4393 4015 4456 talibus

2526 4482 3063 4565 appellationibus
3122 4485 3221 4546 usi
3288 4495 3458 4562 sunt,
3522 4489 3588 4551 in
3650 4490 4015 4572 explicando

2527 4581 2995 4643 emanationem
3044 4582 3237 4663 primi
3284 4585 3669 4662 intellectuS,
3704 4590 3819 4671 qui
3860 4609 3897 4652 a
3934 4590 4018 4651 di-

2527 4679 2678 4742 vino
2720 4679 3049 4741 intellectu
3096 4681 3303 4761 prime
3345 4682 3516 4757 fluit,
3549 4685 3875 4749 voluerint
3912 4707 4017 4750 seu

2528 4777 2845 4839 valuerint
2902 4778 3245 4859 explanare
3302 4783 3903 4863 superbenedictam
3960 4794 4017 4849 et

2527 4875 3121 4956 superineffabilem
3174 4879 3544 4943 Trinitatem
3598 4901 3611 4944 :
3657 4902 4017 4968 quanquam

2527 4980 2787 5055 propter
2817 4975 3337 5038 communionem
3368 4979 3729 5055 nominum,
3762 4985 4015 5064 quidam

911 5073 1162 5135 tissima
1218 5079 1362 5150 est3
1422 5071 1504 5134 ob
1572 5071 1636 5133 id
1694 5072 1901 5134 ordini
1963 5071 2410 5134 universorum
2523 5071 2841 5153 principia
2889 5073 3193 5136 doctrinae
3242 5073 3530 5156 ipsorum
3580 5086 3689 5140 aut
3738 5080 4015 5161 ignoran-

911 5170 1205 5251 congruit
1243 5177 1313 5230 ut
1353 5170 1417 5230 in
1467 5186 1721 5231 summo
1759 5188 1976 5232 rerum
2016 5169 2274 5232 cardine
2318 5171 2409 5232 in·
2520 5177 2638 5244 ῖθε,
2689 5177 2798 5231 aut
2847 5189 2974 5233 non
3024 5171 3175 5232 satis
3234 5174 3654 5250 attendentes,
3706 5180 4013 5243 aestiment

909 5267 1302 5332 tellectuales
1347 5266 1715 5330 substantiae
1759 5276 2094 5349 ponantur.
2130 5268 2305 5330 Unde
2344 5277 2410 5331 et
2523 5287 2939 5350 personarum
2971 5269 3192 5344 trium,
3216 5279 3328 5332 aut
3348 5279 3519 5334 certe
3536 5271 3738 5336 Patris
3768 5284 3837 5340 et
3855 5277 4005 5356 Filii,
