4300 6259
1087 513 1510 562 Btffltma'no
1549 511 1948 560 mmmmm.
1995 530 2075 540 —
2117 511 2195 558 DE
2238 511 2591 559 vlnTtJ'rmus

3269 492 3391 557 219

307 687 414 751 hoc
444 693 534 749 est
561 685 700 750 sine
731 695 946 750 nostra
981 685 1429 768 cooperatione
1467 682 1788 766 dispositi·
1818 683 1868 746 A
1976 682 2155 758 Quod
2184 689 2301 757 est,
2334 685 2638 765 quoniam
2666 683 2881 746 anima
2910 680 3235 746 rationalis
3276 699 3393 764 per

307 805 378 848 va
417 793 480 848 et
517 784 702 848 liberi
747 803 1064 849 consensu
1103 784 1378 858 arbitrii,
1418 783 1644 846 saltem
1693 800 1788 845 se-

306 883 570 946 cundum
613 901 874 946 cursum
924 900 1357 956 communem,
1397 899 1524 945 non
1571 889 1784 943 tamen

305 981 360 1043 ei
386 998 794 1062 cooperamur
825 981 890 1043 in
919 979 1340 1063 productione
1375 977 1630 1042 habitus
1661 977 1786 1040 vir—

306 1079 458 1142 tuosi
500 1078 564 1140 in
606 1077 793 1142 nobis
835 1096 852 1141 ε
895 1079 1028 1142 imo
1077 1078 1215 1160 ipse
1263 1078 1436 1140 solus
1485 1075 1785 1140 effective

307 1185 507 1240 causat
541 1176 608 1238 in
645 1177 832 1240 nobis
879 1178 1184 1240 virtutem
1231 1175 1784 1258 supernaturalem

307 1275 589 1338 infusam.
613 1275 860 1356 Aliquae
888 1291 1042 1338 vero
1069 1272 1530 1356 descriptiones
1561 1273 1784 1335 virtuti

305 1372 612 1454 acquisitae
661 1381 726 1436 et
771 1373 1002 1436 infusae
1048 1372 1460 1444 conveniunt,
1511 1379 1583 1432 ut
1629 1371 1782 1433 dum

304 1472 498 1534 denuo
528 1470 810 1552 loquitur
838 1471 1228 1551 Augustinus
1262 1487 1276 1532 :
1309 1470 1523 1532 Virtus
1553 1475 1650 1531 est
1677 1469 1786 1531 ha-

305 1569 462 1631 bitus
493 1569 722 1632 mentis
763 1567 928 1632 bene
971 1569 1318 1646 institutae3
1349 1575 1414 1630 et
1445 1567 1619 1640 item,
1653 1567 1785 1628 Vir-

305 1675 396 1728 tus
439 1675 533 1728 est
581 1666 738 1730 ordo
781 1667 1038 1729 amoris.
1081 1665 1390 1728 Similiter
1437 1664 1783 1747 descriptio

305 1765 650 1846 Philosophi
685 1765 1116 1847 protestantis,
1148 1763 1363 1826 Virtus
1391 1770 1489 1826 est
1517 1763 1784 1845 disposi-

1897 781 2065 845 vires
2095 799 2242 844 suas
2272 781 2656 863 superiores,
2690 781 2757 844 in
2786 779 3023 862 quibus
3053 778 3393 862 superbea-

1897 879 2163 943 tissimae
2212 879 2536 942 Trinitatis
2582 879 2876 942 consistit
2922 879 3154 960 image,
3205 877 3397 941 habet

1899 977 2339 1040 immediatum
2384 985 2771 1060 respectum,
2816 975 3283 1040 ordinationem
3324 993 3399 1038 ac

1898 1075 2277 1138 reditionem
2331 1075 2411 1138 ad
2466 1077 2670 1139 Deum
2728 1075 3135 1149 altissimum,
3186 1094 3224 1137 a
3272 1091 3400 1156 quo

1895 1173 2032 1236 solo
2091 1173 2459 1236 immediate
2508 1173 2817 1257 profluxit
2864 1181 2928 1236 et
2978 1172 3231 1235 condita
3278 1179 3396 1245 est,

1897 1271 2082 1352 cujus
2115 1271 2459 1352 imaginem
2502 1279 2569 1336 et
2604 1271 3095 1334 similitudinem
3134 1269 3258 1332 sibi
3298 1287 3400 1350 ge-

1895 1369 1979 1430 rit
2023 1368 2421 1452 impressam.
2467 1370 2624 1433 Hinc
2670 1371 2737 1432 in
2780 1369 2915 1432 solo
2960 1369 3399 1451 omnipotente

1895 1475 1960 1530 et
1989 1486 2140 1531 vero
2170 1469 2299 1532 Deo
2328 1469 2622 1531 consistit
2651 1487 2801 1531 vera
2837 1475 2901 1531 et
2941 1467 3129 1550 plena
3166 1467 3397 1530 animae

1895 1566 2243 1642 beatitud0,
2293 1575 2484 1650 atque
2532 1567 2611 1630 ad
2660 1567 2872 1648 ipsum
2932 1573 3029 1629 est
3073 1565 3397 1628 reversiva

1894 1665 2207 1727 reditione
2236 1664 2549 1748 completa
2576 1683 2692 1747 per
2720 1665 3003 1728 actiones
3035 1663 3393 1726 intellectus

1894 1770 1957 1824 et
1993 1763 2315 1827 memoriae
2355 1763 2765 1826 intellectivae
2794 1781 2869 1825 ac
2900 1761 3267 1826 voluntatis.
3301 1762 3393 1825 Ad

305 1861 384 1924 tio
421 1861 686 1943 perfecti
725 1861 805 1924 ad
847 1861 1168 1944 optimum
1215 1878 1230 1922 τ
1278 1861 1342 1922 in
1387 1879 1512 1942 qua
1551 1859 1784 1922 descri—
1819 1861 1864 1923 B
1893 1879 2052 1942 quas
2089 1861 2373 1923 actiones
2421 1869 2715 1944 prompte
2758 1861 3143 1923 exercendas
3188 1857 3395 1920 tribus

303 1960 504 2040 ptione
540 1959 879 2042 dispositio
920 1965 1180 2022 extense
1223 1958 1560 2041 accipitur,
1594 1965 1784 2039 prout

305 2057 576 2120 habitum
605 2075 862 2139 quoque
893 2057 1185 2119 includit.
1207 2056 1454 2119 Dicitur
1482 2073 1634 2137 ergo
1663 2055 1784 2118 vir-

305 2163 394 2216 tus
433 2156 766 2237 dispositio
807 2154 1101 2237 perfecti,
1149 2154 1212 2216 id
1255 2162 1353 2218 est
1389 2153 1784 2236 qualificatio

305 2254 584 2334 potentiae
631 2272 748 2335 per
783 2253 1087 2316 virtutem
1137 2252 1458 2335 perfectae,
1501 2253 1580 2314 ad
1623 2250 1783 2332 opti-

307 2371 490 2425 mum,
524 2351 590 2413 id
631 2359 728 2414 est
769 2353 1074 2416 ordinatae
1112 2352 1192 2415 ad
1235 2359 1448 2414 actum
1489 2369 1678 2413 suum
1719 2357 1784 2413 et

305 2449 678 2513 felicitatem.
733 2449 1038 2514 Definitio
1085 2457 1300 2514 autem
1350 2469 1476 2531 qua
1521 2449 1778 2522 dicitur,

305 2548 498 2610 Virtus
535 2556 634 2611 est
671 2548 928 2611 habitus
969 2549 1278 2612 electivus
1329 2549 1393 2611 in
1445 2548 1782 2610 medietate

304 2645 662 2720 consistenS,
695 2646 903 2728 quoad
949 2663 1064 2710 nos
1107 2646 1568 2708 determinatus
1612 2653 1784 2708 recta

303 2743 549 2818 ratione,
601 2752 792 2827 prout
849 2743 1104 2826 sapiens
1162 2742 1654 2822 determinabit3
1703 2745 1782 2807 de

301 2841 516 2903 virtute
581 2841 808 2904 morali
861 2841 1134 2903 naturali
1193 2842 1336 2903 data
1385 2841 1658 2914 videtur,
1717 2840 1780 2904 in

303 2957 416 3020 qua
441 2938 600 3002 ratio
627 2938 849 3002 statuit
879 2939 1186 3000 medium.
1209 2938 1779 3012 Quemadmodum,

1893 1966 2035 2039 eget
2065 1958 2567 2041 virtutibu8,per
2594 1977 2751 2041 quas
2780 1959 2858 2021 ad
2892 1958 3105 2040 ipsum
3137 1974 3397 2020 conver-

1891 2063 2081 2129 tatur,
2119 2064 2273 2139 puta
2310 2055 2465 2131 fide,
2501 2076 2637 2138 spe,
2674 2057 2953 2119 caritate.

1973 2155 2239 2237 Nempe,
2272 2173 2473 2237 quum
2514 2155 2681 2218 Deus
2724 2156 2807 2218 sit
2851 2172 3111 2237 prorsus
3160 2154 3397 2216 incom-

1893 2251 2369 2335 prehensibiliS,
2388 2261 2452 2316 et
2477 2270 2735 2316 omnem
2766 2261 3119 2316 creaturam
3143 2250 3397 2313 infinita

1891 2351 2271 2414 excellentia
2298 2351 2565 2414 omnino
2591 2351 3071 2424 transcendenS,
3108 2350 3194 2412 ita
3224 2348 3393 2430 quod

1893 2449 2070 2512 nulla
2100 2467 2281 2512 mens
2310 2457 2516 2512 creata
2536 2451 2614 2512 ad
2634 2449 2775 2530 ejus
2805 2449 3073 2522 clarum,
3097 2447 3387 2510 facialem

1893 2554 1956 2610 et
1997 2546 2439 2610 immediatum
2494 2547 2795 2609 intuitum
2842 2545 3117 2609 naturali
3155 2545 3391 2608 virtute

1892 2663 1966 2706 ac
2023 2663 2136 2726 per
2193 2645 2327 2708 sola
2372 2645 2686 2707 naturalia
2733 2644 2941 2707 valeat
2987 2645 3387 2726 pertingere3

1893 2743 2032 2824 ipse
2069 2751 2283 2806 tamen
2332 2744 2809 2825 superoptimus
2866 2749 2930 2805 et
2958 2740 3391 2823 superdulcis-

1892 2839 2094 2902 simus
2141 2840 2309 2902 Deus
2357 2858 2539 2903 suam
2589 2841 2969 2904 immensam
3016 2838 3386 2902 felicitatem

1893 2946 1955 3001 et
1984 2938 2253 3020 gloriam
2279 2939 2819 3002 intellectualibus
2840 2938 3148 3001 creaturis
3169 2955 3389 3019 super-

303 3036 464 3098 verbi
491 3037 716 3118 gratia,
747 3036 1136 3100 abstinentia
1165 3045 1236 3098 ut
1265 3045 1361 3100 est
1405 3037 1610 3099 virtus
1650 3054 1780 3100 mo·
1813 3041 1858 3105 C
1893 3036 2267 3099 naturaliter
2312 3045 2376 3099 et
2424 3037 2865 3119 copiosissime
2914 3035 3389 3100 communicare

303 3134 438 3197 ralis
463 3135 800 3217 acquisita,
833 3135 1127 3198 consistit
1156 3134 1222 3196 in
1253 3135 1396 3208 hoc,
1433 3141 1503 3196 ut
1532 3142 1778 3198 tantum

303 3232 372 3294 de
414 3233 734 3296 alimentis
780 3240 1091 3308 sumatur,
1142 3241 1454 3316 quantum
1513 3233 1785 3315 requirit

303 3337 510 3393 natura
534 3331 614 3394 ad
645 3331 1018 3414 expeditum
1057 3331 1436 3394 exercitium
1477 3331 1780 3412 rationis3

301 3428 668 3492 abstinentia
687 3447 840 3492 vero
861 3428 1074 3492 infusa
1093 3429 1483 3510 superaddit,
1499 3436 1568 3492 ut
1587 3430 1780 3493 etiam

303 3525 524 3608 aliquid
565 3527 980 3590 subtrahatur
1017 3534 1258 3590 naturae
1297 3545 1416 3609 pro
1455 3529 1664 3590 carnis
1694 3529 1783 3591 af·

303 3622 572 3688 flictione
611 3632 676 3688 et
709 3624 1372 3707 concupiscentiarum
1397 3625 1777 3700 domatione,

305 3721 362 3781 in
399 3721 1026 3802 satisfactionemque
1069 3721 1294 3803 culpae.
1343 3724 1634 3804 Insuper,
1685 3743 1780 3786 se-

303 3820 565 3884 cundum
589 3819 1118 3892 Tullium,virtus
1149 3827 1244 3882 est
1273 3819 1530 3882 habitus
1549 3818 1780 3881 rationi

303 3925 772 3991 consentaneus,
811 3918 876 3980 in
909 3917 1172 3980 modum
1202 3924 1444 3980 naturae
1485 3934 1776 3998 operans,

371 4016 684 4079 Dividitur
749 4017 1010 4078 demum
1080 4016 1283 4078 virtus
1352 4015 1416 4077 in
1476 4015 1778 4078 virtutem

303 4112 728 4195 theologicam,
748 4113 1078 4186 moralem,
1097 4112 1620 4188 intellectualem,
1645 4131 1778 4176 car-

1892 3135 2136 3209 volens,
2170 3135 2248 3197 ad
2290 3134 2712 3198 obtinendum
2756 3135 2856 3198 sui
2899 3135 3103 3217 ipsius
3152 3133 3387 3196 claram

1891 3232 2207 3296 visionem
2240 3251 2355 3315 per
2384 3233 2687 3315 speciem,
2720 3233 2841 3297 hoc
2870 3240 2968 3295 est
2996 3232 3075 3295 ad
3106 3239 3387 3296 contem-

1891 3329 2201 3412 plandum
2243 3331 2613 3395 immediate
2651 3339 2716 3394 et
2752 3331 2923 3394 clare
2962 3349 3143 3393 suam
3184 3331 3385 3394 incre-

1891 3435 2058 3490 atam
2099 3430 2441 3492 essentiam
2482 3429 2969 3493 deliciosissime
3009 3428 3075 3491 in
3114 3447 3182 3491 se
3223 3429 3383 3510 ipsa,

1893 3526 2171 3589 instituit
2211 3535 2275 3590 et
2318 3529 2559 3591 creavit
2598 3527 2971 3590 rationalem
3002 3534 3379 3590 creaturam.

1891 3624 2227 3707 Quumque
2278 3624 2602 3688 beatitudo
2642 3624 2751 3687 illa
2786 3625 3287 3706 supernaturalis
3324 3632 3389 3686 et

1891 3721 2032 3802 ejus
2063 3723 2389 3804 objectum
2422 3723 2541 3786 sub
2572 3723 2816 3786 ratione
2846 3722 3145 3803 objectali
3192 3721 3386 3784 beati-

1890 3821 2134 3883 tudinis
2184 3829 2395 3894 tantae‚
2446 3839 2519 3884 ac
2558 3840 2634 3883 ea
2674 3840 2817 3903 quae
2856 3821 3042 3882 nobis
3083 3820 3391 3882 revelavit

1891 3920 1970 3982 de
2021 3919 2161 4002 ipso
2209 3920 2483 4001 objecto,
2526 3921 2655 3982 Deo
2703 3937 2831 3982 uno
2873 3938 2945 3981 ac
2982 3919 3173 3992 trino,
3207 3926 3387 3980 natu-

1891 4018 2088 4080 ralem
2131 4019 2439 4080 rationem
2484 4017 2811 4090 excedant,
2846 4035 2963 4079 nec
3004 4016 3250 4078 lumine
3281 4035 3387 4079 na-

1889 4116 2078 4180 turali
2130 4116 2384 4179 valeant
2432 4117 2731 4190 inveniri,
2784 4114 3144 4178 necessaria
3200 4115 3385 4178 nobis

300 4211 588 4292 dinalem3
609 4214 895 4294 itemque
926 4212 990 4274 in
1019 4211 1321 4275 virtutem
1355 4211 1610 4274 civilem
1641 4212 1776 4276 sive
1808 4218 1858 4281 D
1889 4222 1984 4278 est
2013 4213 2177 4276 fides
2207 4214 2284 4276 ad
2316 4233 2391 4276 ea
2420 4213 2775 4292 credenda3
2807 4232 2953 4296 spes
2993 4230 3273 4295 quoque,
3304 4214 3380 4275 ad

299 4308 632 4388 politicam,
655 4310 722 4373 in
751 4310 1054 4372 virtutem
1086 4309 1539 4393 purgatoriam,
1561 4317 1627 4372 et
1655 4310 1778 4372 vir·

297 4412 478 4470 tutem
521 4408 776 4492 purgati
819 4408 1041 4482 animi,
1087 4425 1162 4470 ac
1203 4408 1660 4490 exemplarem,
1706 4416 1775 4470 ut

297 4504 444 4570 infra
485 4517 802 4591 tangetur.

570 4716 1096 4783 PROPOSITIO
1142 4715 1466 4782 CXLVII.

363 4901 544 4968 Tres
581 4904 776 4969 sunt
815 4901 1164 4967 virtutes
1191 4899 1661 4979 theologicae
1691 4902 1774 4967 et

293 4998 570 5067 divlnae
621 5019 639 5066 :
693 4999 916 5080 fides,
965 5013 1168 5080 spes,
1231 5000 1578 5079 caritas3
1631 5014 1775 5079 per

293 5113 470 5177 quas
506 5101 776 5166 amma
817 5097 1240 5164 rattonalis
1279 5097 1442 5163 Deo
1471 5098 1558 5164 111
1598 5099 1772 5165 vita

295 5194 428 5261 hac
491 5198 1018 5278 desponsatur
1075 5197 1314 5277 atque
1375 5197 1772 5278 praecipue

297 5293 840 5364 conformatur.

1887 4331 1961 4376 ea
1990 4311 2442 4393 adipiscenda3
2474 4319 2537 4374 et
2568 4311 2818 4386 caritas,
2852 4312 2928 4374 ad
2959 4330 3035 4375 ea
3058 4313 3193 4392 jnm
3225 4311 3384 4375 desi-

1884 4412 2163 4474 deranda
2193 4417 2384 4492 atque
2415 4410 2494 4472 ad
2525 4410 2941 4473 laborandum
2974 4419 3231 4474 strenue
3265 4428 3380 4493 pro

1881 4509 2487 4590 eisdem—sicque
2518 4509 2744 4571 harum
2776 4508 2971 4571 trium
3002 4509 3380 4590 theologica-

1883 4626 2027 4669 rum
2059 4607 2369 4669 virtutum
2401 4614 2497 4669 est
2526 4607 2851 4688 objectum
2882 4625 3085 4669 unum
3114 4613 3180 4668 et
3210 4608 3377 4670 idem

1883 4705 2319 4778 materialiter,
2364 4706 2739 4768 distinctum
2788 4705 3160 4769 formaliter.
3213 4705 3379 4766 Deus

1881 4821 2161 4886 namque
2191 4803 2257 4865 in
2290 4811 2599 4885 quantum
2632 4804 2863 4866 veritas
2904 4804 3111 4886 prima
3153 4802 3380 4865 obscu-

1879 4921 1948 4964 re
1979 4921 2093 4984 per
2122 4901 2447 4982 speculum
2478 4901 2736 4982 cognita,
2754 4918 2876 4963 non
2906 4901 3234 4963 evidenter
3264 4918 3381 4962 nec

1881 4999 2522 5072 demonstrative,sed
2556 4999 2765 5080 potius
2797 5018 2911 5080 per
2939 4999 3377 5062 auctoritatem

1882 5105 1946 5160 et
1982 5098 2163 5179 signa
2212 5116 2325 5159 seu
2376 5097 2851 5170 revelationem,
2905 5096 3231 5177 objectum
3282 5104 3379 5160 est

1883 5196 2056 5258 fidei.
2105 5197 2415 5277 Itemque,
2449 5197 2615 5258 Deus
2660 5197 2725 5258 in
2772 5203 3081 5278 quantum
3126 5213 3378 5258 summa

1883 5303 1947 5357 et
1990 5293 2323 5375 objectalis
2365 5295 2713 5371 beatitudo,
2758 5295 3047 5358 nondum
3094 5292 3373 5370 obtenta,
