4300 6259
98 4042 301 4083 propos-
316 4041 425 4070 ²2*-

1164 507 1583 553 sumturum
1626 503 2087 552 muosot'ch.
2132 524 2214 534 —-
2255 506 2334 551 DE
2376 506 2851 554 INTELLIGENTHS
3473 490 3554 554 83

454 673 727 739 formam
772 675 1257 740 substantialem
1302 675 1491 750 uniri,
1537 683 1601 738 et
1650 694 1764 758 per
1812 676 1953 756 ejus
1986 675 2033 738 Α
2064 693 2322 757 quoque
2393 675 2834 756 inorganicum
2908 681 3389 757 recognoscunt,
3449 674 3555 738 de-

452 773 887 840 ministerium
922 793 1037 858 per
1074 775 1411 838 sensitivas
1453 775 1767 857 potentias
1812 792 1952 856 spe-

452 871 585 934 cies
632 891 849 936 rerum
898 873 1177 946 haurire,
1224 873 1531 955 recipere,
1578 891 1651 936 ac
1699 892 1811 954 per
1854 873 1952 934 in-

450 971 783 1036 tellectum
820 981 1111 1054 agentem
1155 970 1521 1034 abstrahere
1566 989 1641 1034 ac
1688 971 1956 1052 depura-

453 1086 545 1140 re,
578 1069 799 1150 sicque
830 1070 895 1131 in
927 1067 1257 1131 intellectu
1290 1068 1581 1150 possibili
1612 1069 1952 1150 depuratas

456 1185 765 1247 reponere
818 1187 893 1232 ac
940 1186 1212 1231 servare.
1257 1168 1469 1240 Porro,
1510 1167 1663 1230 dum
1706 1166 1951 1230 intelle·

454 1272 597 1328 ctus
654 1266 883 1331 animae
940 1266 1135 1330 fuerit
1200 1266 1599 1329 naturalibus
1666 1265 1952 1328 scientiis

455 1363 811 1438 decoratus,
852 1365 1119 1447 ipsaque
1160 1364 1377 1426 anima
1416 1363 1765 1426 virtutibus
1808 1381 1953 1444 pur·

452 1461 583 1542 gati
624 1462 821 1524 animi
854 1461 1111 1525 heroice
1140 1470 1496 1546 perornata,
1528 1460 1948 1533 sanctificata,

452 1560 797 1623 exercitata
832 1578 905 1623 ac
944 1560 1209 1634 elevata,
1240 1560 1375 1641 jam
1417 1559 1749 1643 aptissima
1790 1557 1953 1620 facta

450 1665 551 1720 est
590 1658 817 1722 lumini
858 1659 1297 1740 intelligentiae
1342 1675 1489 1721 mox
1536 1677 1693 1740 pure
1730 1665 1795 1720 et
1836 1657 1951 1718 im-

452 1756 730 1820 mediate
778 1757 971 1830 uniri,
1022 1757 1299 1840 desuper
1347 1755 1673 1830 illustrari,
1724 1754 1954 1818 deifor-

454 1855 648 1917 miter
703 1854 1059 1936 intelligere
1116 1873 1191 1918 ac
1240 1854 1681 1937 contemplari,
1732 1853 1951 1935 sicque
1985 1852 2033 1916 B

454 1952 523 2014 in
566 1959 813 2015 tantum
856 1953 998 2016 luce
1047 1952 1485 2034 intelligentiae
1528 1951 1651 2015 sibi
1698 1951 1953 2034 propin-

454 2049 699 2132 quioris
731 2050 1051 2132 perfundi,
1084 2058 1148 2114 et
1188 2051 1573 2114 intentiones
1608 2056 1801 2131 atque
1842 2049 1955 2110 im-

455 2148 817 2229 pressiones
870 2147 951 2209 ab
996 2166 1071 2210 ea
1123 2157 1251 2210 tam
1298 2147 1555 2229 copiose
1598 2165 1671 2209 ac
1712 2147 1955 2210 radiose

454 2247 803 2328 suscipere,
838 2254 905 2308 ut
934 2265 1049 2328 per
1076 2265 1185 2308 eas
1226 2246 1709 2328 intelligentiam
1746 2246 1951 2327 ipsam

454 2345 625 2406 clare
677 2345 1027 2426 conspiciat
1070 2344 1279 2426 quoad
1330 2345 1749 2427 quidditatem
1802 2344 1955 2426 ipsi-

456 2459 570 2503 us:
605 2442 722 2504 hoc
752 2460 986 2524 nempe
1014 2444 1171 2506 ordo
1200 2461 1446 2516 earum,
1480 2441 1953 2524 comproportio

454 2547 518 2602 et
554 2539 938 2603 cohabitudo
980 2541 1280 2603 videntur
1312 2541 1589 2622 exigere.
1624 2541 1949 2612 Praeterea,

456 2655 639 2700 mens
690 2637 968 2700 humana
1016 2658 1285 2702 summai
1333 2647 1397 2701 et
1448 2639 1741 2700 increatae
1792 2638 1953 2699 lucis

454 2735 667 2816 imago
696 2743 793 2798 est
818 2743 1009 2818 atque
1039 2736 1465 2817 signaculum,
1488 2755 1565 2798 ex
1595 2754 1710 2798 sua
1740 2735 1953 2817 specie

454 2852 650 2916 super
713 2842 969 2916 tempus
1026 2842 1091 2896 et
1146 2834 1524 2897 continuum
1586 2831 1950 2905 sublimata,

454 2932 949 3015 divinarumque
996 2932 1491 2995 illustrationum
1532 2939 1709 2994 tanto
1752 2929 1955 2993 excel-

2064 772 2292 837 berent
2351 774 2500 836 huic
2553 774 2998 857 obtemperare
3055 773 3404 837 doctrinae?
3443 772 3558 835 Ve-

2065 879 2424 935 rumtamen
2460 872 2706 954 praefati
2749 872 3115 954 philosophi
3147 871 3212 933 in
3245 871 3434 933 modo
3465 870 3559 932 in—

2063 970 2392 1051 telligendi
2444 969 2864 1033 substantiam
2923 978 3276 1052 separatam
3327 970 3392 1031 in
3438 969 3557 1032 hac

2064 1069 2217 1142 vita,
2271 1076 2453 1130 erant
2505 1069 3008 1147 dissentientes3
3067 1086 3184 1130 nec
3241 1085 3383 1130 reor
3425 1084 3558 1130 mo-

2063 1166 2218 1228 dum
2279 1166 2463 1228 illum
2525 1165 2830 1229 sufficere
2877 1185 3068 1248 quem
3132 1165 3394 1248 quidam
3453 1181 3558 1228 eo-

2065 1282 2210 1326 rum
2251 1263 2756 1344 assignaverunt,
2789 1271 2978 1346 prout
3005 1263 3126 1326 boc
3155 1262 3310 1326 alibi
3339 1271 3438 1325 est
3464 1279 3560 1326 os·
3612 1277 3851 1336 cmm.

2062 1370 2338 1425 tensum.
3585 1357 3630 1450 ξ·
3655 1343 3779 1388 ²⁶⁹⁸
3805 1347 3852 1390 ⁰¹·

2142 1460 2232 1523 De
2274 1458 2392 1522 hac
2436 1477 2504 1521 re
2548 1457 2845 1522 Albertus
2895 1459 2960 1522 in
3003 1467 3272 1522 tractatu
3315 1476 3432 1522 suo
3479 1459 3558 1523 de

2060 1559 2396 1622 Intellectu
2453 1565 2517 1620 et
2575 1558 2964 1641 intelligibili
3032 1558 3356 1623 subtiliter
3419 1558 3560 1642 phi-

2064 1656 2432 1740 losophatus
2474 1656 2746 1719 videtur.

2371 1865 2892 1932 PROPOSITIO
2939 1866 3242 1932 LXXVI.

2161 2049 2593 2116 Beatitudo
2709 2053 2876 2116 tam
2997 2049 3559 2130 intellig-entiae

2063 2163 2300 2229 quam
2344 2149 2627 2215 antmae
2671 2147 3217 2234 intellectum,
3249 2150 3336 2215 in
3375 2151 3560 2216 actu

2063 2245 2527 2312 intellectus
2569 2248 2653 2312 et
2694 2247 3363 2327 contemplatione
3409 2250 3562 2329 prt-

2064 2358 2214 2410 mae
2257 2358 2512 2412 causae
2555 2344 2944 2412 consistit.

2145 2442 2319 2515 Quod
2351 2449 2469 2514 est,
2503 2443 2802 2523 quoniam
2839 2441 3165 2506 beatitudo
3195 2450 3292 2505 est
3319 2443 3562 2525 optima

2063 2540 2230 2602 actio
2259 2539 2676 2602 nobilissimae
2707 2541 3004 2622 potentiae
3035 2559 3104 2603 ac
3138 2541 3414 2615 virtutiS,
3447 2541 3563 2604 cir-

2065 2656 2137 2700 ca
2197 2637 2790 2719 praestantissimum
2851 2657 3111 2701 versans
3165 2637 3490 2719 objectum
3543 2656 3557 2700 :

2066 2735 2456 2798 intellectiva
2485 2745 2699 2798 autem
2732 2737 3014 2818 potentia
3053 2736 3284 2800 ceteris
3315 2736 3560 2798 viribus

2064 2839 2269 2896 exstat
2327 2832 2710 2914 praeclarior,
2766 2833 2904 2895 sine
2964 2834 3150 2914 cujus
3209 2834 3561 2897 directione

2062 2940 2254 3013 atque
2288 2931 2596 3011 regimine
2635 2930 2929 2994 voluntas
2967 2949 3224 3013 quoque
3261 2939 3358 2994 est
3398 2949 3564 2994 caeca

457 3031 693 3093 lentius
757 3031 1143 3112 susceptiva,
1204 3037 1442 3111 quanto
1505 3047 1620 3111 per
1684 3029 1953 3090 virtutes
1984 3025 2029 3090 C
2062 3048 2136 3091 ac
2183 3029 2604 3112 tyrannizans,
2653 3029 2962 3111 Denique,
3013 3029 3094 3092 ab
3146 3029 3561 3093 intellectuali

455 3135 929 3190 consummatas
977 3147 1050 3190 ac
1096 3145 1430 3209 supremos
1474 3125 1729 3189 habitus
1774 3125 1955 3187 intel-

458 3226 761 3288 lectuales
830 3224 1205 3288 deiformior
1271 3225 1466 3287 fuerit
1529 3222 1717 3285 facta.
1786 3222 1954 3285 Talis

454 3342 609 3405 ergo
654 3323 909 3396 effecta,
959 3331 1263 3404 tanquam
1311 3322 1650 3385 secretaria
1698 3329 1762 3384 et
1808 3339 1953 3384 con-

454 3422 696 3484 siliaria
733 3421 1079 3502 spirituum
1119 3437 1568 3502 supernorum,
1599 3419 1680 3483 ab
1710 3420 1951 3482 eisdem

453 3527 553 3584 est
608 3519 894 3583 ordinate
948 3519 1263 3600 valdeque
1320 3519 1575 3601 copiose
1633 3518 1953 3581 illumina-

452 3617 629 3691 bilis,
659 3637 733 3680 ac
778 3617 1067 3700 proxime
1110 3616 1350 3679 eisdem
1398 3615 1681 3678 unibilis.

534 3717 823 3798 Insuper,
844 3715 1239 3798 praecipuum
1272 3714 1603 3776 contrariae
1632 3713 1953 3795 opinionis

456 3814 769 3878 motivum
832 3820 947 3885 est,
1008 3812 1181 3897 quod
1238 3813 1452 3876 anima
1516 3813 1581 3874 in
1640 3812 1757 3875 hac
1824 3811 1953 3874 vita

454 3931 583 3976 non
646 3912 845 3995 possit
902 3912 1041 3974 sine
1100 3911 1615 3994 phantasmatum
1672 3910 1957 3992 specula-

452 4011 631 4074 tione
682 4009 1037 4091 intelligere
1089 4027 1103 4070 ε
1154 4009 1321 4091 quod
1380 4007 1810 4090 improbatum
1860 4016 1957 4070 est

455 4128 669 4192 supra.
704 4109 865 4170 Hinc
896 4107 1201 4190 praecipui
1232 4106 1656 4188 Peripatetici,
1687 4107 1955 4169 Avicen·

2062 3135 2174 3190 aut
2226 3126 2516 3190 rationali
2575 3127 2970 3210 perfectione
3021 3135 3150 3190 tam
3205 3128 3562 3209 intelligen-

2064 3227 2151 3288 tia
2181 3245 2371 3308 quam
2403 3225 2616 3288 anima
2653 3226 2935 3288 humana
2971 3227 3251 3309 speciem
3293 3227 3564 3308 suscipit

2063 3344 2135 3387 ac
2178 3325 2486 3402 sortitur3
2539 3331 2916 3406 certumque
2971 3332 3067 3387 est
3123 3342 3374 3388 omnem
3425 3343 3561 3388 rem

2066 3423 2129 3484 in
2185 3421 2346 3484 coelo
2399 3429 2462 3484 et
2521 3421 2584 3484 in
2648 3430 2814 3484 terra
2871 3423 3152 3504 speciem
3212 3423 3421 3485 sortiri
3479 3422 3561 3485 ab

2064 3519 2470 3583 eminentiori
2528 3527 2593 3581 et
2649 3519 2941 3582 ultimata
2997 3539 3110 3582 sua
3168 3521 3560 3602 perfectione

2066 3617 2390 3682 essentiali
2445 3617 2808 3681 intrinseca.
2867 3619 3038 3692 Quod
3095 3626 3298 3681 totum
3365 3638 3560 3701 super

2064 3725 2360 3798 quartum
2421 3715 2890 3778 Sententiarum
2957 3723 3020 3778 et
3080 3716 3236 3778 alibi
3303 3717 3558 3800 copiose
3589 3733 3850 3788 (mcxxv.

2064 3813 2403 3897 probatum
2447 3821 2562 3874 est.
3585 3797 3852 3903 ξ’,ἰζξνῗσῑ

2143 3912 2302 3974 Hinc
2332 3911 2750 3992 Philosophus
2781 3911 3032 3974 decimo
3065 3912 3454 3988 Ethicorum,
3474 3913 3560 3974 fe·
3587 3893 3708 3967 2‘1’60
3728 3874 3852 3966 οἴει.»

2065 4011 2368 4073 licitatem
2427 4009 2988 4092 contemplativam
3048 4011 3112 4072 in
3172 4011 3560 4093 contempla-

2062 4109 2236 4171 tione
2266 4107 2490 4189 optimi
2522 4107 2932 4189 speculabilis
2961 4107 3240 4172 affirmat
3267 4109 3564 4173 consiste-

456 4227 563 4280 na,
604 4207 878 4289 Algazel‚
924 4207 1256 4280 AverroeS,
1300 4205 1675 4278 Alexander,
1726 4205 1955 4286 Alpho·
1984 4206 2035 4269 D
2068 4225 2156 4278 re,
2189 4215 2253 4269 et
2292 4205 2688 4268 intellectum
2731 4205 3023 4288 perhibet
3063 4225 3202 4270 esse
3241 4228 3560 4272 summam

456 4306 697 4380 rabius,
747 4303 1139 4377 Abubather,
1188 4322 1261 4366 ac
1308 4303 1417 4365 alii
1469 4302 1753 4386 quidam,
1804 4303 1953 4366 fassi

455 4413 631 4478 sunt,
682 4404 1113 4488 probaverunt
1159 4422 1233 4466 ac
1282 4401 1725 4475 defenderunt,
1780 4401 1959 4464 intel-

457 4503 697 4566 lectum
744 4509 1033 4565 nostrum
1084 4502 1151 4562 in
1197 4501 1319 4563 hoc
1368 4507 1533 4562 statu
1576 4519 1651 4562 ac
1693 4516 1957 4582 corpore

454 4601 537 4663 ad
596 4598 1043 4681 hujuscemodi
1111 4597 1517 4660 intuitionem
1586 4597 1957 4659 substantiae

456 4706 763 4781 separatae
805 4715 989 4779 posse
1032 4713 1415 4776 consurgere
1452 4712 1465 4756 ε
1500 4713 1625 4758 non
1666 4695 1957 4759 obstante

456 4797 629 4879 quod
674 4795 935 4878 quidam
980 4793 1289 4874 ipsorum,
1334 4800 1404 4854 ut
1446 4793 1777 4866 AverroeS,
1819 4793 1957 4856 Ale-

458 4895 719 4967 xander,
765 4891 1151 4965 Abubather‚
1204 4891 1446 4972 opinati
1502 4890 1630 4953 sint
1680 4891 1959 4954 animam

456 4991 739 5056 hominis
798 5009 937 5052 esse
998 4989 1351 5062 mortalem,
1406 4990 1537 5051 imo
1593 4997 1657 5052 et
1716 4988 1960 5052 intelle-

456 5099 634 5154 ctum
690 5089 923 5152 animai
972 5087 1103 5149 vim
1160 5105 1301 5150 esse
1358 5088 1724 5168 organicam
1784 5095 1961 5170 puta-

454 5189 624 5252 verit
671 5186 1067 5262 Alexander3
1117 5192 1355 5266 quanto
1413 5186 1615 5267 magis
1676 5185 1785 5268 qui
1834 5187 1963 5248 ani·

458 5305 633 5351 mam
704 5283 1129 5348 immortalem
1201 5283 1502 5358 fatentur,
1560 5283 1959 5350 intellectum

2066 4305 2199 4366 vim
2245 4303 2493 4366 animae.
2529 4305 2658 4367 Hoc
2699 4304 2908 4386 ipsum
2953 4306 3244 4387 egregius
3285 4307 3456 4370 Plato
3495 4308 3559 4370 in

2066 4403 2324 4475 TimaeO,
2380 4401 2712 4475 Phaedone,
2771 4403 3036 4464 Menone
3085 4422 3159 4466 ac
3223 4403 3378 4467 alibi
3444 4405 3562 4467 fre-

2066 4507 2338 4582 quenter
2377 4507 2642 4562 testatus
2680 4509 2793 4564 est.
2832 4502 3280 4564 Verumtamen
3319 4504 3564 4586 Peripa-

2066 4599 2242 4662 tetici
2290 4598 2548 4680 quidam
2595 4600 3062 4662 constituerunt
3101 4602 3330 4664 animae
3380 4603 3560 4664 ratio-

2068 4696 2230 4758 nalis
2278 4695 2630 4757 naturalem
2683 4695 3050 4759 felicitatem
3098 4697 3162 4760 in
3205 4699 3564 4780 cognitione

2069 4794 2442 4856 substantiae
2474 4803 2776 4876 separata».
2805 4797 2868 4874 (a
2906 4815 3031 4876 qua
3069 4805 3133 4858 et
3171 4799 3416 4860 animas
3453 4799 3563 4861 ho-

2068 4891 2313 4954 minum
2343 4891 2744 4954 {estimabant
2774 4893 3139 4956 immediate
3181 4896 3563 4977 productas),

2070 4990 2371 5052 videlicet
2431 4990 2494 5050 in
2548 4991 3082 5072 contemplatione
3131 4992 3568 5077 intelligentiae

2072 5087 2316 5150 ultimae
2350 5105 2364 5148 ε
2399 5088 2567 5169 quod
2613 5095 2816 5151 totum
2865 5098 3163 5153 censetur
3203 5110 3562 5157 erroneum.

2072 5187 2366 5248 Attamen
2424 5185 2777 5248 verisimile
2835 5195 2930 5248 est
2987 5187 3108 5250 hoc
3156 5206 3282 5253 non
3332 5192 3568 5256 dixisse

2077 5285 2492 5366 philosophos
2525 5285 2666 5350 illos
2697 5286 3076 5369 praecipuOS,
3109 5289 3235 5352 nisi
3273 5289 3338 5352 in
3376 5310 3570 5374 quan-
