4300 6259
872 451 993 520 504

1454 475 1533 521 DE
1573 473 1802 521 mmm:
1842 471 2224 521 cumsnANAE
2264 471 2564 529 TnEoRIAE,
2611 471 2787 518 LIBER
2827 471 2890 516 Π.
2936 489 3017 500 -·
3057 470 3195 516 ΛΒΤ.
3241 469 3406 516 xcvn

874 644 1125 727 perabit
1176 663 1190 708 :
1240 647 1543 729 quoniam
1603 646 1667 708 in
1728 644 2103 727 corporibus
2162 663 2369 708 resur·
2400 646 2450 707 A
2480 635 2563 706 si‘t
2630 642 2987 707 coelestium
3056 660 3396 724 corporum
3462 639 3750 718 claritas3
3804 637 3952 700 hinc

874 743 1163 823 gentium
1226 752 1416 806 erunt
1480 745 1733 808 clarit-as
1794 743 2062 825 plenior,
2122 743 2372 824 agilitas

874 840 1178 915 velocior,
1213 842 1693 924 impassibilitas
1723 841 2129 914 eminentior,
2171 841 2372 922 digni-

876 945 1099 1021 tasque
1147 947 1387 1003 naturae
1439 940 1801 1023 perfectior,
1854 958 2046 1022 quam
2106 938 2171 1000 in
2229 938 2375 1001 sub-

876 1037 1123 1099 stantiis
1166 1038 1475 1101 coelorum
1520 1055 1533 1100 :
1576 1038 1990 1120 quamobrem
2036 1037 2374 1119 Apostolus

616 1148 847 1201 ieonxv,
876 1152 1140 1216 corpora
1178 1137 1646 1217 resurgentium
1691 1135 1854 1199 dixit
1891 1135 2174 1198 coelestia
2214 1134 2369 1196 fore.

587 1215 727 1256 ⁴⁷⁴⁹·
956 1234 1281 1306 Praeterea,
1328 1253 1407 1297 ex
1451 1235 1552 1297 his
1603 1235 1789 1297 facile
1838 1242 1935 1296 est
1976 1233 2372 1316 conspicere,

873 1331 1089 1412 qualia
1146 1332 1567 1414 reproborum
1626 1351 1892 1414 corpora
1950 1331 2168 1394 futura
2223 1331 2370 1393 sint.

872 1428 1165 1492 Conditio
1222 1449 1500 1513 namque
1548 1431 1875 1512 qualitatis
1934 1430 2244 1512 ipsorum,
2297 1448 2372 1490 ex

868 1528 1167 1608 opposito
1206 1529 1517 1592 sumenda
1558 1537 1655 1592 est
1693 1536 1988 1612 respectu
2032 1546 2372 1610 corporum

868 1625 1227 1688 Beatorum.
1263 1627 1438 1690 Unde
1476 1646 1678 1710 quum
1721 1628 1786 1689 in
1826 1626 2115 1709 reprobis
2156 1626 2240 1687 sit
2268 1643 2374 1688 vo-

870 1722 1081 1786 luntas
1127 1744 1163 1786 a
1192 1725 1321 1787 Deo
1364 1725 1621 1806 penitus
1662 1744 1905 1798 aversa,
1940 1733 2003 1788 et
2047 1724 2224 1787 omni
2267 1724 2374 1786 de-

2479 760 2876 824 consequens
2906 741 3004 815 fit,
3038 758 3303 823 corpora
3328 737 3733 822 glorificanda
3767 755 3954 817 super

2480 859 2702 904 omnes
2727 841 2922 904 coelos
2953 840 3222 903 mobiles
3251 838 3638 910 collocanda,
3660 843 3954 918 quatenus

2483 939 2686 1001 locata
2726 939 3288 1021 proportionentur
3315 937 3478 1012 loce,
3510 943 3575 998 et
3609 949 3954 998 econverso.

2564 1037 2626 1099 Si
2674 1045 2886 1099 autem
2933 1035 3595 1117 objiciastQuomodo
3635 1052 3742 1116 per
3781 1031 3962 1094 coelo-

2485 1155 2626 1198 rum
2660 1153 2946 1217 corpora,
2981 1155 3122 1218 quae
3155 1135 3360 1216 frangi
3401 1141 3740 1215 nequeunt,
3768 1139 3964 1192 trans-

2486 1233 2651 1296 itura
2709 1237 2903 1296 sunt?
2953 1269 3032 1278 —
3087 1233 3349 1306 Rursus,
3411 1233 3822 1312 incongruum
3881 1228 3968 1289 vi-

2485 1332 2692 1404 detur,
2726 1339 2796 1393 ut
2837 1349 3068 1414 corpus
3112 1339 3461 1404 terrenum,
3497 1329 3601 1391 cui
3629 1327 3966 1391 secundum

2486 1437 2777 1492 naturam
2826 1429 3093 1492 infimus
3137 1429 3314 1493 locus
3358 1427 3646 1500 debetur,
3685 1443 3800 1488 non
3841 1425 3967 1504 jam

2486 1529 2813 1590 dumtaxat
2857 1547 3051 1610 supra
3095 1545 3362 1609 corpora
3406 1526 3593 1600 levia,
3635 1524 3736 1587 sed
3777 1523 3967 1585 etiam

2485 1626 2767 1690 coelestia
2815 1627 3200 1706 collocetur3
3252 1626 3534 1690 hominis
3581 1631 3784 1686 autem
3845 1639 3970 1684 cor-

2487 1744 2606 1808 pus
2637 1733 2964 1788 terrenum
2993 1733 3109 1798 est,
3143 1735 3208 1788 et
3244 1733 3386 1807 post
3424 1722 3966 1792 resurrectionem,

869 1821 1148 1885 siderato
1187 1823 1509 1897 destituta,
1545 1824 1833 1906 ipsorum
1873 1823 2066 1885 etiam
2109 1840 2374 1904 corpora
2403 1819 2448 1881 Β
2485 1824 2840 1886 secundum
2912 1824 3324 1905 praeinducta‚
3385 1822 3676 1902 ejusdem
3739 1827 3970 1884 naturae

868 1921 1245 2000 gravissima
1290 1929 1499 1997 erunt,
1552 1923 1905 2003 ponderosa
1952 1929 2015 1984 et
2074 1922 2374 2003 importa-

870 2018 1025 2081 bilia
1085 2038 1269 2102 pene,
1322 2028 1511 2103 atque
1568 2021 1730 2083 nulli
1782 2021 2012 2084 animae
2059 2019 2374 2102 appetitui

868 2116 1252 2180 obedientia.
1288 2118 1488 2180 Erunt
1516 2118 1792 2201 denique
1824 2118 2095 2181 obscura
2133 2125 2198 2180 et
2237 2136 2376 2199 pas·
2445 2199 2448 2202 ἦ

872 2214 1107 2288 sibilia,
1170 2233 1296 2277 non
1356 2223 1568 2278 tamen
1642 2216 1933 2278 mortalia
1993 2234 2006 2278 :
2070 2216 2373 2298 quoniam

870 2313 1105 2384 anima,
1139 2312 1305 2375 sicut
1336 2314 1875 2396 praeexplanatum
1910 2323 2025 2388 est,
2063 2315 2374 2396 indisper-

869 2411 1153 2492 gibiliter
1203 2412 1453 2493 corpori
1505 2413 1967 2494 conjungetur3
2014 2431 2224 2494 neque
2267 2431 2374 2495 po-

870 2511 1019 2573 terit
1060 2528 1293 2592 corpus
1335 2529 1372 2572 a
1410 2510 1614 2573 forma
1648 2511 1710 2572 in
1743 2511 2016 2574 formam
2061 2520 2376 2573 transmu-

869 2608 1004 2671 tari.
1029 2608 1728 2691 Verumtamen,quoad
1756 2629 1829 2672 ea
1853 2629 1993 2692 quae
2024 2610 2100 2671 ad
2133 2617 2374 2672 naturae

870 2704 1415 2787 complementum
1475 2707 1842 2788 specieique
1912 2706 2372 2788 perfectionem

871 2803 1213 2885 pertinent,
1232 2805 1581 2885 reparanda
1611 2811 1760 2866 sunt
1790 2805 2205 2886 reproborum
2240 2823 2376 2867 cor-

872 2919 1043 2984 pora.
1098 2901 1331 2963 Natura
1380 2902 1553 2964 enim
1604 2903 1954 2984 reparanda
2014 2911 2111 2966 est
2166 2903 2370 2985 quoad

2486 1921 2844 1984 remanebit
2885 1939 2899 1983 :
2945 1939 3069 1984 non
3119 1922 3333 2002 itaque
3376 1921 3629 1982 videtur
3669 1935 3973 2000 supercoe-

2486 2019 2660 2081 lestis
2707 2019 2954 2082 mansio
2999 2019 3117 2102 ipsi
3165 2027 3531 2101 competere
3576 2035 3773 2099 posse.

2565 2118 2686 2180 Sed
2744 2118 3286 2200 respondendum,
3348 2118 3518 2199 quod
3579 2115 3789 2178 divina
3855 2114 3973 2174 vir·

2483 2223 2618 2278 tute
2664 2232 2929 2298 corpora
2969 2216 3327 2297 glorificata
3369 2216 3491 2278 hoc
3534 2233 3786 2297 quoque
3834 2231 3972 2275 con-

2483 2321 2852 2395 sequentur,
2916 2321 2986 2375 ut
3056 2314 3250 2376 simul
3311 2332 3460 2375 cum
3527 2313 3656 2375 alio
3719 2328 3970 2392 corpore

2482 2429 2622 2473 esse
2665 2419 2921 2492 queant,
2965 2420 3028 2474 et
3069 2412 3286 2474 omnia
3328 2418 3666 2492 penetrare
3707 2409 3964 2472 valeant.

2483 2509 2874 2572 Reformabit
2919 2511 3090 2573 enim
3147 2511 3388 2592 (inquit
3432 2509 3798 2591 Apostolus)
3841 2524 3967 2569 cor·
3993 2525 4190 2578 mappa

2483 2627 2604 2689 pus
2636 2608 3016 2671 humilitatis
3047 2618 3299 2682 nostrae,
3333 2609 3803 2690 configuratum
3843 2625 3965 2669 cor·
3991 2592 4047 2630 ²¹·

2484 2707 2622 2787 pori
2684 2707 2990 2769 claritatis
3053 2727 3202 2770 suae.
3256 2706 3498 2789 Corpus
3546 2723 3700 2768 vero
3746 2704 3966 2768 Christi

2483 2805 2714 2866 clausis
2742 2805 2954 2885 januis
2985 2806 3062 2868 ad
3094 2806 3444 2887 discipulos
3476 2805 3829 2886 ingressum
3857 2811 3962 2864 est.
4000 2820 4186 2894 amatu.

2483 2939 2561 2948 -
2592 2903 2764 2976 Quod
2806 2903 3083 2985 denique
3124 2905 3404 2966 secundo
3449 2902 3774 2983 objicitur,
3807 2919 3968 2963 nunc
3993 2887 4114 2934 '⁹¹³²

870 2999 1243 3080 specificam
1304 3000 1765 3062 exsistentiam.
1820 3001 1994 3063 Unde
2055 3020 2256 3082 quum
2308 3001 2372 3062 in
2405 3005 2447 3068 C
2485 3000 2762 3063 solutum
2813 3009 2910 3064 est
2959 3021 3074 3083 per
3131 3020 3205 3064 ea
3261 3020 3403 3083 quas
3455 3003 3534 3063 de
3591 3001 3866 3082 agilitate
3911 3005 3970 3061 et

870 3097 1159 3179 reprobis
1190 3106 1415 3160 natura
1445 3098 1583 3179 ipsa
1614 3097 1779 3161 bona
1809 3099 2372 3182 remaneat(quum

870 3215 908 3258 a
946 3215 1200 3259 summo
1251 3197 1419 3259 bono
1462 3206 1671 3259 creata
1719 3198 1849 3278 sit),
1882 3198 2176 3260 voluntas
2225 3215 2376 3261 vero

872 3293 1249 3368 inordinata,
1303 3312 1569 3376 corpora
1621 3295 1934 3357 malorum
1989 3296 2230 3376 integre
2281 3315 2374 3358 re-

872 3392 1151 3473 paranda
1192 3399 1341 3455 sunt·
1380 3394 1587 3475 quoad
1629 3411 1702 3455 ea
1741 3413 1883 3475 quae
1923 3402 2162 3456 naturae
2201 3402 2371 3456 sunt.

871 3491 1223 3571 Resurgent
1284 3491 1478 3572 igitur
1538 3511 1685 3553 cum
1748 3491 2182 3555 membrorum
2240 3511 2379 3574 per-

874 3587 1151 3650 fectione
1181 3595 1245 3650 et
1276 3588 1557 3670 perfecta
1586 3597 1786 3653 ae-tate.
1823 3591 1983 3652 Hinc
2014 3591 2187 3653 enim
2219 3591 2380 3673 Apo-

634 3716 753 3761 ma.
780 3718 848 3760 52,
876 3686 1075 3750 stolus
1125 3688 1215 3749 ait
1265 3705 1278 3749 ε
1335 3688 1561 3750 Mortui
1612 3697 1946 3769 resurgent
1994 3690 2372 3771 incorrupti.

878 3785 999 3848 Sed
1031 3785 1287 3868 reprobi
1318 3804 1445 3848 non
1478 3787 2380 3851 immutabuntur.lmmutatio

878 3902 1157 3965 namque
1209 3884 1271 3946 in
1321 3885 1589 3966 gloriam
1642 3893 1839 3948 sonat.
1896 3886 2070 3948 Unde
2120 3887 2380 3968 Aposto-

638 4001 755 4046 ιῡεα.
787 4005 850 4045 51.
881 3983 981 4045 lus
1016 4001 1029 4044 :
1064 3983 1297 4046 Omnes
1333 3983 1602 4065 (inquit)
1633 4003 2061 4064 resurgemuS,
2096 3985 2204 4046 sed
2253 4003 2379 4047 non

880 4100 1103 4144 omnes
1154 4081 1659 4144 immutabimur.
1709 4083 1851 4146 Haec
1898 4101 2155 4164 quoque
2205 4091 2382 4146 natu-

2484 3098 2674 3180 plena
2703 3099 3102 3180 subjectione
3131 3118 3473 3182 corporum
3505 3100 3568 3161 in
3592 3099 3799 3161 Beatis
3829 3117 3969 3180 pau-

2487 3197 2546 3259 lo
2589 3204 2733 3259 ante
2776 3198 3198 3261 determinata
3240 3207 3408 3260 sunt.

2567 3295 2628 3358 Si
2663 3297 2854 3377 igitur
2892 3297 2973 3359 ob
3015 3296 3178 3358 hanc
3219 3296 3574 3360 claritatem
3613 3303 3674 3359 et
3715 3295 3968 3377 gloriam

2487 3411 2824 3476 corporum
2904 3394 3431 3475 glorificatorum,
3512 3393 3970 3478 supercoelestis

2486 3492 2728 3554 eisdem
2771 3492 2946 3555 locus
2988 3493 3344 3568 conveniat,
3379 3501 3533 3555 tunc
3570 3493 3784 3574 palam
3815 3491 3967 3574 quod

2487 3589 2904 3671 reproborum
2965 3608 3230 3672 corpora
3279 3592 3344 3653 in
3396 3592 3656 3673 poenali,
3707 3599 3966 3661 terreno,

2487 3688 2824 3751 tenebroso
2892 3707 2964 3751 ac
3035 3689 3264 3753 infimo
3335 3691 3474 3752 loco
3543 3689 3970 3753 constituenda

2489 3787 2633 3849 sint.
2684 3786 3014 3850 Psalmista
3059 3807 3294 3870 nempe
3342 3789 3432 3851 ait
3476 3806 3490 3852 :
3542 3790 3768 3852 Veniat
3817 3805 3970 3850 mors
3991 3809 4184 3853 Ριωμε.

2491 3904 2684 3968 super
2743 3885 2907 3958 illos,
2969 3893 3032 3948 et
3087 3886 3477 3949 descendant
3532 3888 3598 3949 in
3658 3887 3966 3950 infernum

2489 3985 2796 4046 viventes.
2860 3984 2935 4046 Et
2997 3985 3267 4047 Joannes
3334 3993 3746 4059 contestatur,
3817 3985 3968 4068 quod

2490 4081 2802 4156 diabolus,
2861 4083 2971 4164 qui
3023 4083 3370 4146 seducebat
3419 4102 3549 4156 eOS,
3597 4085 3836 4147 missus
3886 4093 3972 4148 est
4011 4107 4182 4158 amu

880 4179 1031 4242 ralis
1062 4179 1372 4261 perfectio
1413 4180 1478 4242 in
1519 4180 1895 4262 corporibus
1936 4181 2377 4263 reproborum,
2413 4183 2462 4246 D
2492 4181 2556 4242 in
2601 4188 2898 4261 stagnum
2942 4181 3108 4261 ignis
3147 4188 3213 4244 et
3253 4182 3517 4244 sulfuris
3551 4200 3565 4245 :
3599 4183 3712 4246 ubi
3761 4184 3972 4246 umbra
3992 4171 4158 4272 ζώω,

881 4295 1010 4340 non
1080 4278 1301 4360 utique
1361 4278 1425 4340 in
1483 4279 1752 4360 gloriam
1811 4281 1921 4342 sed
1988 4288 2379 4342 tormentum

883 4376 976 4437 eis
1037 4377 1367 4458 proveniet
1431 4394 1444 4438 :
1506 4377 1741 4458 quibus
1800 4378 2107 4441 nimirum
2168 4379 2382 4441 omnia

676 4491 852 4535 Macen.
884 4473 1396 4556 cooperabuntur
1439 4475 1503 4536 in
1545 4475 1804 4538 malum.
1839 4475 1995 4538 Nam
2038 4483 2101 4538 et
2139 4475 2378 4539 bonum

650 4567 763 4605 *ω’
786 4558 852 4598 ²⁴·
883 4580 1053 4636 esset
1088 4573 1203 4648 eis,
1237 4573 1291 4635 si
1334 4572 1463 4635 nati
1503 4591 1630 4636 non
1670 4580 1883 4636 essent
1920 4574 2214 4637 homines
2260 4575 2375 4637 illi.

1229 4789 1719 4855 ARTICULUS
1766 4789 2033 4854 XCVII.

929 4917 1026 4975 De
1072 4917 1226 4983 loc-0,
1272 4933 1433 4972 sewu
1481 4921 1541 4972 et
1589 4921 1779 4972 <etate
1829 4915 2334 4988 resurqencium.

1015 5063 1379 5137 NlMVERO,
1442 5081 1642 5145 quum
1700 5069 2027 5124 ostensum
2084 5063 2215 5143 jam
2273 5064 2375 5138 sit,

1043 5161 1375 5224 Beatorum
1438 5177 1703 5242 corpora
1770 5167 1914 5242 post
1972 5163 2377 5226 resurrectio-

881 5280 1029 5324 nem
1062 5259 1439 5342 ampliorem
1470 5258 1819 5322 claritatem
1851 5259 2377 5343 sortitura,quam

2494 4279 2736 4352 mortiS,
2789 4286 2853 4340 et
2902 4278 3118 4341 nullus
3167 4280 3344 4354 ordo,
3397 4281 3508 4343 sed
3555 4282 3971 4364 sempiternus

2491 4376 2715 4440 horror
2756 4376 3086 4439 inhabitat.

2570 4475 2780 4548 Porro,
2833 4495 3034 4558 quum
3081 4476 3157 4539 ad
3218 4476 3514 4540 humanae
3561 4487 3810 4544 naturae
3855 4497 3975 4561 pcr-

2493 4574 2835 4638 fectionem
2895 4581 3162 4655 uterque
3223 4594 3412 4637 sexus
3471 4577 3813 4658 pertineat,
3860 4585 3975 4639 tan-

2491 4692 2682 4756 quam
2731 4672 2810 4734 ab
2861 4671 3210 4733 universali
3271 4680 3497 4735 natura
3546 4676 3972 4756 praeintentus‚

2492 4769 2914 4834 remanebunt
2971 4769 3037 4830 in
3086 4770 3566 4850 resurgentibus
3613 4791 3810 4836 sexus
3861 4781 3972 4835 tam

2492 4869 2686 4931 maris
2717 4887 2909 4950 quam
2953 4867 3225 4930 feminae.
3259 4869 3576 4950 AmpliuS,
3608 4890 3816 4951 quum
3856 4889 3974 4934 cor-

2491 4985 2666 5048 pora,
2709 4965 2993 5047 perfecta
3030 4983 3102 5027 ac
3145 4965 3388 5046 integra
3431 4967 3803 5032 suscitanda
3841 4969 3971 5040 sint,

2489 5063 2809 5147 oportebit
2855 5062 3141 5124 membra
3181 5064 3577 5143 generationi
3626 5066 3972 5130 deservien-

2488 5162 2575 5224 tia
2625 5163 2716 5225 sic
2774 5161 3011 5224 resumi
3064 5161 3601 5243 quemadmodum
3659 5173 3726 5226 et
3787 5174 3971 5228 cetera

2489 5261 2778 5324 membra
2821 5258 3199 5323 resumenda
3239 5266 3406 5321 sunt.
