4300 6259
1128 491 1551 540 autumno
1590 491 2047 538 PultosoPch.
2092 509 2174 520 —
2216 493 2296 538 DE
2337 494 2692 541 vmwrincs

3347 473 3458 542 101

350 675 469 722 zon
522 668 593 723 et
634 661 922 728 medium
966 662 1269 726 universi.
1312 663 1519 737 Quum
1563 661 1737 724 enim
1782 679 1859 722 ex
1888 659 1941 724 Δ
1970 681 2165 744 quam
2194 663 2549 726 ducendam
2583 662 2777 726 etiam
2806 663 3068 745 quidam
3099 661 3464 746 philosophi

350 757 639 821 sensuali
669 768 735 823 et
766 760 1181 824 intellectuali
1212 767 1459 824 constet
1490 767 1727 830 natura,
1746 777 1861 841 per

352 862 605 937 partem
637 858 1037 933 sensitivam,
1068 859 1189 922 hoc
1220 865 1317 921 est
1356 877 1469 940 per
1510 858 1677 920 vires
1716 877 1859 920 sen-

348 953 601 1030 sitivas,
662 957 1017 1037 cognitivas
1073 975 1147 1019 ac
1204 955 1607 1039 appetitivas,
1665 961 1857 1037 atque

350 1070 469 1134 per
524 1054 957 1138 corruptibile
1016 1073 1272 1137 eorpus,
1334 1054 1855 1118 communionem

349 1149 549 1213 habet
593 1170 740 1214 cum
784 1153 1255 1216 irrationalibus
1304 1152 1679 1216 mortalibus
1726 1170 1855 1214 cre-

347 1247 579 1322 aturiS,
612 1257 769 1331 puta
806 1250 1035 1314 brutis.
1076 1251 1268 1315 Porro
1311 1269 1425 1333 per
1469 1258 1714 1333 partem
1759 1249 1853 1312 in·

344 1343 767 1421 tellectivam,
814 1365 929 1430 per
970 1346 1283 1411 rationem
1326 1355 1391 1410 et
1434 1346 1701 1409 liberam
1747 1364 1853 1410 vo-

346 1441 667 1506 luntatem
700 1445 1263 1526 immortalemque
1290 1444 1571 1508 animam
1618 1445 1855 1507 summi

344 1540 458 1602 Dei
518 1541 955 1604 similitudine
1020 1541 1413 1624 insignitam,
1474 1543 1855 1604 convenien-

346 1639 502 1700 tiam
546 1641 897 1722 quamdam
937 1659 1087 1702 cum
1128 1641 1257 1704 Deo
1304 1647 1369 1703 et
1418 1639 1857 1720 intelligentiis

346 1744 445 1798 est
472 1737 767 1800 sortitus.
800 1741 1093 1802 Attamen
1127 1756 1241 1820 per
1270 1737 1643 1802 rationalem
1675 1745 1855 1800 natu-

1969 761 2035 823 in
2070 761 2416 826 solitudine
2458 764 2687 844 degere
2730 763 3080 845 elegerunt.

2400 971 2920 1038 PROPOSITIO
2965 972 3038 1037 C..

2052 1155 2310 1222 Homo
2381 1153 2822 1236 tripliciter
2889 1156 3460 1237 consideratur,

1965 1253 2047 1319 et
2087 1254 2522 1320 secundum
2549 1255 2701 1321 hoe
2729 1255 3036 1337 triplici
3067 1256 3250 1332 eget
3278 1269 3464 1336 pru-

1966 1350 2260 1418 dentia.

2045 1448 2222 1522 Quod
2251 1450 2686 1532 est,quoniam
2717 1449 2910 1512 homo
2939 1449 3150 1532 primo
3175 1449 3462 1512 conside-

1970 1554 2143 1608 ratur
2174 1554 2244 1608 ut
2271 1555 2370 1608 est
2397 1548 2686 1628 quaedam
2719 1547 3122 1629 particularis
3153 1565 3460 1629 persona3

1968 1643 2191 1726 sicque
2221 1644 2466 1724 indiget
2493 1645 2841 1707 virtutibus
2883 1645 3168 1708 decorari
3210 1644 3462 1708 morali-

1968 1740 2113 1815 buS,
2146 1741 2384 1825 quibus
2416 1742 2790 1824 perficiatur
2817 1743 2988 1805 circa
3023 1761 3090 1805 se
3133 1743 3344 1824 ipsum
3383 1743 3461 1804 ad

350 1853 487 1896 ram
538 1835 611 1898 in
658 1837 921 1919 propria
961 1836 1177 1919 specie
1220 1835 1589 1910 collocatur,
1632 1855 1857 1899 secun·
1894 1837 1943 1902 B
1971 1839 2135 1903 bene
2181 1841 2532 1921 regendum
2586 1842 2686 1902 sui
2740 1841 2944 1923 ipsius
2993 1859 3355 1923 personam,
3400 1848 3464 1902 et

350 1933 505 1997 dum
566 1935 744 2017 quod
800 1955 918 2018 per
970 1936 1257 1999 naturale
1324 1935 1543 1999 lumen
1603 1942 1667 1998 et
1722 1935 1856 1996 vim

351 2033 624 2095 rationis
667 2033 1065 2096 discursivus
1092 2041 1211 2108 est,
1244 2053 1279 2096 a
1311 2034 1477 2096 notis
1508 2035 1586 2096 ad
1618 2033 1857 2114 ignoto-

353 2149 497 2193 rum
542 2131 981 2212 cognitionem
1028 2133 1463 2214 progrediens,
1496 2131 1857 2194 scientiam—

352 2247 479 2310 que
498 2231 847 2312 acquirens
868 2238 999 2293 tam
1029 2249 1107 2293 ex
1136 2231 1409 2295 aliorum
1441 2230 1859 2294 instructione

351 2346 545 2410 quam
570 2328 835 2411 propria
865 2329 1255 2403 inventione,
1280 2330 1599 2412 praecipue
1618 2337 1854 2403 tamen,

350 2426 416 2488 in
454 2427 727 2490 exordio
765 2446 921 2490 usus
962 2428 1228 2490 rationis
1272 2447 1427 2502 sure,
1460 2447 1537 2491 ex
1583 2428 1857 2492 aliorum

348 2523 647 2588 doctrina
697 2544 713 2589 :
765 2543 1039 2608 quorum
1098 2525 1294 2588 etiam
1352 2526 1693 2609 multiplici
1754 2526 1859 2588 ad-

350 2622 673 2686 miniculo
724 2623 988 2704 indiget,
1047 2624 1381 2706 potissime
1440 2624 1503 2687 in
1566 2624 1854 2698 infantia,

350 2721 635 2803 pueritia
671 2729 735 2784 et
782 2722 1233 2796 adolescentia,
1276 2722 1407 2786 imo
1446 2730 1511 2785 et
1559 2722 1855 2805 frequen-

348 2827 444 2882 ter
489 2819 829 2901 deinceps,
875 2839 1079 2901 usque
1116 2821 1182 2882 in
1230 2820 1379 2884 vitae
1430 2820 1657 2884 finem.
1696 2819 1857 2883 Hinc

350 2916 543 2980 homo
591 2923 691 2979 est
744 2916 1119 2980 naturaliter
1170 2917 1409 2981 animal
1462 2917 1718 2992 sociale,
1770 2918 1856 2980 ci-

352 3014 499 3078 vile.

400 3115 623 3188 ,Juxta
651 3114 787 3178 haec
817 3114 1235 3196 distinguitur
1262 3115 1495 3197 triplex
1526 3134 1727 3196 genus
1766 3115 1857 3178 vi—

351 3220 429 3276 tae
484 3213 813 3287 humanm,
874 3211 1173 3276 videlieet
1224 3229 1239 3274 :
1292 3213 1581 3286 bestiale,
1643 3212 1854 3281 civile,

351 3310 672 3373 divinum.
708 3310 973 3393 Nempe,
1012 3311 1067 3373 si
1101 3311 1293 3375 homo
1335 3311 1706 3393 passionum
1740 3311 1857 3372 im-

350 3417 573 3490 petum
623 3409 1017 3490 insequatur,
1060 3409 1601 3491 concupiscentiis
1644 3409 1858 3492 acqui-

347 3525 600 3580 escens,
673 3514 737 3569 et
814 3505 1347 3570 delectationibus
1423 3507 1855 3570 sensualitatis

348 3605 663 3679 intentus„
713 3623 833 3668 nec
882 3603 1351 3668 irrationabiles
1402 3613 1613 3667 motus
1661 3604 1854 3667 refre-

347 3723 526 3778 nanS,
560 3704 765 3766 vitam
806 3702 983 3765 ducit
1021 3702 1363 3778 brutalem,
1396 3703 1591 3765 vilem
1635 3711 1699 3766 et
1742 3703 1854 3766 foe-

348 3802 514 3876 dam,
582 3801 813 3865 bestiis
881 3800 1089 3876 vilior,
1153 3801 1285 3864 imo
1342 3801 1558 3864 decies
1618 3801 1854 3864 millies

350 3901 523 3964 omni
556 3900 755 3963 bruto
784 3899 1079 3963 deterior.
1101 3899 1647 3974 Quemadmodum
1680 3900 1854 3963 enim

354 3999 544 4062 homo
606 3999 851 4062 ratione
902 3997 1225 4080 regulatus
1268 4004 1461 4079 atque
1510 3997 1857 4060 virtutibus

356 4097 691 4160 ordinatus
738 4115 813 4159 ac
859 4095 1215 4168 decoratus,
1267 4102 1365 4158 est
1408 4095 1645 4158 animal
1695 4095 1866 4178 opti--

1968 1945 2111 2019 eget
2142 1938 2480 2019 prudentia
2511 1938 2718 2000 ethica
2753 1939 2870 2000 :de
2899 1958 3026 2020 qua
3053 1946 3118 2000 et
3148 1937 3464 2020 praetactis

1968 2036 2316 2098 virtutibus
2359 2044 2582 2099 tractat
2615 2038 2678 2098 in
2711 2037 2876 2100 libro
2913 2035 3284 2098 Ethicorum
3322 2036 3464 2098 Phi-

1969 2134 2291 2216 losophus.
2342 2135 2635 2196 Secundo
2681 2133 3118 2197 consideratur
3159 2133 3352 2196 homo
3396 2141 3464 2196 ut

1966 2240 2180 2315 caput,
2201 2239 2408 2295 rector
2436 2241 2500 2294 et
2529 2232 2829 2295 dominus
2848 2233 3098 2307 domuS,
3123 2250 3236 2294 seu
3257 2239 3462 2314 pater-

1966 2330 2285 2408 familias3
2333 2339 2395 2392 et
2437 2331 2530 2394 sic
2573 2331 2966 2394 oeconomica
3008 2337 3152 2411 eget
3194 2329 3466 2412 pruden-

1972 2428 2082 2501 tia,
2127 2447 2270 2510 quae
2315 2428 2500 2490 docet
2543 2427 2896 2490 efficaciter
2929 2425 3286 2508 gubernare
3324 2443 3466 2509 pro-

1973 2525 2178 2608 priam
2227 2526 2490 2588 domum
2539 2533 2730 2608 atque
2779 2525 3090 2586 familiam
3145 2541 3159 2586 :
3213 2525 3291 2587 de
3329 2543 3465 2606 -qua

1966 2623 2300 2707 prudentia
2339 2623 2402 2686 in
2447 2623 2614 2687 libro
2641 2623 3208 2686 OEconomieorum
3239 2630 3463 2686 tracta-

1968 2730 2089 2784 tur.
2144 2722 2355 2784 Tertio
2414 2721 2606 2784 homo
2653 2721 3094 2784 consideratur
3140 2727 3210 2782 ut
3255 2727 3466 2783 rector

1966 2819 2484 2898 communitatis3
2517 2828 2580 2882 et
2611 2819 2823 2881 taliter
2852 2825 3148 2900 sumptus
3191 2819 3463 2900 pruden-

1966 2918 2053 2980 tia
2084 2926 2226 2999 eget
2258 2917 2543 3000 politica,
2565 2936 2708 2998 quae
2739 2917 3262 2978 communitatem
3294 2934 3464 2997 rege-

1888 3014 1934 3079 C
1967 3035 2034 3078 re
2078 3017 2304 3079 edocet
2336 3033 2349 3078 :
2385 3015 2462 3078 de
2494 3033 2619 3098 qua
2651 3015 2714 3077 in
2747 3013 2910 3076 libro
2937 3012 3348 3078 Politicorum
3384 3013 3465 3076 fit

1966 3115 2228 3177 mentio.

2384 3322 2904 3387 PROPOSITIO
2953 3321 3058 3385 CI.

2045 3506 2342 3572 Anima
2399 3504 2768 3586 prudenS,
2820 3506 3159 3586 sapiens,
3207 3506 3463 3572 virtu-

1965 3618 2127 3684 osa,
2159 3605 2282 3670 est
2325 3603 2538 3669 sicut
2576 3615 2913 3680 regnum
2959 3601 3155 3669 bene
3205 3603 3463 3684 dispo-

1964 3704 2236 3781 situm,
2273 3703 2497 3780 reg-10
2545 3701 2904 3782 pulchra,
2943 3703 3026 3769 et
3070 3702 3461 3783 quoddam

1964 3803 2432 3868 universum
2493 3819 2510 3866 ε
2569 3801 2894 3880 propter
2959 3800 3167 3882 quod
3222 3801 3462 3869 homo

1963 3901 2228 3966 minor
2275 3898 2621 3964 mundus
2661 3901 3018 3965 vocatur.

2044 3997 2220 4071 Quod
2251 4005 2368 4070 est,
2402 3995 2704 4078 quoniam
2743 3995 2911 4058 sicut
2949 3995 3016 4057 in
3053 4002 3186 4058 toto
3222 3997 3463 4059 mundo

1966 4103 2063 4159 est
2092 4113 2258 4158 unus
2289 4101 2496 4156 rector
2525 4111 2886 4176 supremuS,
2905 4093 3134 4156 ceteris
3160 4093 3461 4156 omnibus

360 4211 531 4256 mum
560 4212 581 4273 ;
617 4194 705 4256 ita
732 4194 787 4256 si
818 4194 1065 4256 ratione
1105 4192 1373 4274 deiecta,
1407 4193 1581 4256 vitiis
1622 4193 1857 4275 passio·
1887 4194 1938 4257 D
1971 4193 2340 4276 praesidenS,
2385 4192 2471 4254 ita
2501 4192 2566 4253 in
2595 4192 2810 4254 anima
2849 4192 3138 4254 rationali
3169 4200 3268 4254 est
3303 4194 3464 4256 ratio

359 4291 679 4374 nibusque
710 4292 1046 4364 deserviat,
1079 4299 1177 4354 est
1203 4291 1441 4353 animal
1480 4292 1854 4373 pessimum.

357 4389 645 4465 Interim,
668 4390 723 4452 si
745 4408 859 4472 per
887 4389 1201 4454 rationem
1231 4388 1541 4452 renitatur
1560 4390 1856 4471 peccatiS,

360 4497 419 4550 et
453 4486 869 4572 passionibus
909 4487 1298 4562 dominetur,
1330 4495 1440 4549 aut
1484 4487 1709 4550 saltem
1754 4488 1861 4550 do-

362 4586 589 4649 minari
624 4585 999 4668 incipiat,ac
1028 4585 1195 4648 inter
1223 4584 1517 4647 homines
1550 4585 1855 4667 legaliter,

362 4685 653 4767 pacifice,
706 4683 1048 4757 socialiter,
1103 4683 1277 4764 juste
1334 4692 1399 4746 et
1456 4682 1861 4746 laudabiliter

362 4789 797 4856 conversetur,
816 4779 1011 4844 vitain
1040 4781 1219 4843 ducit
1249 4779 1527 4844 civilem.
1549 4781 1613 4844 Si
1644 4789 1859 4844 autem

362 4889 490 4945 toto
527 4887 763 4945 conatu
816 4877 1358 4942 intellectualibus
1399 4886 1603 4952 vacet,
1645 4879 1864 4941 divina

364 4987 659 5053 sectetur,
722 4977 1005 5041 coelestia
1060 4995 1135 5040 ac
1193 4977 1515 5040 aeternalia
1580 4984 1863 5040 contem·

368 5077 595 5159 pletur,
646 5075 915 5140 virtutes
976 5075 1041 5137 in
1108 5075 1387 5138 termino
1453 5073 1867 5158 perfectionis

368 5176 632 5259 adeptus
686 5181 753 5237 et
794 5170 895 5236 vir
934 5173 1232 5236 heroicus
1271 5173 1405 5256 jam
1451 5173 1745 5246 effectus,
1778 5171 1869 5235 vi·

1968 4293 2067 4355 vis
2117 4309 2440 4373 suprema,
2491 4290 2720 4353 ceteris
2771 4291 3018 4353 viribus
3066 4292 3402 4356 dominans
3445 4311 3459 4355 ε

1970 4390 2073 4452 cui
2104 4391 2260 4452 dum
2290 4397 2517 4453 ceterae
2546 4389 2715 4452 vires
2755 4397 2926 4452 recte
2963 4390 3292 4466 obediunt,
3327 4392 3466 4475 ipsa

1970 4486 2186 4549 anima
2215 4495 2313 4548 est
2340 4493 2544 4548 'totum
2577 4487 3028 4569 potestativum
3063 4488 3468 4555 laudabiliter

1971 4585 2358 4658 ordinatum,
2411 4585 2476 4646 in
2527 4603 2655 4666 quo
2697 4585 2964 4649 diversae
3008 4597 3156 4651 sunt
3193 4590 3362 4652 vires
3404 4597 3466 4653 et

1970 4683 2252 4746 actiones
2313 4691 2614 4764 tanquam
2673 4691 2894 4764 gentes
2951 4685 3072 4748 rite
3120 4687 3460 4768 dispositae.

1972 4780 2157 4851 Hinc,
2201 4781 2370 4842 sicut
2408 4781 2473 4843 in
2514 4798 2708 4861 regno
2755 4799 2828 4842 ac
2868 4781 3126 4844 civitate
3175 4791 3272 4846 est
3319 4804 3466 4867 pax,

1974 4880 2127 4942 dum
2171 4879 2386 4940 cuncti
2431 4878 2766 4940 inferiores
2805 4879 3120 4960 superiori
3159 4898 3277 4943 suo
3320 4899 3468 4944 con-

1974 4995 2131 5058 grue
2164 4984 2425 5058 parent3
2459 4976 2546 5038 ita
2587 4976 2649 5037 in
2689 4976 2924 5049 anima,
2957 4976 3110 5038 dum
3152 4977 3320 5042 vires
3365 4999 3470 5043 ve-

1977 5075 2269 5156 getativae
2310 5094 2385 5137 ac
2433 5074 2754 5137 sensitivae
2803 5092 2918 5156 per
2965 5074 3274 5140 rationem
3322 5097 3471 5143 vere

1983 5173 2362 5256 prudentem
2404 5191 2478 5235 ac
2521 5173 2898 5256 sapientem,
2931 5181 3243 5256 quantum
3272 5177 3472 5259 possi·

374 5281 497 5339 tam
546 5274 717 5357 gerit
764 5271 1073 5345 divinam,
1120 5271 1683 5356 contemplativam
1730 5288 1745 5333 τ
1789 5270 1873 5334 cb
1984 5271 2113 5333 bile
2142 5277 2262 5344 est,
2294 5269 2647 5333 efficaciter
2685 5270 3140 5352 gubernantur.
3173 5274 3474 5348 Quamvis
