<?xml version="1.0" encoding="UTF-8"?>
<!DOCTYPE html PUBLIC "-//W3C//DTD XHTML 1.0 Transitional//EN"
    "http://www.w3.org/TR/xhtml1/DTD/xhtml1-transitional.dtd">
<html xmlns="http://www.w3.org/1999/xhtml" xml:lang="en" lang="en">
 <head>
  <title>
</title>
<meta http-equiv="Content-Type" content="text/html;charset=utf-8" />
  <meta name='ocr-system' content='tesseract 3.04.00' />
  <meta name='ocr-capabilities' content='ocr_page ocr_carea ocr_par ocr_line ocrx_word'/>
</head>
<body>
  <div class='ocr_page' id='page_1' title='image "./doctorisecstati05unkngoog_0143.png"; bbox 0 0 4300 6259; ppageno 0'>
   <div class='ocr_carea' id='block_1_1' title="bbox 1068 497 2844 548">
    <p class='ocr_par' dir='ltr' id='par_1_1' title="bbox 1068 497 2844 548">
     <span class='ocr_line' id='line_1_1' title="bbox 1068 497 2844 548; baseline 0.002 -2"><span class='ocrx_word' id='word_1_1' title='bbox 1068 498 1493 546; x_wconf 64' lang='lat' dir='ltr'><strong>nummulo</strong></span> <span class='ocrx_word' id='word_1_2' title='bbox 1533 497 1931 546; x_wconf 67' lang='lat' dir='ltr'><strong>mnotomca.</strong></span> <span class='ocrx_word' id='word_1_3' title='bbox 1978 513 2059 526; x_wconf 89' lang='lat'><strong>—·</strong></span> <span class='ocrx_word' id='word_1_4' title='bbox 2098 497 2180 546; x_wconf 70' lang='lat' dir='ltr'><strong>DE</strong></span> <span class='ocrx_word' id='word_1_5' title='bbox 2221 499 2342 546; x_wconf 73' lang='lat' dir='ltr'><strong>nto</strong></span> <span class='ocrx_word' id='word_1_6' title='bbox 2383 500 2504 548; x_wconf 79' lang='lat' dir='ltr'><strong>UNO</strong></span> <span class='ocrx_word' id='word_1_7' title='bbox 2547 500 2620 548; x_wconf 71' lang='grc' dir='ltr'><strong>ΕΤ</strong></span> <span class='ocrx_word' id='word_1_8' title='bbox 2660 501 2844 548; x_wconf 74' lang='lat' dir='ltr'><strong>‘mmo</strong></span> 
     </span>
    </p>
   </div>
   <div class='ocr_carea' id='block_1_2' title="bbox 3391 485 3508 550">
    <p class='ocr_par' dir='ltr' id='par_1_2' title="bbox 3391 485 3508 550">
     <span class='ocr_line' id='line_1_2' title="bbox 3391 485 3508 550; baseline 0 0"><span class='ocrx_word' id='word_1_9' title='bbox 3391 485 3508 550; x_wconf 81' lang='lat'><strong>127</strong></span> 
     </span>
    </p>
   </div>
   <div class='ocr_carea' id='block_1_3' title="bbox 392 663 3511 755">
    <p class='ocr_par' dir='ltr' id='par_1_3' title="bbox 392 663 3511 755">
     <span class='ocr_line' id='line_1_3' title="bbox 392 663 3511 755; baseline 0.003 -29"><span class='ocrx_word' id='word_1_10' title='bbox 392 663 633 728; x_wconf 79' lang='lat' dir='ltr'><strong>naliter</strong></span> <span class='ocrx_word' id='word_1_11' title='bbox 688 673 753 730; x_wconf 90' lang='lat' dir='ltr'><strong>et</strong></span> <span class='ocrx_word' id='word_1_12' title='bbox 812 667 1275 731; x_wconf 78' lang='lat' dir='ltr'><strong>invariabiliter</strong></span> <span class='ocrx_word' id='word_1_13' title='bbox 1342 667 1648 743; x_wconf 87' lang='lat' dir='ltr'><strong>intuetur,</strong></span> <span class='ocrx_word' id='word_1_14' title='bbox 1708 675 1901 750; x_wconf 87' lang='lat' dir='ltr'><strong>atque</strong></span> <span class='ocrx_word' id='word_1_15' title='bbox 1932 665 1982 730; x_wconf 82' lang='lat' dir='ltr'>A</span> <span class='ocrx_word' id='word_1_16' title='bbox 2012 669 2117 742; x_wconf 87' lang='lat' dir='ltr'><strong>tis,</strong></span> <span class='ocrx_word' id='word_1_17' title='bbox 2159 669 2450 751; x_wconf 91' lang='lat' dir='ltr'><strong>genitum</strong></span> <span class='ocrx_word' id='word_1_18' title='bbox 2495 671 2782 754; x_wconf 78' lang='lat' dir='ltr'><strong>procedit</strong></span> <span class='ocrx_word' id='word_1_19' title='bbox 2809 690 2849 735; x_wconf 98' lang='lat' dir='ltr'><strong>a</strong></span> <span class='ocrx_word' id='word_1_20' title='bbox 2875 679 3218 754; x_wconf 89' lang='lat' dir='ltr'><strong>generante</strong></span> <span class='ocrx_word' id='word_1_21' title='bbox 3257 690 3372 754; x_wconf 91' lang='lat' dir='ltr'><strong>per</strong></span> <span class='ocrx_word' id='word_1_22' title='bbox 3402 689 3511 755; x_wconf 89' lang='lat' dir='ltr'><strong>po·</strong></span> 
     </span>
    </p>
   </div>
   <div class='ocr_carea' id='block_1_4' title="bbox 386 764 1905 1833">
    <p class='ocr_par' dir='ltr' id='par_1_4' title="bbox 386 764 1905 1833">
     <span class='ocr_line' id='line_1_4' title="bbox 390 764 1901 850; baseline 0.003 -23"><span class='ocrx_word' id='word_1_23' title='bbox 390 765 569 846; x_wconf 87' lang='lat' dir='ltr'><strong>quod</strong></span> <span class='ocrx_word' id='word_1_24' title='bbox 614 764 785 829; x_wconf 87' lang='lat' dir='ltr'><strong>intra</strong></span> <span class='ocrx_word' id='word_1_25' title='bbox 823 785 891 829; x_wconf 91' lang='lat' dir='ltr'><strong>se</strong></span> <span class='ocrx_word' id='word_1_26' title='bbox 936 767 1013 830; x_wconf 90' lang='lat' dir='ltr'><strong>de</strong></span> <span class='ocrx_word' id='word_1_27' title='bbox 1058 785 1127 830; x_wconf 90' lang='lat' dir='ltr'><strong>se</strong></span> <span class='ocrx_word' id='word_1_28' title='bbox 1173 769 1316 850; x_wconf 86' lang='lat' dir='ltr'><strong>ipso</strong></span> <span class='ocrx_word' id='word_1_29' title='bbox 1359 767 1659 849; x_wconf 88' lang='lat' dir='ltr'><strong>intelligit</strong></span> <span class='ocrx_word' id='word_1_30' title='bbox 1696 775 1761 830; x_wconf 92' lang='lat' dir='ltr'><strong>et</strong></span> <span class='ocrx_word' id='word_1_31' title='bbox 1802 784 1901 831; x_wconf 89' lang='lat' dir='ltr'><strong>co-</strong></span> 
     </span>
     <span class='ocr_line' id='line_1_5' title="bbox 386 863 1897 947; baseline 0.001 -21"><span class='ocrx_word' id='word_1_32' title='bbox 386 863 667 943; x_wconf 79' lang='lat' dir='ltr'><strong>gnoscit,</strong></span> <span class='ocrx_word' id='word_1_33' title='bbox 722 865 843 928; x_wconf 89' lang='lat' dir='ltr'><strong>hoc</strong></span> <span class='ocrx_word' id='word_1_34' title='bbox 890 865 1057 928; x_wconf 86' lang='lat' dir='ltr'><strong>intra</strong></span> <span class='ocrx_word' id='word_1_35' title='bbox 1112 885 1181 929; x_wconf 89' lang='lat' dir='ltr'><strong>se</strong></span> <span class='ocrx_word' id='word_1_36' title='bbox 1238 866 1397 928; x_wconf 89' lang='lat' dir='ltr'><strong>dicit</strong></span> <span class='ocrx_word' id='word_1_37' title='bbox 1452 873 1517 928; x_wconf 86' lang='lat' dir='ltr'><strong>et</strong></span> <span class='ocrx_word' id='word_1_38' title='bbox 1572 865 1897 947; x_wconf 79' lang='lat' dir='ltr'><strong>exprimit.</strong></span> 
     </span>
     <span class='ocr_line' id='line_1_6' title="bbox 390 960 1899 1046; baseline 0.001 -22"><span class='ocrx_word' id='word_1_39' title='bbox 390 960 573 1034; x_wconf 84' lang='lat' dir='ltr'><strong>Quod</strong></span> <span class='ocrx_word' id='word_1_40' title='bbox 602 970 820 1026; x_wconf 89' lang='lat' dir='ltr'><strong>autem</strong></span> <span class='ocrx_word' id='word_1_41' title='bbox 854 964 946 1026; x_wconf 92' lang='lat' dir='ltr'><strong>sic</strong></span> <span class='ocrx_word' id='word_1_42' title='bbox 978 963 1144 1026; x_wconf 88' lang='lat' dir='ltr'><strong>intra</strong></span> <span class='ocrx_word' id='word_1_43' title='bbox 1182 983 1251 1026; x_wconf 91' lang='lat' dir='ltr'><strong>se</strong></span> <span class='ocrx_word' id='word_1_44' title='bbox 1282 964 1586 1046; x_wconf 87' lang='lat' dir='ltr'><strong>loquitur,</strong></span> <span class='ocrx_word' id='word_1_45' title='bbox 1620 962 1899 1026; x_wconf 78' lang='lat' dir='ltr'><strong>Verbum</strong></span> 
     </span>
     <span class='ocr_line' id='line_1_7' title="bbox 394 1058 1903 1144; baseline 0.004 -24"><span class='ocrx_word' id='word_1_46' title='bbox 394 1058 603 1141; x_wconf 88' lang='lat' dir='ltr'><strong>ipsius</strong></span> <span class='ocrx_word' id='word_1_47' title='bbox 632 1069 917 1136; x_wconf 86' lang='lat' dir='ltr'><strong>vocatur,</strong></span> <span class='ocrx_word' id='word_1_48' title='bbox 930 1061 1211 1124; x_wconf 88' lang='lat' dir='ltr'><strong>Verbum</strong></span> <span class='ocrx_word' id='word_1_49' title='bbox 1241 1063 1465 1144; x_wconf 88' lang='lat' dir='ltr'><strong>utique</strong></span> <span class='ocrx_word' id='word_1_50' title='bbox 1498 1060 1903 1143; x_wconf 80' lang='lat' dir='ltr'><strong>intelligibile</strong></span> 
     </span>
     <span class='ocr_line' id='line_1_8' title="bbox 393 1159 1900 1244; baseline 0.002 -25"><span class='ocrx_word' id='word_1_51' title='bbox 393 1165 461 1220; x_wconf 92' lang='lat' dir='ltr'><strong>et</strong></span> <span class='ocrx_word' id='word_1_52' title='bbox 493 1159 839 1232; x_wconf 90' lang='lat' dir='ltr'><strong>internum,</strong></span> <span class='ocrx_word' id='word_1_53' title='bbox 869 1179 1175 1224; x_wconf 77' lang='lat' dir='ltr'><strong>emanans</strong></span> <span class='ocrx_word' id='word_1_54' title='bbox 1204 1169 1269 1224; x_wconf 89' lang='lat' dir='ltr'><strong>et</strong></span> <span class='ocrx_word' id='word_1_55' title='bbox 1299 1161 1681 1234; x_wconf 87' lang='lat' dir='ltr'><strong>immanens,</strong></span> <span class='ocrx_word' id='word_1_56' title='bbox 1707 1160 1900 1244; x_wconf 79' lang='lat' dir='ltr'><strong>hypo-</strong></span> 
     </span>
     <span class='ocr_line' id='line_1_9' title="bbox 394 1257 1901 1332; baseline 0.003 -14"><span class='ocrx_word' id='word_1_57' title='bbox 394 1257 699 1320; x_wconf 80' lang='lat' dir='ltr'><strong>staticam</strong></span> <span class='ocrx_word' id='word_1_58' title='bbox 728 1265 792 1320; x_wconf 90' lang='lat' dir='ltr'><strong>et</strong></span> <span class='ocrx_word' id='word_1_59' title='bbox 830 1258 1211 1332; x_wconf 85' lang='lat' dir='ltr'><strong>subsistens,</strong></span> <span class='ocrx_word' id='word_1_60' title='bbox 1246 1258 1789 1322; x_wconf 75' lang='lat' dir='ltr'><strong>consubstantiale</strong></span> <span class='ocrx_word' id='word_1_61' title='bbox 1826 1277 1901 1322; x_wconf 89' lang='lat' dir='ltr'><strong>ac</strong></span> 
     </span>
     <span class='ocr_line' id='line_1_10' title="bbox 395 1354 1901 1439; baseline 0.003 -23"><span class='ocrx_word' id='word_1_62' title='bbox 395 1354 689 1436; x_wconf 85' lang='lat' dir='ltr'><strong>plenarie</strong></span> <span class='ocrx_word' id='word_1_63' title='bbox 746 1363 1231 1438; x_wconf 64' lang='lat' dir='ltr'><strong>repraesentans,</strong></span> <span class='ocrx_word' id='word_1_64' title='bbox 1286 1357 1351 1419; x_wconf 90' lang='lat' dir='ltr'><strong>in</strong></span> <span class='ocrx_word' id='word_1_65' title='bbox 1400 1375 1529 1439; x_wconf 88' lang='lat' dir='ltr'><strong>quo</strong></span> <span class='ocrx_word' id='word_1_66' title='bbox 1584 1356 1901 1438; x_wconf 88' lang='lat' dir='ltr'><strong>quidquid</strong></span> 
     </span>
     <span class='ocr_line' id='line_1_11' title="bbox 394 1453 1901 1537; baseline 0.001 -21"><span class='ocrx_word' id='word_1_67' title='bbox 394 1453 601 1516; x_wconf 85' lang='lat' dir='ltr'><strong>Patris</strong></span> <span class='ocrx_word' id='word_1_68' title='bbox 638 1460 757 1528; x_wconf 88' lang='lat' dir='ltr'><strong>est,</strong></span> <span class='ocrx_word' id='word_1_69' title='bbox 789 1453 979 1536; x_wconf 90' lang='lat' dir='ltr'><strong>plene</strong></span> <span class='ocrx_word' id='word_1_70' title='bbox 1024 1456 1291 1518; x_wconf 89' lang='lat' dir='ltr'><strong>omnino</strong></span> <span class='ocrx_word' id='word_1_71' title='bbox 1328 1475 1403 1518; x_wconf 89' lang='lat' dir='ltr'><strong>ac</strong></span> <span class='ocrx_word' id='word_1_72' title='bbox 1448 1454 1901 1537; x_wconf 87' lang='lat' dir='ltr'><strong>limpidissime</strong></span> 
     </span>
     <span class='ocr_line' id='line_1_12' title="bbox 396 1551 1901 1634; baseline 0.002 -21"><span class='ocrx_word' id='word_1_73' title='bbox 396 1551 699 1634; x_wconf 87' lang='lat' dir='ltr'><strong>splendet</strong></span> <span class='ocrx_word' id='word_1_74' title='bbox 726 1571 800 1615; x_wconf 92' lang='lat' dir='ltr'><strong>ac</strong></span> <span class='ocrx_word' id='word_1_75' title='bbox 830 1551 1189 1616; x_wconf 83' lang='lat' dir='ltr'><strong>declaratur</strong></span> <span class='ocrx_word' id='word_1_76' title='bbox 1224 1571 1239 1616; x_wconf 90' lang='lat'>:</span> <span class='ocrx_word' id='word_1_77' title='bbox 1274 1554 1515 1617; x_wconf 90' lang='lat' dir='ltr'><strong>idcirco</strong></span> <span class='ocrx_word' id='word_1_78' title='bbox 1546 1553 1755 1633; x_wconf 88' lang='lat' dir='ltr'><strong>imago</strong></span> <span class='ocrx_word' id='word_1_79' title='bbox 1792 1553 1901 1616; x_wconf 90' lang='lat' dir='ltr'><strong>Pa·</strong></span> 
     </span>
     <span class='ocr_line' id='line_1_13' title="bbox 394 1650 1905 1733; baseline 0.001 -21"><span class='ocrx_word' id='word_1_80' title='bbox 394 1650 521 1712; x_wconf 91' lang='lat' dir='ltr'><strong>tris</strong></span> <span class='ocrx_word' id='word_1_81' title='bbox 558 1651 844 1733; x_wconf 81' lang='lat' dir='ltr'><strong>perfecta</strong></span> <span class='ocrx_word' id='word_1_82' title='bbox 887 1669 963 1714; x_wconf 88' lang='lat' dir='ltr'><strong>ac</strong></span> <span class='ocrx_word' id='word_1_83' title='bbox 1006 1652 1313 1715; x_wconf 90' lang='lat' dir='ltr'><strong>naturalis</strong></span> <span class='ocrx_word' id='word_1_84' title='bbox 1354 1660 1671 1715; x_wconf 88' lang='lat' dir='ltr'><strong>censetur.</strong></span> <span class='ocrx_word' id='word_1_85' title='bbox 1706 1651 1905 1715; x_wconf 81' lang='lat' dir='ltr'><strong>Filius</strong></span> 
     </span>
     <span class='ocr_line' id='line_1_14' title="bbox 395 1750 1901 1833; baseline 0.001 -23"><span class='ocrx_word' id='word_1_86' title='bbox 395 1766 661 1832; x_wconf 83' lang='lat' dir='ltr'><strong>quoque</strong></span> <span class='ocrx_word' id='word_1_87' title='bbox 702 1750 901 1813; x_wconf 86' lang='lat' dir='ltr'><strong>Patris</strong></span> <span class='ocrx_word' id='word_1_88' title='bbox 930 1750 1049 1812; x_wconf 86' lang='lat' dir='ltr'><strong>rite</strong></span> <span class='ocrx_word' id='word_1_89' title='bbox 1078 1768 1153 1812; x_wconf 91' lang='lat' dir='ltr'><strong>ac</strong></span> <span class='ocrx_word' id='word_1_90' title='bbox 1184 1751 1441 1833; x_wconf 87' lang='lat' dir='ltr'><strong>proprie</strong></span> <span class='ocrx_word' id='word_1_91' title='bbox 1472 1757 1901 1832; x_wconf 85' lang='lat' dir='ltr'><strong>nuncupatur,</strong></span> 
     </span>
    </p>
   </div>
   <div class='ocr_carea' id='block_1_5' title="bbox 2011 767 3516 1832">
    <p class='ocr_par' dir='ltr' id='par_1_5' title="bbox 2011 767 3516 1832">
     <span class='ocr_line' id='line_1_15' title="bbox 2012 767 3512 834; baseline 0.003 -6"><span class='ocrx_word' id='word_1_92' title='bbox 2012 767 2278 830; x_wconf 82' lang='lat' dir='ltr'><strong>tentiam</strong></span> <span class='ocrx_word' id='word_1_93' title='bbox 2328 777 2394 832; x_wconf 91' lang='lat' dir='ltr'><strong>et</strong></span> <span class='ocrx_word' id='word_1_94' title='bbox 2445 771 2764 834; x_wconf 87' lang='lat' dir='ltr'><strong>actionem</strong></span> <span class='ocrx_word' id='word_1_95' title='bbox 2823 770 3080 833; x_wconf 84' lang='lat' dir='ltr'><strong>realiter</strong></span> <span class='ocrx_word' id='word_1_96' title='bbox 3135 769 3512 833; x_wconf 87' lang='lat' dir='ltr'><strong>differentes</strong></span> 
     </span>
     <span class='ocr_line' id='line_1_16' title="bbox 2011 864 3512 949; baseline 0.003 -23"><span class='ocrx_word' id='word_1_97' title='bbox 2011 864 2092 927; x_wconf 85' lang='lat' dir='ltr'><strong>ab</strong></span> <span class='ocrx_word' id='word_1_98' title='bbox 2124 865 2426 938; x_wconf 89' lang='lat' dir='ltr'><strong>invicem,</strong></span> <span class='ocrx_word' id='word_1_99' title='bbox 2458 874 2650 949; x_wconf 88' lang='lat' dir='ltr'><strong>atque</strong></span> <span class='ocrx_word' id='word_1_100' title='bbox 2691 887 2730 930; x_wconf 98' lang='lat' dir='ltr'><strong>a</strong></span> <span class='ocrx_word' id='word_1_101' title='bbox 2769 875 3112 949; x_wconf 80' lang='lat' dir='ltr'><strong>generante</strong></span> <span class='ocrx_word' id='word_1_102' title='bbox 3152 874 3216 930; x_wconf 89' lang='lat' dir='ltr'><strong>et</strong></span> <span class='ocrx_word' id='word_1_103' title='bbox 3253 867 3334 931; x_wconf 90' lang='lat' dir='ltr'><strong>ab</strong></span> <span class='ocrx_word' id='word_1_104' title='bbox 3371 867 3512 948; x_wconf 87' lang='lat' dir='ltr'><strong>ejus</strong></span> 
     </span>
     <span class='ocr_line' id='line_1_17' title="bbox 2012 964 3512 1030; baseline 0.003 -5"><span class='ocrx_word' id='word_1_105' title='bbox 2012 965 2292 1026; x_wconf 84' lang='lat' dir='ltr'><strong>essentia</strong></span> <span class='ocrx_word' id='word_1_106' title='bbox 2325 981 2338 1026; x_wconf 92' lang='lat'>:</span> <span class='ocrx_word' id='word_1_107' title='bbox 2371 964 2524 1028; x_wconf 88' lang='lat' dir='ltr'><strong>hinc</strong></span> <span class='ocrx_word' id='word_1_108' title='bbox 2555 965 2622 1027; x_wconf 90' lang='lat' dir='ltr'><strong>in</strong></span> <span class='ocrx_word' id='word_1_109' title='bbox 2652 965 2960 1028; x_wconf 84' lang='lat' dir='ltr'><strong>creaturis</strong></span> <span class='ocrx_word' id='word_1_110' title='bbox 2989 982 3118 1030; x_wconf 90' lang='lat' dir='ltr'><strong>non</strong></span> <span class='ocrx_word' id='word_1_111' title='bbox 3148 971 3246 1029; x_wconf 86' lang='lat' dir='ltr'><strong>est</strong></span> <span class='ocrx_word' id='word_1_112' title='bbox 3287 965 3512 1030; x_wconf 89' lang='lat' dir='ltr'><strong>eadem</strong></span> 
     </span>
     <span class='ocr_line' id='line_1_18' title="bbox 2014 1061 3512 1145; baseline 0.003 -23"><span class='ocrx_word' id='word_1_113' title='bbox 2014 1079 2285 1125; x_wconf 88' lang='lat' dir='ltr'><strong>numero</strong></span> <span class='ocrx_word' id='word_1_114' title='bbox 2333 1061 2688 1126; x_wconf 89' lang='lat' dir='ltr'><strong>substantia</strong></span> <span class='ocrx_word' id='word_1_115' title='bbox 2743 1081 2855 1126; x_wconf 91' lang='lat' dir='ltr'><strong>seu</strong></span> <span class='ocrx_word' id='word_1_116' title='bbox 2917 1069 3141 1127; x_wconf 88' lang='lat' dir='ltr'><strong>natura</strong></span> <span class='ocrx_word' id='word_1_117' title='bbox 3201 1063 3266 1126; x_wconf 91' lang='lat' dir='ltr'><strong>in</strong></span> <span class='ocrx_word' id='word_1_118' title='bbox 3323 1081 3512 1145; x_wconf 88' lang='lat' dir='ltr'><strong>gene·</strong></span> 
     </span>
     <span class='ocr_line' id='line_1_19' title="bbox 2014 1158 3512 1242; baseline 0.003 -22"><span class='ocrx_word' id='word_1_119' title='bbox 2014 1166 2192 1222; x_wconf 89' lang='lat' dir='ltr'><strong>rante</strong></span> <span class='ocrx_word' id='word_1_120' title='bbox 2223 1166 2288 1222; x_wconf 89' lang='lat' dir='ltr'><strong>et</strong></span> <span class='ocrx_word' id='word_1_121' title='bbox 2313 1159 2550 1241; x_wconf 89' lang='lat' dir='ltr'><strong>genito,</strong></span> <span class='ocrx_word' id='word_1_122' title='bbox 2585 1179 2696 1224; x_wconf 90' lang='lat' dir='ltr'><strong>seu</strong></span> <span class='ocrx_word' id='word_1_123' title='bbox 2729 1168 2906 1242; x_wconf 88' lang='lat' dir='ltr'><strong>patre</strong></span> <span class='ocrx_word' id='word_1_124' title='bbox 2937 1168 3002 1223; x_wconf 91' lang='lat' dir='ltr'><strong>et</strong></span> <span class='ocrx_word' id='word_1_125' title='bbox 3030 1158 3190 1226; x_wconf 89' lang='lat' dir='ltr'><strong>filio.</strong></span> <span class='ocrx_word' id='word_1_126' title='bbox 3214 1195 3296 1206; x_wconf 90' lang='lat'><strong>—-</strong></span> <span class='ocrx_word' id='word_1_127' title='bbox 3326 1161 3512 1224; x_wconf 90' lang='lat' dir='ltr'><strong>Deni-</strong></span> 
     </span>
     <span class='ocr_line' id='line_1_20' title="bbox 2014 1257 3512 1341; baseline 0.003 -23"><span class='ocrx_word' id='word_1_128' title='bbox 2014 1275 2139 1338; x_wconf 90' lang='lat' dir='ltr'><strong>que</strong></span> <span class='ocrx_word' id='word_1_129' title='bbox 2171 1257 2236 1320; x_wconf 90' lang='lat' dir='ltr'><strong>in</strong></span> <span class='ocrx_word' id='word_1_130' title='bbox 2264 1258 2546 1338; x_wconf 89' lang='lat' dir='ltr'><strong>generali</strong></span> <span class='ocrx_word' id='word_1_131' title='bbox 2579 1258 2917 1341; x_wconf 87' lang='lat' dir='ltr'><strong>loquendo,</strong></span> <span class='ocrx_word' id='word_1_132' title='bbox 2933 1258 3011 1320; x_wconf 90' lang='lat' dir='ltr'><strong>de</strong></span> <span class='ocrx_word' id='word_1_133' title='bbox 3041 1257 3286 1323; x_wconf 87' lang='lat' dir='ltr'><strong>ratione</strong></span> <span class='ocrx_word' id='word_1_134' title='bbox 3316 1259 3512 1341; x_wconf 88' lang='lat' dir='ltr'><strong>patris</strong></span> 
     </span>
     <span class='ocr_line' id='line_1_21' title="bbox 2016 1355 3514 1438; baseline 0.001 -20"><span class='ocrx_word' id='word_1_135' title='bbox 2016 1355 2274 1437; x_wconf 90' lang='lat' dir='ltr'><strong>proprie</strong></span> <span class='ocrx_word' id='word_1_136' title='bbox 2330 1355 2570 1438; x_wconf 86' lang='lat' dir='ltr'><strong>sumpti</strong></span> <span class='ocrx_word' id='word_1_137' title='bbox 2629 1363 2726 1418; x_wconf 91' lang='lat' dir='ltr'><strong>est</strong></span> <span class='ocrx_word' id='word_1_138' title='bbox 2773 1357 2942 1438; x_wconf 89' lang='lat' dir='ltr'><strong>quod</strong></span> <span class='ocrx_word' id='word_1_139' title='bbox 2992 1357 3076 1418; x_wconf 91' lang='lat' dir='ltr'><strong>sit</strong></span> <span class='ocrx_word' id='word_1_140' title='bbox 3123 1375 3223 1420; x_wconf 91' lang='lat' dir='ltr'><strong>res</strong></span> <span class='ocrx_word' id='word_1_141' title='bbox 3271 1357 3350 1420; x_wconf 92' lang='lat' dir='ltr'><strong>de</strong></span> <span class='ocrx_word' id='word_1_142' title='bbox 3399 1377 3514 1421; x_wconf 90' lang='lat' dir='ltr'><strong>sua</strong></span> 
     </span>
     <span class='ocr_line' id='line_1_22' title="bbox 2016 1452 3514 1536; baseline 0.003 -22"><span class='ocrx_word' id='word_1_143' title='bbox 2016 1452 2372 1516; x_wconf 85' lang='lat' dir='ltr'><strong>substantia</strong></span> <span class='ocrx_word' id='word_1_144' title='bbox 2402 1454 2760 1536; x_wconf 88' lang='lat' dir='ltr'><strong>producens</strong></span> <span class='ocrx_word' id='word_1_145' title='bbox 2801 1455 3012 1517; x_wconf 89' lang='lat' dir='ltr'><strong>simile</strong></span> <span class='ocrx_word' id='word_1_146' title='bbox 3049 1453 3174 1518; x_wconf 86' lang='lat' dir='ltr'><strong>sibi</strong></span> <span class='ocrx_word' id='word_1_147' title='bbox 3209 1472 3224 1518; x_wconf 75' lang='grc' dir='ltr'>ε</span> <span class='ocrx_word' id='word_1_148' title='bbox 3259 1455 3411 1518; x_wconf 88' lang='lat' dir='ltr'><strong>hinc</strong></span> <span class='ocrx_word' id='word_1_149' title='bbox 3449 1463 3514 1518; x_wconf 92' lang='lat' dir='ltr'><strong>et</strong></span> 
     </span>
     <span class='ocr_line' id='line_1_23' title="bbox 2014 1550 3516 1635; baseline 0.003 -22"><span class='ocrx_word' id='word_1_150' title='bbox 2014 1550 2180 1614; x_wconf 90' lang='lat' dir='ltr'><strong>Patri</strong></span> <span class='ocrx_word' id='word_1_151' title='bbox 2213 1551 2278 1614; x_wconf 91' lang='lat' dir='ltr'><strong>in</strong></span> <span class='ocrx_word' id='word_1_152' title='bbox 2319 1551 2556 1614; x_wconf 90' lang='lat' dir='ltr'><strong>divinis</strong></span> <span class='ocrx_word' id='word_1_153' title='bbox 2597 1552 2662 1614; x_wconf 92' lang='lat' dir='ltr'><strong>id</strong></span> <span class='ocrx_word' id='word_1_154' title='bbox 2705 1553 3026 1616; x_wconf 86' lang='lat' dir='ltr'><strong>convenit.</strong></span> <span class='ocrx_word' id='word_1_155' title='bbox 3059 1553 3136 1616; x_wconf 85' lang='lat' dir='ltr'><strong>Et</strong></span> <span class='ocrx_word' id='word_1_156' title='bbox 3177 1571 3370 1616; x_wconf 88' lang='lat' dir='ltr'><strong>omne</strong></span> <span class='ocrx_word' id='word_1_157' title='bbox 3413 1573 3516 1635; x_wconf 94' lang='lat' dir='ltr'><strong>ge-</strong></span> 
     </span>
     <span class='ocr_line' id='line_1_24' title="bbox 2014 1650 3514 1734; baseline 0.003 -24"><span class='ocrx_word' id='word_1_158' title='bbox 2014 1667 2260 1722; x_wconf 74' lang='lat' dir='ltr'><strong>neranS,</strong></span> <span class='ocrx_word' id='word_1_159' title='bbox 2283 1657 2572 1712; x_wconf 89' lang='lat' dir='ltr'><strong>naturam</strong></span> <span class='ocrx_word' id='word_1_160' title='bbox 2604 1669 2784 1712; x_wconf 82' lang='lat' dir='ltr'><strong>suam</strong></span> <span class='ocrx_word' id='word_1_161' title='bbox 2817 1650 3250 1714; x_wconf 88' lang='lat' dir='ltr'><strong>communicat</strong></span> <span class='ocrx_word' id='word_1_162' title='bbox 3274 1652 3514 1734; x_wconf 89' lang='lat' dir='ltr'><strong>genito,</strong></span> 
     </span>
     <span class='ocr_line' id='line_1_25' title="bbox 2016 1747 3514 1832; baseline 0.003 -24"><span class='ocrx_word' id='word_1_163' title='bbox 2016 1753 2081 1808; x_wconf 93' lang='lat' dir='ltr'><strong>et</strong></span> <span class='ocrx_word' id='word_1_164' title='bbox 2124 1747 2530 1810; x_wconf 84' lang='lat' dir='ltr'><strong>essentialem</strong></span> <span class='ocrx_word' id='word_1_165' title='bbox 2589 1747 3077 1812; x_wconf 89' lang='lat' dir='ltr'><strong>similitudinem</strong></span> <span class='ocrx_word' id='word_1_166' title='bbox 3135 1749 3235 1812; x_wconf 89' lang='lat' dir='ltr'><strong>sui</strong></span> <span class='ocrx_word' id='word_1_167' title='bbox 3296 1749 3514 1832; x_wconf 89' lang='lat' dir='ltr'><strong>impri-</strong></span> 
     </span>
    </p>
   </div>
   <div class='ocr_carea' id='block_1_6' title="bbox 394 1843 3512 1930">
    <p class='ocr_par' dir='ltr' id='par_1_6' title="bbox 394 1843 3512 1930">
     <span class='ocr_line' id='line_1_26' title="bbox 394 1843 3512 1930; baseline 0 -21"><span class='ocrx_word' id='word_1_168' title='bbox 394 1848 559 1928; x_wconf 89' lang='lat' dir='ltr'><strong>quia</strong></span> <span class='ocrx_word' id='word_1_169' title='bbox 586 1848 934 1910; x_wconf 89' lang='lat' dir='ltr'><strong>secundum</strong></span> <span class='ocrx_word' id='word_1_170' title='bbox 966 1848 1271 1911; x_wconf 90' lang='lat' dir='ltr'><strong>rationem</strong></span> <span class='ocrx_word' id='word_1_171' title='bbox 1302 1847 1735 1910; x_wconf 88' lang='lat' dir='ltr'><strong>similitudinis</strong></span> <span class='ocrx_word' id='word_1_172' title='bbox 1764 1864 1901 1930; x_wconf 90' lang='lat' dir='ltr'><strong>pro-</strong></span> <span class='ocrx_word' id='word_1_173' title='bbox 1934 1847 1981 1912; x_wconf 88' lang='lat' dir='ltr'>B</span> <span class='ocrx_word' id='word_1_174' title='bbox 2018 1843 2137 1908; x_wconf 88' lang='lat' dir='ltr'><strong>mit</strong></span> <span class='ocrx_word' id='word_1_175' title='bbox 2167 1844 2252 1918; x_wconf 88' lang='lat' dir='ltr'><strong>ei,</strong></span> <span class='ocrx_word' id='word_1_176' title='bbox 2285 1846 2406 1908; x_wconf 90' lang='lat' dir='ltr'><strong>hoc</strong></span> <span class='ocrx_word' id='word_1_177' title='bbox 2445 1853 2564 1918; x_wconf 86' lang='lat' dir='ltr'><strong>est,</strong></span> <span class='ocrx_word' id='word_1_178' title='bbox 2608 1845 3100 1909; x_wconf 89' lang='lat' dir='ltr'><strong>similitudinem</strong></span> <span class='ocrx_word' id='word_1_179' title='bbox 3139 1847 3512 1929; x_wconf 84' lang='lat' dir='ltr'><strong>specificam</strong></span> 
     </span>
    </p>
   </div>
   <div class='ocr_carea' id='block_1_7' title="bbox 390 1945 1908 3010">
    <p class='ocr_par' dir='ltr' id='par_1_7' title="bbox 390 1945 1908 3010">
     <span class='ocr_line' id='line_1_27' title="bbox 394 1945 1905 2030; baseline 0.001 -24"><span class='ocrx_word' id='word_1_180' title='bbox 394 1945 573 2007; x_wconf 87' lang='lat' dir='ltr'><strong>cedit</strong></span> <span class='ocrx_word' id='word_1_181' title='bbox 630 1965 703 2008; x_wconf 88' lang='lat' dir='ltr'><strong>ac</strong></span> <span class='ocrx_word' id='word_1_182' title='bbox 758 1947 1061 2028; x_wconf 77' lang='lat' dir='ltr'><strong>gignitur.</strong></span> <span class='ocrx_word' id='word_1_183' title='bbox 1115 1946 1521 2028; x_wconf 76' lang='lat' dir='ltr'><strong>progreditur</strong></span> <span class='ocrx_word' id='word_1_184' title='bbox 1575 1947 1815 2030; x_wconf 90' lang='lat' dir='ltr'><strong>quippe</strong></span> <span class='ocrx_word' id='word_1_185' title='bbox 1866 1965 1905 2008; x_wconf 88' lang='lat' dir='ltr'><strong>a</strong></span> 
     </span>
     <span class='ocr_line' id='line_1_28' title="bbox 392 2041 1903 2127; baseline 0.003 -24"><span class='ocrx_word' id='word_1_186' title='bbox 392 2041 583 2105; x_wconf 86' lang='lat' dir='ltr'><strong>Patre</strong></span> <span class='ocrx_word' id='word_1_187' title='bbox 614 2061 725 2124; x_wconf 90' lang='lat' dir='ltr'><strong>per</strong></span> <span class='ocrx_word' id='word_1_188' title='bbox 754 2043 1177 2118; x_wconf 86' lang='lat' dir='ltr'><strong>intellectum,</strong></span> <span class='ocrx_word' id='word_1_189' title='bbox 1197 2043 1383 2125; x_wconf 86' lang='lat' dir='ltr'><strong>cujus</strong></span> <span class='ocrx_word' id='word_1_190' title='bbox 1415 2043 1727 2127; x_wconf 74' lang='lat' dir='ltr'><strong>perfectio</strong></span> <span class='ocrx_word' id='word_1_191' title='bbox 1756 2061 1903 2107; x_wconf 89' lang='lat' dir='ltr'><strong>con·</strong></span> 
     </span>
     <span class='ocr_line' id='line_1_29' title="bbox 394 2141 1908 2206; baseline 0.001 -4"><span class='ocrx_word' id='word_1_192' title='bbox 394 2141 575 2203; x_wconf 89' lang='lat' dir='ltr'><strong>sistit</strong></span> <span class='ocrx_word' id='word_1_193' title='bbox 604 2141 669 2204; x_wconf 91' lang='lat' dir='ltr'><strong>in</strong></span> <span class='ocrx_word' id='word_1_194' title='bbox 699 2141 1159 2206; x_wconf 86' lang='lat' dir='ltr'><strong>assimilatione</strong></span> <span class='ocrx_word' id='word_1_195' title='bbox 1188 2161 1304 2205; x_wconf 85' lang='lat' dir='ltr'><strong>seu</strong></span> <span class='ocrx_word' id='word_1_196' title='bbox 1332 2142 1779 2206; x_wconf 84' lang='lat' dir='ltr'><strong>conformitate</strong></span> <span class='ocrx_word' id='word_1_197' title='bbox 1812 2143 1908 2205; x_wconf 92' lang='lat' dir='ltr'><strong>in-</strong></span> 
     </span>
     <span class='ocr_line' id='line_1_30' title="bbox 392 2238 1905 2321; baseline 0.001 -21"><span class='ocrx_word' id='word_1_198' title='bbox 392 2238 749 2319; x_wconf 88' lang='lat' dir='ltr'><strong>telligentis</strong></span> <span class='ocrx_word' id='word_1_199' title='bbox 777 2258 851 2303; x_wconf 91' lang='lat' dir='ltr'><strong>ac</strong></span> <span class='ocrx_word' id='word_1_200' title='bbox 884 2239 1321 2321; x_wconf 62' lang='lat' dir='ltr'><strong>intelligentia</strong></span> <span class='ocrx_word' id='word_1_201' title='bbox 1360 2259 1491 2304; x_wconf 82' lang='lat' dir='ltr'><strong>suae</strong></span> <span class='ocrx_word' id='word_1_202' title='bbox 1528 2240 1607 2302; x_wconf 92' lang='lat' dir='ltr'><strong>ad</strong></span> <span class='ocrx_word' id='word_1_203' title='bbox 1638 2259 1773 2303; x_wconf 90' lang='lat' dir='ltr'><strong>rem</strong></span> <span class='ocrx_word' id='word_1_204' title='bbox 1814 2239 1905 2302; x_wconf 90' lang='lat' dir='ltr'><strong>in-</strong></span> 
     </span>
     <span class='ocr_line' id='line_1_31' title="bbox 396 2336 1905 2422; baseline 0.001 -24"><span class='ocrx_word' id='word_1_205' title='bbox 396 2336 1279 2420; x_wconf 87' lang='lat' dir='ltr'><strong>tellectam.Denique,quum</strong></span> <span class='ocrx_word' id='word_1_206' title='bbox 1310 2337 1473 2400; x_wconf 90' lang='lat' dir='ltr'><strong>Deus</strong></span> <span class='ocrx_word' id='word_1_207' title='bbox 1502 2338 1905 2422; x_wconf 85' lang='lat' dir='ltr'><strong>omnipotens</strong></span> 
     </span>
     <span class='ocr_line' id='line_1_32' title="bbox 394 2434 1905 2519; baseline 0.002 -22"><span class='ocrx_word' id='word_1_208' title='bbox 394 2443 745 2516; x_wconf 87' lang='lat' dir='ltr'><strong>eognoscat</strong></span> <span class='ocrx_word' id='word_1_209' title='bbox 772 2434 1057 2519; x_wconf 84' lang='lat' dir='ltr'><strong>perfecte</strong></span> <span class='ocrx_word' id='word_1_210' title='bbox 1086 2455 1155 2499; x_wconf 91' lang='lat' dir='ltr'><strong>se</strong></span> <span class='ocrx_word' id='word_1_211' title='bbox 1186 2437 1423 2519; x_wconf 91' lang='lat' dir='ltr'><strong>ipsum,</strong></span> <span class='ocrx_word' id='word_1_212' title='bbox 1444 2437 1580 2519; x_wconf 88' lang='lat' dir='ltr'><strong>ipse</strong></span> <span class='ocrx_word' id='word_1_213' title='bbox 1610 2443 1708 2499; x_wconf 89' lang='lat' dir='ltr'><strong>est</strong></span> <span class='ocrx_word' id='word_1_214' title='bbox 1740 2437 1805 2500; x_wconf 90' lang='lat' dir='ltr'><strong>in</strong></span> <span class='ocrx_word' id='word_1_215' title='bbox 1836 2455 1905 2500; x_wconf 91' lang='lat' dir='ltr'><strong>se</strong></span> 
     </span>
     <span class='ocr_line' id='line_1_33' title="bbox 396 2533 1905 2616; baseline 0 -20"><span class='ocrx_word' id='word_1_216' title='bbox 396 2534 551 2616; x_wconf 88' lang='lat' dir='ltr'><strong>ipso</strong></span> <span class='ocrx_word' id='word_1_217' title='bbox 578 2534 743 2596; x_wconf 88' lang='lat' dir='ltr'><strong>sicut</strong></span> <span class='ocrx_word' id='word_1_218' title='bbox 770 2535 1097 2616; x_wconf 82' lang='lat' dir='ltr'><strong>cognitum</strong></span> <span class='ocrx_word' id='word_1_219' title='bbox 1130 2534 1195 2598; x_wconf 90' lang='lat' dir='ltr'><strong>in</strong></span> <span class='ocrx_word' id='word_1_220' title='bbox 1226 2542 1665 2616; x_wconf 88' lang='lat' dir='ltr'><strong>cognoscente.</strong></span> <span class='ocrx_word' id='word_1_221' title='bbox 1682 2533 1905 2615; x_wconf 90' lang='lat' dir='ltr'><strong>Cogni-</strong></span> 
     </span>
     <span class='ocr_line' id='line_1_34' title="bbox 394 2632 1901 2715; baseline 0 -21"><span class='ocrx_word' id='word_1_222' title='bbox 394 2641 547 2694; x_wconf 87' lang='lat' dir='ltr'><strong>tum</strong></span> <span class='ocrx_word' id='word_1_223' title='bbox 574 2639 785 2694; x_wconf 88' lang='lat' dir='ltr'><strong>autem</strong></span> <span class='ocrx_word' id='word_1_224' title='bbox 816 2634 1171 2696; x_wconf 84' lang='lat' dir='ltr'><strong>secundum</strong></span> <span class='ocrx_word' id='word_1_225' title='bbox 1204 2633 1515 2696; x_wconf 91' lang='lat' dir='ltr'><strong>rationem</strong></span> <span class='ocrx_word' id='word_1_226' title='bbox 1546 2651 1673 2715; x_wconf 88' lang='lat' dir='ltr'><strong>qua</strong></span> <span class='ocrx_word' id='word_1_227' title='bbox 1702 2639 1795 2695; x_wconf 86' lang='lat' dir='ltr'><strong>est</strong></span> <span class='ocrx_word' id='word_1_228' title='bbox 1836 2632 1901 2694; x_wconf 90' lang='lat' dir='ltr'><strong>in</strong></span> 
     </span>
     <span class='ocr_line' id='line_1_35' title="bbox 392 2730 1905 2812; baseline 0.003 -20"><span class='ocrx_word' id='word_1_229' title='bbox 392 2739 849 2810; x_wconf 87' lang='lat' dir='ltr'><strong>cognoscente,</strong></span> <span class='ocrx_word' id='word_1_230' title='bbox 890 2739 987 2794; x_wconf 90' lang='lat' dir='ltr'><strong>est</strong></span> <span class='ocrx_word' id='word_1_231' title='bbox 1022 2731 1290 2812; x_wconf 87' lang='lat' dir='ltr'><strong>species,</strong></span> <span class='ocrx_word' id='word_1_232' title='bbox 1324 2731 1505 2806; x_wconf 85' lang='lat' dir='ltr'><strong>ratio,</strong></span> <span class='ocrx_word' id='word_1_233' title='bbox 1548 2730 1905 2796; x_wconf 90' lang='lat' dir='ltr'><strong>similitudo</strong></span> 
     </span>
     <span class='ocr_line' id='line_1_36' title="bbox 392 2829 1903 2911; baseline 0 -19"><span class='ocrx_word' id='word_1_234' title='bbox 392 2837 465 2892; x_wconf 89' lang='lat' dir='ltr'><strong>et</strong></span> <span class='ocrx_word' id='word_1_235' title='bbox 528 2829 795 2892; x_wconf 85' lang='lat' dir='ltr'><strong>verbum</strong></span> <span class='ocrx_word' id='word_1_236' title='bbox 854 2829 1299 2911; x_wconf 86' lang='lat' dir='ltr'><strong>cognoscentis</strong></span> <span class='ocrx_word' id='word_1_237' title='bbox 1344 2847 1419 2892; x_wconf 87' lang='lat' dir='ltr'><strong>ac</strong></span> <span class='ocrx_word' id='word_1_238' title='bbox 1464 2829 1729 2910; x_wconf 89' lang='lat' dir='ltr'><strong>cogniti,</strong></span> <span class='ocrx_word' id='word_1_239' title='bbox 1782 2829 1903 2892; x_wconf 88' lang='lat' dir='ltr'><strong>boc</strong></span> 
     </span>
     <span class='ocr_line' id='line_1_37' title="bbox 390 2927 1903 3010; baseline -0.001 -20"><span class='ocrx_word' id='word_1_240' title='bbox 390 2935 501 2990; x_wconf 87' lang='lat' dir='ltr'><strong>est</strong></span> <span class='ocrx_word' id='word_1_241' title='bbox 545 2927 835 3002; x_wconf 84' lang='lat' dir='ltr'><strong>verbum,</strong></span> <span class='ocrx_word' id='word_1_242' title='bbox 876 2927 1234 2991; x_wconf 89' lang='lat' dir='ltr'><strong>similitudo</strong></span> <span class='ocrx_word' id='word_1_243' title='bbox 1270 2935 1334 2991; x_wconf 92' lang='lat' dir='ltr'><strong>et</strong></span> <span class='ocrx_word' id='word_1_244' title='bbox 1371 2928 1531 2991; x_wconf 88' lang='lat' dir='ltr'><strong>ratio</strong></span> <span class='ocrx_word' id='word_1_245' title='bbox 1568 2947 1759 3010; x_wconf 88' lang='lat' dir='ltr'><strong>quam</strong></span> <span class='ocrx_word' id='word_1_246' title='bbox 1802 2944 1903 2989; x_wconf 90' lang='lat' dir='ltr'><strong>co·</strong></span> 
     </span>
    </p>
   </div>
   <div class='ocr_carea' id='block_1_8' title="bbox 2011 1943 3515 2715">
    <p class='ocr_par' dir='ltr' id='par_1_8' title="bbox 2011 1943 3515 2715">
     <span class='ocr_line' id='line_1_38' title="bbox 2014 1943 3514 2027; baseline 0.003 -23"><span class='ocrx_word' id='word_1_247' title='bbox 2014 1961 2147 2006; x_wconf 79' lang='lat' dir='ltr'><strong>suae</strong></span> <span class='ocrx_word' id='word_1_248' title='bbox 2187 1951 2424 2007; x_wconf 76' lang='lat' dir='ltr'><strong>naturae</strong></span> <span class='ocrx_word' id='word_1_249' title='bbox 2454 1943 2746 2026; x_wconf 85' lang='lat' dir='ltr'><strong>producit</strong></span> <span class='ocrx_word' id='word_1_250' title='bbox 2783 1944 2848 2007; x_wconf 91' lang='lat' dir='ltr'><strong>in</strong></span> <span class='ocrx_word' id='word_1_251' title='bbox 2889 1944 3018 2019; x_wconf 88' lang='lat' dir='ltr'><strong>illo,</strong></span> <span class='ocrx_word' id='word_1_252' title='bbox 3051 1945 3216 2008; x_wconf 90' lang='lat' dir='ltr'><strong>sicut</strong></span> <span class='ocrx_word' id='word_1_253' title='bbox 3252 1952 3314 2007; x_wconf 91' lang='lat' dir='ltr'><strong>et</strong></span> <span class='ocrx_word' id='word_1_254' title='bbox 3353 1946 3514 2027; x_wconf 88' lang='lat' dir='ltr'><strong>ignis</strong></span> 
     </span>
     <span class='ocr_line' id='line_1_39' title="bbox 2012 2041 3514 2124; baseline 0.001 -18"><span class='ocrx_word' id='word_1_255' title='bbox 2012 2041 2221 2123; x_wconf 89' lang='lat' dir='ltr'><strong>ignem</strong></span> <span class='ocrx_word' id='word_1_256' title='bbox 2250 2041 2678 2124; x_wconf 90' lang='lat' dir='ltr'><strong>producendo.</strong></span> <span class='ocrx_word' id='word_1_257' title='bbox 2703 2043 2892 2106; x_wconf 91' lang='lat' dir='ltr'><strong>Porro</strong></span> <span class='ocrx_word' id='word_1_258' title='bbox 2919 2061 3114 2124; x_wconf 87' lang='lat' dir='ltr'><strong>agens</strong></span> <span class='ocrx_word' id='word_1_259' title='bbox 3143 2052 3426 2107; x_wconf 89' lang='lat' dir='ltr'><strong>creatum</strong></span> <span class='ocrx_word' id='word_1_260' title='bbox 3449 2044 3514 2108; x_wconf 91' lang='lat' dir='ltr'><strong>in</strong></span> 
     </span>
     <span class='ocr_line' id='line_1_40' title="bbox 2011 2139 3515 2221; baseline 0.003 -19"><span class='ocrx_word' id='word_1_261' title='bbox 2011 2140 2289 2203; x_wconf 90' lang='lat' dir='ltr'><strong>alienam</strong></span> <span class='ocrx_word' id='word_1_262' title='bbox 2318 2139 2448 2221; x_wconf 88' lang='lat' dir='ltr'><strong>agit</strong></span> <span class='ocrx_word' id='word_1_263' title='bbox 2479 2141 2810 2204; x_wconf 83' lang='lat' dir='ltr'><strong>materiam</strong></span> <span class='ocrx_word' id='word_1_264' title='bbox 2837 2159 2851 2204; x_wconf 75' lang='grc' dir='ltr'>ε</span> <span class='ocrx_word' id='word_1_265' title='bbox 2877 2141 3118 2205; x_wconf 90' lang='lat' dir='ltr'><strong>idcirco</strong></span> <span class='ocrx_word' id='word_1_266' title='bbox 3145 2149 3371 2208; x_wconf 87' lang='lat' dir='ltr'><strong>natura</strong></span> <span class='ocrx_word' id='word_1_267' title='bbox 3401 2162 3515 2207; x_wconf 90' lang='lat' dir='ltr'><strong>sua</strong></span> 
     </span>
     <span class='ocr_line' id='line_1_41' title="bbox 2018 2237 3512 2322; baseline 0.003 -21"><span class='ocrx_word' id='word_1_268' title='bbox 2018 2237 2484 2321; x_wconf 88' lang='lat' dir='ltr'><strong>multiplicatur</strong></span> <span class='ocrx_word' id='word_1_269' title='bbox 2513 2239 2577 2301; x_wconf 93' lang='lat' dir='ltr'><strong>in</strong></span> <span class='ocrx_word' id='word_1_270' title='bbox 2607 2239 2864 2320; x_wconf 88' lang='lat' dir='ltr'><strong>genitis,</strong></span> <span class='ocrx_word' id='word_1_271' title='bbox 2897 2247 3122 2322; x_wconf 87' lang='lat' dir='ltr'><strong>estque</strong></span> <span class='ocrx_word' id='word_1_272' title='bbox 3161 2241 3370 2305; x_wconf 89' lang='lat' dir='ltr'><strong>solum</strong></span> <span class='ocrx_word' id='word_1_273' title='bbox 3411 2259 3512 2304; x_wconf 91' lang='lat' dir='ltr'><strong>ea·</strong></span> 
     </span>
     <span class='ocr_line' id='line_1_42' title="bbox 2012 2336 3514 2422; baseline 0.003 -22"><span class='ocrx_word' id='word_1_274' title='bbox 2012 2338 2164 2400; x_wconf 90' lang='lat' dir='ltr'><strong>dem</strong></span> <span class='ocrx_word' id='word_1_275' title='bbox 2193 2336 2408 2420; x_wconf 88' lang='lat' dir='ltr'><strong>specie</strong></span> <span class='ocrx_word' id='word_1_276' title='bbox 2436 2337 2502 2401; x_wconf 89' lang='lat' dir='ltr'><strong>in</strong></span> <span class='ocrx_word' id='word_1_277' title='bbox 2533 2337 2834 2419; x_wconf 85' lang='lat' dir='ltr'><strong>gignente</strong></span> <span class='ocrx_word' id='word_1_278' title='bbox 2863 2346 2927 2400; x_wconf 91' lang='lat' dir='ltr'><strong>et</strong></span> <span class='ocrx_word' id='word_1_279' title='bbox 2955 2347 3274 2420; x_wconf 85' lang='lat' dir='ltr'><strong>generato.</strong></span> <span class='ocrx_word' id='word_1_280' title='bbox 3296 2341 3514 2422; x_wconf 89' lang='lat' dir='ltr'><strong>ltaque</strong></span> 
     </span>
     <span class='ocr_line' id='line_1_43' title="bbox 2014 2435 3510 2502; baseline 0.003 -4"><span class='ocrx_word' id='word_1_281' title='bbox 2014 2443 2081 2498; x_wconf 91' lang='lat' dir='ltr'><strong>et</strong></span> <span class='ocrx_word' id='word_1_282' title='bbox 2144 2435 2326 2500; x_wconf 89' lang='lat' dir='ltr'><strong>Pater</strong></span> <span class='ocrx_word' id='word_1_283' title='bbox 2383 2435 2448 2498; x_wconf 92' lang='lat' dir='ltr'><strong>in</strong></span> <span class='ocrx_word' id='word_1_284' title='bbox 2515 2435 2751 2498; x_wconf 89' lang='lat' dir='ltr'><strong>divinis</strong></span> <span class='ocrx_word' id='word_1_285' title='bbox 2812 2435 2971 2502; x_wconf 87' lang='lat' dir='ltr'><strong>Filio</strong></span> <span class='ocrx_word' id='word_1_286' title='bbox 3037 2455 3154 2501; x_wconf 90' lang='lat' dir='ltr'><strong>suo</strong></span> <span class='ocrx_word' id='word_1_287' title='bbox 3219 2445 3510 2502; x_wconf 89' lang='lat' dir='ltr'><strong>naturam</strong></span> 
     </span>
     <span class='ocr_line' id='line_1_44' title="bbox 2016 2535 3512 2610; baseline 0.003 -13"><span class='ocrx_word' id='word_1_288' title='bbox 2016 2553 2222 2609; x_wconf 90' lang='lat' dir='ltr'><strong>suam,</strong></span> <span class='ocrx_word' id='word_1_289' title='bbox 2254 2553 2472 2598; x_wconf 87' lang='lat' dir='ltr'><strong>veram</strong></span> <span class='ocrx_word' id='word_1_290' title='bbox 2513 2535 2816 2598; x_wconf 85' lang='lat' dir='ltr'><strong>videlicet</strong></span> <span class='ocrx_word' id='word_1_291' title='bbox 2858 2536 3182 2610; x_wconf 86' lang='lat' dir='ltr'><strong>deitatem,</strong></span> <span class='ocrx_word' id='word_1_292' title='bbox 3229 2555 3512 2602; x_wconf 89' lang='lat' dir='ltr'><strong>commu·</strong></span> 
     </span>
     <span class='ocr_line' id='line_1_45' title="bbox 2018 2633 3514 2715; baseline 0.003 -21"><span class='ocrx_word' id='word_1_293' title='bbox 2018 2633 2190 2696; x_wconf 89' lang='lat' dir='ltr'><strong>nicat</strong></span> <span class='ocrx_word' id='word_1_294' title='bbox 2251 2639 2316 2696; x_wconf 90' lang='lat' dir='ltr'><strong>et</strong></span> <span class='ocrx_word' id='word_1_295' title='bbox 2379 2633 2508 2707; x_wconf 90' lang='lat' dir='ltr'><strong>dat,</strong></span> <span class='ocrx_word' id='word_1_296' title='bbox 2569 2634 3112 2715; x_wconf 87' lang='lat' dir='ltr'><strong>quemadmodum</strong></span> <span class='ocrx_word' id='word_1_297' title='bbox 3181 2635 3378 2698; x_wconf 83' lang='lat' dir='ltr'><strong>Filius</strong></span> <span class='ocrx_word' id='word_1_298' title='bbox 3447 2636 3514 2698; x_wconf 91' lang='lat' dir='ltr'><strong>in</strong></span> 
     </span>
    </p>
   </div>
   <div class='ocr_carea' id='block_1_9' title="bbox 2014 2730 3806 2912">
    <p class='ocr_par' dir='ltr' id='par_1_9' title="bbox 2014 2730 3806 2912">
     <span class='ocr_line' id='line_1_46' title="bbox 2016 2730 3806 2813; baseline 0.006 -21"><span class='ocrx_word' id='word_1_299' title='bbox 2016 2730 2358 2812; x_wconf 80' lang='lat' dir='ltr'><strong>Evangelio</strong></span> <span class='ocrx_word' id='word_1_300' title='bbox 2407 2737 2790 2813; x_wconf 86' lang='lat' dir='ltr'><strong>protestatur</strong></span> <span class='ocrx_word' id='word_1_301' title='bbox 2837 2749 2852 2795; x_wconf 73' lang='grc' dir='ltr'>ε</span> <span class='ocrx_word' id='word_1_302' title='bbox 2898 2731 3078 2794; x_wconf 89' lang='lat' dir='ltr'><strong>Pater</strong></span> <span class='ocrx_word' id='word_1_303' title='bbox 3125 2733 3294 2813; x_wconf 87' lang='lat' dir='ltr'><strong>quod</strong></span> <span class='ocrx_word' id='word_1_304' title='bbox 3337 2733 3514 2796; x_wconf 90' lang='lat' dir='ltr'><strong>dedit</strong></span> <span class='ocrx_word' id='word_1_305' title='bbox 3567 2757 3734 2802; x_wconf 63' lang='lat' dir='ltr'><strong>man.</strong></span> <span class='ocrx_word' id='word_1_306' title='bbox 3761 2771 3806 2812; x_wconf 74' lang='grc' dir='ltr'><strong>ι,</strong></span> 
     </span>
     <span class='ocr_line' id='line_1_47' title="bbox 2014 2825 3610 2912; baseline 0.001 -22"><span class='ocrx_word' id='word_1_307' title='bbox 2014 2827 2199 2901; x_wconf 89' lang='lat' dir='ltr'><strong>mihi,</strong></span> <span class='ocrx_word' id='word_1_308' title='bbox 2223 2827 2431 2909; x_wconf 90' lang='lat' dir='ltr'><strong>majus</strong></span> <span class='ocrx_word' id='word_1_309' title='bbox 2461 2828 2760 2891; x_wconf 89' lang='lat' dir='ltr'><strong>omnibus</strong></span> <span class='ocrx_word' id='word_1_310' title='bbox 2789 2836 2904 2892; x_wconf 90' lang='lat' dir='ltr'><strong>est.</strong></span> <span class='ocrx_word' id='word_1_311' title='bbox 2931 2830 3106 2894; x_wconf 90' lang='lat' dir='ltr'><strong>Unde</strong></span> <span class='ocrx_word' id='word_1_312' title='bbox 3135 2830 3508 2912; x_wconf 86' lang='lat' dir='ltr'><strong>subjunxit:</strong></span> <span class='ocrx_word' id='word_1_313' title='bbox 3541 2825 3610 2868; x_wconf 80' lang='lat'><strong>²⁹·</strong></span> 
     </span>
    </p>
   </div>
   <div class='ocr_carea' id='block_1_10' title="bbox 2016 2925 3754 3011">
    <p class='ocr_par' dir='ltr' id='par_1_10' title="bbox 2016 2925 3754 3011">
     <span class='ocr_line' id='line_1_48' title="bbox 2016 2925 3754 3011; baseline 0.003 -21"><span class='ocrx_word' id='word_1_314' title='bbox 2016 2925 2145 3007; x_wconf 84' lang='lat' dir='ltr'><strong>Ego</strong></span> <span class='ocrx_word' id='word_1_315' title='bbox 2194 2933 2258 2988; x_wconf 90' lang='lat' dir='ltr'><strong>et</strong></span> <span class='ocrx_word' id='word_1_316' title='bbox 2305 2925 2486 2990; x_wconf 89' lang='lat' dir='ltr'><strong>Pater</strong></span> <span class='ocrx_word' id='word_1_317' title='bbox 2528 2946 2730 2994; x_wconf 85' lang='lat' dir='ltr'><strong>unum</strong></span> <span class='ocrx_word' id='word_1_318' title='bbox 2761 2947 3016 2991; x_wconf 81' lang='lat' dir='ltr'><strong>sumus.</strong></span> <span class='ocrx_word' id='word_1_319' title='bbox 3064 2929 3400 3011; x_wconf 86' lang='lat' dir='ltr'><strong>Quumque</strong></span> <span class='ocrx_word' id='word_1_320' title='bbox 3445 2929 3510 2994; x_wconf 91' lang='lat' dir='ltr'><strong>in</strong></span> <span class='ocrx_word' id='word_1_321' title='bbox 3541 2949 3659 2996; x_wconf 71' lang='lat' dir='ltr'><strong>ma.</strong></span> <span class='ocrx_word' id='word_1_322' title='bbox 3687 2953 3754 2996; x_wconf 72' lang='lat' dir='ltr'><strong>ao.</strong></span> 
     </span>
    </p>
   </div>
   <div class='ocr_carea' id='block_1_11' title="bbox 386 3024 3511 3109">
    <p class='ocr_par' dir='ltr' id='par_1_11' title="bbox 386 3024 3511 3109">
     <span class='ocr_line' id='line_1_49' title="bbox 386 3024 3511 3109; baseline 0.001 -21"><span class='ocrx_word' id='word_1_323' title='bbox 386 3043 715 3106; x_wconf 82' lang='lat' dir='ltr'><strong>gnoscens</strong></span> <span class='ocrx_word' id='word_1_324' title='bbox 773 3027 966 3089; x_wconf 89' lang='lat' dir='ltr'><strong>babet</strong></span> <span class='ocrx_word' id='word_1_325' title='bbox 1024 3027 1103 3090; x_wconf 94' lang='lat' dir='ltr'><strong>de</strong></span> <span class='ocrx_word' id='word_1_326' title='bbox 1158 3045 1227 3089; x_wconf 88' lang='lat' dir='ltr'><strong>se</strong></span> <span class='ocrx_word' id='word_1_327' title='bbox 1288 3027 1430 3109; x_wconf 91' lang='lat' dir='ltr'><strong>ipso</strong></span> <span class='ocrx_word' id='word_1_328' title='bbox 1484 3027 1740 3108; x_wconf 87' lang='lat' dir='ltr'><strong>cognito</strong></span> <span class='ocrx_word' id='word_1_329' title='bbox 1796 3033 1905 3088; x_wconf 89' lang='lat' dir='ltr'><strong>aut</strong></span> <span class='ocrx_word' id='word_1_330' title='bbox 1935 3027 1979 3093; x_wconf 86' lang='lat' dir='ltr'>C</span> <span class='ocrx_word' id='word_1_331' title='bbox 2012 3024 2231 3088; x_wconf 87' lang='lat' dir='ltr'><strong>divina</strong></span> <span class='ocrx_word' id='word_1_332' title='bbox 2252 3025 2528 3089; x_wconf 84' lang='lat' dir='ltr'><strong>essentia</strong></span> <span class='ocrx_word' id='word_1_333' title='bbox 2557 3025 2764 3090; x_wconf 90' lang='lat' dir='ltr'><strong>omnis</strong></span> <span class='ocrx_word' id='word_1_334' title='bbox 2795 3027 3106 3109; x_wconf 86' lang='lat' dir='ltr'><strong>perfectio</strong></span> <span class='ocrx_word' id='word_1_335' title='bbox 3133 3027 3511 3103; x_wconf 89' lang='lat' dir='ltr'><strong>includatur,</strong></span> 
     </span>
    </p>
   </div>
   <div class='ocr_carea' id='block_1_12' title="bbox 384 3123 1903 3878">
    <p class='ocr_par' dir='ltr' id='par_1_12' title="bbox 384 3123 1903 3878">
     <span class='ocr_line' id='line_1_50' title="bbox 384 3123 1903 3207; baseline -0.001 -19"><span class='ocrx_word' id='word_1_336' title='bbox 384 3124 568 3188; x_wconf 79' lang='lat' dir='ltr'><strong>aliis,</strong></span> <span class='ocrx_word' id='word_1_337' title='bbox 600 3124 935 3207; x_wconf 88' lang='lat' dir='ltr'><strong>Quumque</strong></span> <span class='ocrx_word' id='word_1_338' title='bbox 964 3125 1145 3188; x_wconf 86' lang='lat' dir='ltr'><strong>Pater</strong></span> <span class='ocrx_word' id='word_1_339' title='bbox 1181 3133 1457 3188; x_wconf 77' lang='lat' dir='ltr'><strong>aeternus</strong></span> <span class='ocrx_word' id='word_1_340' title='bbox 1490 3143 1557 3187; x_wconf 91' lang='lat' dir='ltr'><strong>se</strong></span> <span class='ocrx_word' id='word_1_341' title='bbox 1588 3123 1801 3206; x_wconf 89' lang='lat' dir='ltr'><strong>ipsum</strong></span> <span class='ocrx_word' id='word_1_342' title='bbox 1840 3131 1903 3188; x_wconf 90' lang='lat' dir='ltr'><strong>et</strong></span> 
     </span>
     <span class='ocr_line' id='line_1_51' title="bbox 384 3221 1903 3304; baseline -0.001 -18"><span class='ocrx_word' id='word_1_343' title='bbox 384 3223 621 3286; x_wconf 86' lang='lat' dir='ltr'><strong>omnia</strong></span> <span class='ocrx_word' id='word_1_344' title='bbox 648 3231 857 3286; x_wconf 89' lang='lat' dir='ltr'><strong>cetera</strong></span> <span class='ocrx_word' id='word_1_345' title='bbox 886 3223 1079 3286; x_wconf 88' lang='lat' dir='ltr'><strong>unico</strong></span> <span class='ocrx_word' id='word_1_346' title='bbox 1105 3230 1253 3286; x_wconf 89' lang='lat' dir='ltr'><strong>actu</strong></span> <span class='ocrx_word' id='word_1_347' title='bbox 1286 3221 1684 3303; x_wconf 89' lang='lat' dir='ltr'><strong>intelligendi</strong></span> <span class='ocrx_word' id='word_1_348' title='bbox 1718 3221 1903 3304; x_wconf 91' lang='lat' dir='ltr'><strong>plene</strong></span> 
     </span>
     <span class='ocr_line' id='line_1_52' title="bbox 386 3318 1901 3403; baseline -0.001 -19"><span class='ocrx_word' id='word_1_349' title='bbox 386 3340 475 3384; x_wconf 84' lang='lat' dir='ltr'><strong>ac</strong></span> <span class='ocrx_word' id='word_1_350' title='bbox 530 3319 808 3403; x_wconf 86' lang='lat' dir='ltr'><strong>perfecte</strong></span> <span class='ocrx_word' id='word_1_351' title='bbox 865 3328 1185 3401; x_wconf 88' lang='lat' dir='ltr'><strong>agnoscat,</strong></span> <span class='ocrx_word' id='word_1_352' title='bbox 1235 3319 1431 3383; x_wconf 90' lang='lat' dir='ltr'><strong>unico</strong></span> <span class='ocrx_word' id='word_1_353' title='bbox 1475 3318 1677 3383; x_wconf 86' lang='lat' dir='ltr'><strong>verbo</strong></span> <span class='ocrx_word' id='word_1_354' title='bbox 1720 3337 1789 3382; x_wconf 90' lang='lat' dir='ltr'><strong>se</strong></span> <span class='ocrx_word' id='word_1_355' title='bbox 1838 3327 1901 3382; x_wconf 90' lang='lat' dir='ltr'><strong>et</strong></span> 
     </span>
     <span class='ocr_line' id='line_1_53' title="bbox 386 3417 1899 3500; baseline -0.001 -17"><span class='ocrx_word' id='word_1_356' title='bbox 386 3419 621 3483; x_wconf 87' lang='lat' dir='ltr'><strong>omnia</strong></span> <span class='ocrx_word' id='word_1_357' title='bbox 668 3418 833 3482; x_wconf 86' lang='lat' dir='ltr'><strong>inter</strong></span> <span class='ocrx_word' id='word_1_358' title='bbox 888 3437 957 3480; x_wconf 87' lang='lat' dir='ltr'><strong>se</strong></span> <span class='ocrx_word' id='word_1_359' title='bbox 1016 3417 1300 3500; x_wconf 87' lang='lat' dir='ltr'><strong>loquitur</strong></span> <span class='ocrx_word' id='word_1_360' title='bbox 1352 3435 1365 3480; x_wconf 92' lang='lat'>:</span> <span class='ocrx_word' id='word_1_361' title='bbox 1417 3424 1681 3500; x_wconf 89' lang='lat' dir='ltr'><strong>propter</strong></span> <span class='ocrx_word' id='word_1_362' title='bbox 1727 3418 1899 3500; x_wconf 87' lang='lat' dir='ltr'><strong>quod</strong></span> 
     </span>
     <span class='ocr_line' id='line_1_54' title="bbox 390 3515 1901 3597; baseline -0.001 -17"><span class='ocrx_word' id='word_1_363' title='bbox 390 3515 671 3580; x_wconf 77' lang='lat' dir='ltr'><strong>verbum</strong></span> <span class='ocrx_word' id='word_1_364' title='bbox 721 3516 841 3580; x_wconf 85' lang='lat' dir='ltr'><strong>hoc</strong></span> <span class='ocrx_word' id='word_1_365' title='bbox 882 3524 981 3580; x_wconf 90' lang='lat' dir='ltr'><strong>est</strong></span> <span class='ocrx_word' id='word_1_366' title='bbox 1026 3515 1225 3579; x_wconf 88' lang='lat' dir='ltr'><strong>Patris</strong></span> <span class='ocrx_word' id='word_1_367' title='bbox 1272 3515 1504 3597; x_wconf 86' lang='lat' dir='ltr'><strong>imago,</strong></span> <span class='ocrx_word' id='word_1_368' title='bbox 1550 3523 1615 3578; x_wconf 89' lang='lat' dir='ltr'><strong>et</strong></span> <span class='ocrx_word' id='word_1_369' title='bbox 1660 3522 1901 3578; x_wconf 91' lang='lat' dir='ltr'><strong>cetero·</strong></span> 
     </span>
     <span class='ocr_line' id='line_1_55' title="bbox 388 3613 1901 3698; baseline -0.001 -19"><span class='ocrx_word' id='word_1_370' title='bbox 388 3635 551 3680; x_wconf 86' lang='lat' dir='ltr'><strong>rum</strong></span> <span class='ocrx_word' id='word_1_371' title='bbox 614 3615 965 3698; x_wconf 83' lang='lat' dir='ltr'><strong>exemplar,</strong></span> <span class='ocrx_word' id='word_1_372' title='bbox 1034 3613 1281 3698; x_wconf 88' lang='lat' dir='ltr'><strong>species</strong></span> <span class='ocrx_word' id='word_1_373' title='bbox 1345 3633 1419 3678; x_wconf 90' lang='lat' dir='ltr'><strong>ac</strong></span> <span class='ocrx_word' id='word_1_374' title='bbox 1484 3614 1645 3678; x_wconf 89' lang='lat' dir='ltr'><strong>ratio</strong></span> <span class='ocrx_word' id='word_1_375' title='bbox 1706 3632 1721 3677; x_wconf 90' lang='lat'>:</span> <span class='ocrx_word' id='word_1_376' title='bbox 1780 3634 1901 3678; x_wconf 92' lang='lat' dir='ltr'><strong>nec</strong></span> 
     </span>
     <span class='ocr_line' id='line_1_56' title="bbox 388 3712 1899 3796; baseline -0.001 -19"><span class='ocrx_word' id='word_1_377' title='bbox 388 3722 554 3778; x_wconf 90' lang='lat' dir='ltr'><strong>sunt</strong></span> <span class='ocrx_word' id='word_1_378' title='bbox 584 3714 767 3796; x_wconf 89' lang='lat' dir='ltr'><strong>plura</strong></span> <span class='ocrx_word' id='word_1_379' title='bbox 808 3713 1125 3796; x_wconf 86' lang='lat' dir='ltr'><strong>principia</strong></span> <span class='ocrx_word' id='word_1_380' title='bbox 1174 3712 1471 3796; x_wconf 86' lang='lat' dir='ltr'><strong>pluresve</strong></span> <span class='ocrx_word' id='word_1_381' title='bbox 1512 3713 1653 3776; x_wconf 81' lang='lat' dir='ltr'><strong>Filii</strong></span> <span class='ocrx_word' id='word_1_382' title='bbox 1698 3713 1763 3776; x_wconf 90' lang='lat' dir='ltr'><strong>in</strong></span> <span class='ocrx_word' id='word_1_383' title='bbox 1803 3713 1899 3776; x_wconf 90' lang='lat' dir='ltr'><strong>di-</strong></span> 
     </span>
     <span class='ocr_line' id='line_1_57' title="bbox 388 3831 590 3878; baseline -0.02 0"><span class='ocrx_word' id='word_1_384' title='bbox 388 3831 590 3878; x_wconf 76' lang='lat' dir='ltr'><strong>vinis..</strong></span> 
     </span>
    </p>
   </div>
   <div class='ocr_carea' id='block_1_13' title="bbox 740 4021 1557 4088">
    <p class='ocr_par' dir='ltr' id='par_1_13' title="bbox 740 4021 1557 4088">
     <span class='ocr_line' id='line_1_58' title="bbox 740 4021 1557 4088; baseline -0.002 0"><span class='ocrx_word' id='word_1_385' title='bbox 740 4021 1259 4088; x_wconf 83' lang='lat' dir='ltr'><strong>PROPOSITIO</strong></span> <span class='ocrx_word' id='word_1_386' title='bbox 1306 4021 1557 4088; x_wconf 87' lang='lat' dir='ltr'><strong>XVIII.</strong></span> 
     </span>
    </p>
   </div>
   <div class='ocr_carea' id='block_1_14' title="bbox 2013 3122 3512 3305">
    <p class='ocr_par' dir='ltr' id='par_1_14' title="bbox 2013 3122 3512 3305">
     <span class='ocr_line' id='line_1_59' title="bbox 2013 3122 3512 3210; baseline 0.003 -26"><span class='ocrx_word' id='word_1_387' title='bbox 2013 3131 2169 3205; x_wconf 86' lang='lat' dir='ltr'><strong>puta</strong></span> <span class='ocrx_word' id='word_1_388' title='bbox 2195 3123 2682 3206; x_wconf 87' lang='lat' dir='ltr'><strong>omnipotentia,</strong></span> <span class='ocrx_word' id='word_1_389' title='bbox 2717 3122 2971 3186; x_wconf 86' lang='lat' dir='ltr'><strong>infinita</strong></span> <span class='ocrx_word' id='word_1_390' title='bbox 3003 3127 3338 3208; x_wconf 89' lang='lat' dir='ltr'><strong>sapientia,</strong></span> <span class='ocrx_word' id='word_1_391' title='bbox 3372 3126 3512 3210; x_wconf 94' lang='lat' dir='ltr'><strong>pul-</strong></span> 
     </span>
     <span class='ocr_line' id='line_1_60' title="bbox 2014 3221 3511 3305; baseline 0.002 -21"><span class='ocrx_word' id='word_1_392' title='bbox 2014 3221 2312 3284; x_wconf 89' lang='lat' dir='ltr'><strong>chritudo</strong></span> <span class='ocrx_word' id='word_1_393' title='bbox 2341 3221 2676 3296; x_wconf 90' lang='lat' dir='ltr'><strong>immensa,</strong></span> <span class='ocrx_word' id='word_1_394' title='bbox 2711 3221 3038 3286; x_wconf 87' lang='lat' dir='ltr'><strong>beatitudo</strong></span> <span class='ocrx_word' id='word_1_395' title='bbox 3073 3230 3137 3286; x_wconf 90' lang='lat' dir='ltr'><strong>et</strong></span> <span class='ocrx_word' id='word_1_396' title='bbox 3173 3223 3375 3305; x_wconf 88' lang='lat' dir='ltr'><strong>gloria</strong></span> <span class='ocrx_word' id='word_1_397' title='bbox 3417 3225 3511 3287; x_wconf 91' lang='lat' dir='ltr'><strong>in·</strong></span> 
     </span>
    </p>
   </div>
   <div class='ocr_carea' id='block_1_15' title="bbox 2012 3318 3804 3492">
    <p class='ocr_par' dir='ltr' id='par_1_15' title="bbox 2012 3318 3804 3492">
     <span class='ocr_line' id='line_1_61' title="bbox 2012 3318 3804 3399; baseline 0.003 -17"><span class='ocrx_word' id='word_1_398' title='bbox 2012 3319 2390 3398; x_wconf 85' lang='lat' dir='ltr'><strong>terminata3</strong></span> <span class='ocrx_word' id='word_1_399' title='bbox 2425 3318 2621 3382; x_wconf 86' lang='lat' dir='ltr'><strong>Filius</strong></span> <span class='ocrx_word' id='word_1_400' title='bbox 2650 3319 2741 3382; x_wconf 89' lang='lat' dir='ltr'><strong>ait</strong></span> <span class='ocrx_word' id='word_1_401' title='bbox 2766 3320 2845 3382; x_wconf 90' lang='lat' dir='ltr'><strong>ad</strong></span> <span class='ocrx_word' id='word_1_402' title='bbox 2875 3320 3120 3384; x_wconf 90' lang='lat' dir='ltr'><strong>Patrem</strong></span> <span class='ocrx_word' id='word_1_403' title='bbox 3155 3339 3169 3384; x_wconf 77' lang='grc' dir='ltr'>ε</span> <span class='ocrx_word' id='word_1_404' title='bbox 3205 3322 3338 3386; x_wconf 80' lang='lat' dir='ltr'><strong>Mea</strong></span> <span class='ocrx_word' id='word_1_405' title='bbox 3377 3341 3511 3386; x_wconf 91' lang='lat' dir='ltr'><strong>om·</strong></span> <span class='ocrx_word' id='word_1_406' title='bbox 3565 3343 3804 3399; x_wconf 45' lang='lat' dir='ltr'><strong>totamm,</strong></span> 
     </span>
     <span class='ocr_line' id='line_1_62' title="bbox 2013 3411 3608 3492; baseline 0.002 -12"><span class='ocrx_word' id='word_1_407' title='bbox 2013 3418 2119 3480; x_wconf 90' lang='lat' dir='ltr'><strong>nia</strong></span> <span class='ocrx_word' id='word_1_408' title='bbox 2169 3427 2276 3480; x_wconf 91' lang='lat' dir='ltr'><strong>tua</strong></span> <span class='ocrx_word' id='word_1_409' title='bbox 2321 3425 2492 3492; x_wconf 88' lang='lat' dir='ltr'><strong>sunt,</strong></span> <span class='ocrx_word' id='word_1_410' title='bbox 2546 3425 2610 3480; x_wconf 91' lang='lat' dir='ltr'><strong>et</strong></span> <span class='ocrx_word' id='word_1_411' title='bbox 2655 3425 2766 3482; x_wconf 85' lang='lat' dir='ltr'><strong>tua</strong></span> <span class='ocrx_word' id='word_1_412' title='bbox 2813 3437 2954 3482; x_wconf 89' lang='lat' dir='ltr'><strong>mea</strong></span> <span class='ocrx_word' id='word_1_413' title='bbox 3009 3426 3178 3482; x_wconf 89' lang='lat' dir='ltr'><strong>sunt.</strong></span> <span class='ocrx_word' id='word_1_414' title='bbox 3233 3421 3312 3484; x_wconf 86' lang='lat' dir='ltr'><strong>At</strong></span> <span class='ocrx_word' id='word_1_415' title='bbox 3357 3439 3512 3486; x_wconf 86' lang='lat' dir='ltr'><strong>vero</strong></span> <span class='ocrx_word' id='word_1_416' title='bbox 3543 3411 3608 3452; x_wconf 88' lang='lat'><strong>¹⁰·</strong></span> 
     </span>
    </p>
   </div>
   <div class='ocr_carea' id='block_1_16' title="bbox 2008 3517 3514 4173">
    <p class='ocr_par' dir='ltr' id='par_1_16' title="bbox 2008 3517 3514 4173">
     <span class='ocr_line' id='line_1_63' title="bbox 2011 3517 3514 3602; baseline 0.003 -23"><span class='ocrx_word' id='word_1_417' title='bbox 2011 3517 2192 3580; x_wconf 84' lang='lat' dir='ltr'><strong>Pater</strong></span> <span class='ocrx_word' id='word_1_418' title='bbox 2219 3525 2492 3580; x_wconf 76' lang='lat' dir='ltr'><strong>aeternus</strong></span> <span class='ocrx_word' id='word_1_419' title='bbox 2524 3517 2754 3580; x_wconf 81' lang='lat' dir='ltr'><strong>Filium</strong></span> <span class='ocrx_word' id='word_1_420' title='bbox 2797 3519 3182 3598; x_wconf 89' lang='lat' dir='ltr'><strong>generando,</strong></span> <span class='ocrx_word' id='word_1_421' title='bbox 3215 3537 3344 3582; x_wconf 91' lang='lat' dir='ltr'><strong>non</strong></span> <span class='ocrx_word' id='word_1_422' title='bbox 3382 3519 3514 3602; x_wconf 88' lang='lat' dir='ltr'><strong>agit</strong></span> 
     </span>
     <span class='ocr_line' id='line_1_64' title="bbox 2010 3614 3511 3700; baseline 0.002 -22"><span class='ocrx_word' id='word_1_423' title='bbox 2010 3615 2077 3678; x_wconf 92' lang='lat' dir='ltr'><strong>in</strong></span> <span class='ocrx_word' id='word_1_424' title='bbox 2106 3614 2526 3696; x_wconf 89' lang='lat' dir='ltr'><strong>aliud,neque</strong></span> <span class='ocrx_word' id='word_1_425' title='bbox 2557 3615 2620 3678; x_wconf 91' lang='lat' dir='ltr'><strong>in</strong></span> <span class='ocrx_word' id='word_1_426' title='bbox 2655 3616 2984 3678; x_wconf 88' lang='lat' dir='ltr'><strong>materiam</strong></span> <span class='ocrx_word' id='word_1_427' title='bbox 3019 3615 3334 3700; x_wconf 91' lang='lat' dir='ltr'><strong>imprimit</strong></span> <span class='ocrx_word' id='word_1_428' title='bbox 3361 3617 3511 3681; x_wconf 89' lang='lat' dir='ltr'><strong>alie-</strong></span> 
     </span>
     <span class='ocr_line' id='line_1_65' title="bbox 2010 3712 3507 3798; baseline 0.003 -22"><span class='ocrx_word' id='word_1_429' title='bbox 2010 3729 2200 3790; x_wconf 90' lang='lat' dir='ltr'><strong>nam;</strong></span> <span class='ocrx_word' id='word_1_430' title='bbox 2231 3713 2343 3776; x_wconf 87' lang='lat' dir='ltr'><strong>sed</strong></span> <span class='ocrx_word' id='word_1_431' title='bbox 2373 3712 2718 3794; x_wconf 85' lang='lat' dir='ltr'><strong>imaginem</strong></span> <span class='ocrx_word' id='word_1_432' title='bbox 2757 3713 2860 3776; x_wconf 90' lang='lat' dir='ltr'><strong>sui</strong></span> <span class='ocrx_word' id='word_1_433' title='bbox 2900 3714 3102 3796; x_wconf 88' lang='lat' dir='ltr'><strong>ipsius</strong></span> <span class='ocrx_word' id='word_1_434' title='bbox 3132 3716 3507 3798; x_wconf 88' lang='lat' dir='ltr'><strong>perfectam,</strong></span> 
     </span>
     <span class='ocr_line' id='line_1_66' title="bbox 2011 3810 3507 3896; baseline 0.004 -24"><span class='ocrx_word' id='word_1_435' title='bbox 2011 3811 2348 3895; x_wconf 85' lang='lat' dir='ltr'><strong>pulchram</strong></span> <span class='ocrx_word' id='word_1_436' title='bbox 2378 3819 2442 3875; x_wconf 91' lang='lat' dir='ltr'><strong>et</strong></span> <span class='ocrx_word' id='word_1_437' title='bbox 2479 3810 2734 3894; x_wconf 88' lang='lat' dir='ltr'><strong>plenam</strong></span> <span class='ocrx_word' id='word_1_438' title='bbox 2777 3811 2846 3874; x_wconf 89' lang='lat' dir='ltr'><strong>in</strong></span> <span class='ocrx_word' id='word_1_439' title='bbox 2891 3831 2960 3875; x_wconf 89' lang='lat' dir='ltr'><strong>se</strong></span> <span class='ocrx_word' id='word_1_440' title='bbox 3007 3812 3147 3894; x_wconf 90' lang='lat' dir='ltr'><strong>ipso</strong></span> <span class='ocrx_word' id='word_1_441' title='bbox 3190 3815 3507 3896; x_wconf 87' lang='lat' dir='ltr'><strong>producit,</strong></span> 
     </span>
     <span class='ocr_line' id='line_1_67' title="bbox 2008 3909 3508 3996; baseline 0.003 -24"><span class='ocrx_word' id='word_1_442' title='bbox 2008 3909 2258 3973; x_wconf 90' lang='lat' dir='ltr'><strong>actione</strong></span> <span class='ocrx_word' id='word_1_443' title='bbox 2298 3909 2708 3984; x_wconf 87' lang='lat' dir='ltr'><strong>immanente,</strong></span> <span class='ocrx_word' id='word_1_444' title='bbox 2741 3927 2870 3973; x_wconf 89' lang='lat' dir='ltr'><strong>non</strong></span> <span class='ocrx_word' id='word_1_445' title='bbox 2913 3910 2987 3974; x_wconf 90' lang='lat' dir='ltr'><strong>ad</strong></span> <span class='ocrx_word' id='word_1_446' title='bbox 3034 3919 3211 3974; x_wconf 84' lang='lat' dir='ltr'><strong>extra</strong></span> <span class='ocrx_word' id='word_1_447' title='bbox 3254 3931 3508 3996; x_wconf 89' lang='lat' dir='ltr'><strong>progre-</strong></span> 
     </span>
     <span class='ocr_line' id='line_1_68' title="bbox 2010 4007 3508 4076; baseline 0.003 -4"><span class='ocrx_word' id='word_1_448' title='bbox 2010 4008 2224 4072; x_wconf 89' lang='lat' dir='ltr'><strong>diente</strong></span> <span class='ocrx_word' id='word_1_449' title='bbox 2295 4025 2308 4070; x_wconf 92' lang='lat'>:</span> <span class='ocrx_word' id='word_1_450' title='bbox 2381 4007 2621 4071; x_wconf 88' lang='lat' dir='ltr'><strong>idcirco</strong></span> <span class='ocrx_word' id='word_1_451' title='bbox 2687 4008 2966 4072; x_wconf 90' lang='lat' dir='ltr'><strong>essentia</strong></span> <span class='ocrx_word' id='word_1_452' title='bbox 3030 4009 3229 4072; x_wconf 87' lang='lat' dir='ltr'><strong>Patris</strong></span> <span class='ocrx_word' id='word_1_453' title='bbox 3285 4012 3508 4076; x_wconf 89' lang='lat' dir='ltr'><strong>eadem</strong></span> 
     </span>
     <span class='ocr_line' id='line_1_69' title="bbox 2010 4105 3510 4173; baseline 0.003 -4"><span class='ocrx_word' id='word_1_454' title='bbox 2010 4123 2280 4170; x_wconf 89' lang='lat' dir='ltr'><strong>numero</strong></span> <span class='ocrx_word' id='word_1_455' title='bbox 2317 4112 2414 4168; x_wconf 91' lang='lat' dir='ltr'><strong>est</strong></span> <span class='ocrx_word' id='word_1_456' title='bbox 2449 4112 2514 4168; x_wconf 88' lang='lat' dir='ltr'><strong>et</strong></span> <span class='ocrx_word' id='word_1_457' title='bbox 2553 4113 2770 4170; x_wconf 88' lang='lat' dir='ltr'><strong>manet</strong></span> <span class='ocrx_word' id='word_1_458' title='bbox 2799 4105 2864 4169; x_wconf 90' lang='lat' dir='ltr'><strong>in</strong></span> <span class='ocrx_word' id='word_1_459' title='bbox 2897 4107 3074 4170; x_wconf 83' lang='lat' dir='ltr'><strong>Filio.</strong></span> <span class='ocrx_word' id='word_1_460' title='bbox 3098 4143 3180 4154; x_wconf 89' lang='lat'><strong>—-</strong></span> <span class='ocrx_word' id='word_1_461' title='bbox 3205 4107 3510 4173; x_wconf 81' lang='lat' dir='ltr'><strong>Praeterea</strong></span> 
     </span>
    </p>
   </div>
   <div class='ocr_carea' id='block_1_17' title="bbox 474 4203 3506 4286">
    <p class='ocr_par' dir='ltr' id='par_1_17' title="bbox 474 4203 3506 4286">
     <span class='ocr_line' id='line_1_70' title="bbox 474 4203 3506 4286; baseline -0.002 -11"><span class='ocrx_word' id='word_1_462' title='bbox 474 4208 735 4276; x_wconf 65' lang='lat' dir='ltr'><strong>rmus</strong></span> <span class='ocrx_word' id='word_1_463' title='bbox 803 4208 951 4274; x_wconf 76' lang='lat' dir='ltr'><strong>Dei</strong></span> <span class='ocrx_word' id='word_1_464' title='bbox 1013 4210 1139 4274; x_wconf 76' lang='lat' dir='ltr'><strong>est</strong></span> <span class='ocrx_word' id='word_1_465' title='bbox 1192 4204 1901 4273; x_wconf 73' lang='lat' dir='ltr'><strong>consubstantialis</strong></span> <span class='ocrx_word' id='word_1_466' title='bbox 1928 4205 1980 4270; x_wconf 90' lang='lat' dir='ltr'><strong>D</strong></span> <span class='ocrx_word' id='word_1_467' title='bbox 2010 4203 2440 4268; x_wconf 89' lang='lat' dir='ltr'><strong>communiter</strong></span> <span class='ocrx_word' id='word_1_468' title='bbox 2485 4222 2712 4266; x_wconf 89' lang='lat' dir='ltr'><strong>verum</strong></span> <span class='ocrx_word' id='word_1_469' title='bbox 2759 4211 2878 4278; x_wconf 89' lang='lat' dir='ltr'><strong>est,</strong></span> <span class='ocrx_word' id='word_1_470' title='bbox 2929 4205 3098 4286; x_wconf 88' lang='lat' dir='ltr'><strong>quod</strong></span> <span class='ocrx_word' id='word_1_471' title='bbox 3145 4213 3371 4270; x_wconf 88' lang='lat' dir='ltr'><strong>natura</strong></span> <span class='ocrx_word' id='word_1_472' title='bbox 3415 4207 3506 4271; x_wconf 93' lang='lat' dir='ltr'><strong>rei</strong></span> 
     </span>
    </p>
   </div>
   <div class='ocr_carea' id='block_1_18' title="bbox 380 4306 1903 5362">
    <p class='ocr_par' dir='ltr' id='par_1_18' title="bbox 384 4306 863 4375">
     <span class='ocr_line' id='line_1_71' title="bbox 384 4306 863 4375; baseline -0.002 0"><span class='ocrx_word' id='word_1_473' title='bbox 384 4308 563 4375; x_wconf 76' lang='lat' dir='ltr'><strong>Deo</strong></span> <span class='ocrx_word' id='word_1_474' title='bbox 610 4306 863 4374; x_wconf 74' lang='lat' dir='ltr'><strong>Patri.</strong></span> 
     </span>
    </p>

    <p class='ocr_par' dir='ltr' id='par_1_19' title="bbox 380 4401 1903 5362">
     <span class='ocr_line' id='line_1_72' title="bbox 478 4401 1901 4486; baseline -0.001 -18"><span class='ocrx_word' id='word_1_475' title='bbox 478 4405 657 4479; x_wconf 88' lang='lat' dir='ltr'><strong>Quod</strong></span> <span class='ocrx_word' id='word_1_476' title='bbox 690 4411 808 4477; x_wconf 90' lang='lat' dir='ltr'><strong>est,</strong></span> <span class='ocrx_word' id='word_1_477' title='bbox 842 4403 993 4486; x_wconf 88' lang='lat' dir='ltr'><strong>quia</strong></span> <span class='ocrx_word' id='word_1_478' title='bbox 1024 4403 1087 4466; x_wconf 90' lang='lat' dir='ltr'><strong>in</strong></span> <span class='ocrx_word' id='word_1_479' title='bbox 1120 4401 1603 4484; x_wconf 91' lang='lat' dir='ltr'><strong>simplicissimo</strong></span> <span class='ocrx_word' id='word_1_480' title='bbox 1640 4401 1769 4466; x_wconf 92' lang='lat' dir='ltr'><strong>Deo</strong></span> <span class='ocrx_word' id='word_1_481' title='bbox 1808 4422 1901 4466; x_wconf 91' lang='lat' dir='ltr'><strong>re-</strong></span> 
     </span>
     <span class='ocr_line' id='line_1_73' title="bbox 386 4500 1895 4582; baseline -0.003 -14"><span class='ocrx_word' id='word_1_482' title='bbox 386 4503 587 4568; x_wconf 77' lang='lat' dir='ltr'><strong>aliter</strong></span> <span class='ocrx_word' id='word_1_483' title='bbox 616 4503 787 4566; x_wconf 90' lang='lat' dir='ltr'><strong>idem</strong></span> <span class='ocrx_word' id='word_1_484' title='bbox 818 4509 966 4564; x_wconf 87' lang='lat' dir='ltr'><strong>sunt</strong></span> <span class='ocrx_word' id='word_1_485' title='bbox 996 4501 1293 4574; x_wconf 84' lang='lat' dir='ltr'><strong>essentia,</strong></span> <span class='ocrx_word' id='word_1_486' title='bbox 1308 4500 1584 4582; x_wconf 89' lang='lat' dir='ltr'><strong>potentia</strong></span> <span class='ocrx_word' id='word_1_487' title='bbox 1613 4507 1678 4563; x_wconf 91' lang='lat' dir='ltr'><strong>et</strong></span> <span class='ocrx_word' id='word_1_488' title='bbox 1705 4503 1895 4565; x_wconf 87' lang='lat' dir='ltr'><strong>actio:</strong></span> 
     </span>
     <span class='ocr_line' id='line_1_74' title="bbox 388 4597 1899 4679; baseline -0.003 -14"><span class='ocrx_word' id='word_1_489' title='bbox 388 4601 645 4665; x_wconf 87' lang='lat' dir='ltr'><strong>idcirco</strong></span> <span class='ocrx_word' id='word_1_490' title='bbox 672 4599 873 4662; x_wconf 82' lang='lat' dir='ltr'><strong>Filius</strong></span> <span class='ocrx_word' id='word_1_491' title='bbox 901 4617 938 4662; x_wconf 89' lang='lat' dir='ltr'><strong>a</strong></span> <span class='ocrx_word' id='word_1_492' title='bbox 965 4599 1145 4662; x_wconf 90' lang='lat' dir='ltr'><strong>Patre</strong></span> <span class='ocrx_word' id='word_1_493' title='bbox 1174 4597 1267 4660; x_wconf 88' lang='lat' dir='ltr'><strong>sic</strong></span> <span class='ocrx_word' id='word_1_494' title='bbox 1308 4597 1677 4660; x_wconf 89' lang='lat' dir='ltr'><strong>immediate</strong></span> <span class='ocrx_word' id='word_1_495' title='bbox 1712 4615 1899 4679; x_wconf 87' lang='lat' dir='ltr'><strong>gene·</strong></span> 
     </span>
     <span class='ocr_line' id='line_1_75' title="bbox 388 4696 1900 4780; baseline -0.004 -16"><span class='ocrx_word' id='word_1_496' title='bbox 388 4705 597 4772; x_wconf 83' lang='lat' dir='ltr'><strong>ratur,</strong></span> <span class='ocrx_word' id='word_1_497' title='bbox 646 4698 817 4780; x_wconf 88' lang='lat' dir='ltr'><strong>quod</strong></span> <span class='ocrx_word' id='word_1_498' title='bbox 870 4696 1035 4760; x_wconf 86' lang='lat' dir='ltr'><strong>inter</strong></span> <span class='ocrx_word' id='word_1_499' title='bbox 1082 4696 1327 4758; x_wconf 86' lang='lat' dir='ltr'><strong>Patrem</strong></span> <span class='ocrx_word' id='word_1_500' title='bbox 1376 4702 1787 4776; x_wconf 88' lang='lat' dir='ltr'><strong>generantem</strong></span> <span class='ocrx_word' id='word_1_501' title='bbox 1836 4702 1900 4758; x_wconf 92' lang='lat' dir='ltr'><strong>et</strong></span> 
     </span>
     <span class='ocr_line' id='line_1_76' title="bbox 387 4794 1899 4871; baseline -0.003 -9"><span class='ocrx_word' id='word_1_502' title='bbox 387 4799 656 4871; x_wconf 84' lang='lat' dir='ltr'><strong>Filium,</strong></span> <span class='ocrx_word' id='word_1_503' title='bbox 688 4795 941 4859; x_wconf 91' lang='lat' dir='ltr'><strong>nullum</strong></span> <span class='ocrx_word' id='word_1_504' title='bbox 972 4803 1069 4858; x_wconf 90' lang='lat' dir='ltr'><strong>est</strong></span> <span class='ocrx_word' id='word_1_505' title='bbox 1098 4795 1381 4858; x_wconf 90' lang='lat' dir='ltr'><strong>medium</strong></span> <span class='ocrx_word' id='word_1_506' title='bbox 1422 4812 1490 4856; x_wconf 89' lang='lat' dir='ltr'><strong>re</strong></span> <span class='ocrx_word' id='word_1_507' title='bbox 1527 4794 1899 4858; x_wconf 89' lang='lat' dir='ltr'><strong>distinctum</strong></span> 
     </span>
     <span class='ocr_line' id='line_1_77' title="bbox 385 4891 1903 4977; baseline -0.005 -16"><span class='ocrx_word' id='word_1_508' title='bbox 385 4918 433 4961; x_wconf 82' lang='lat' dir='ltr'><strong>a</strong></span> <span class='ocrx_word' id='word_1_509' title='bbox 462 4897 663 4960; x_wconf 91' lang='lat' dir='ltr'><strong>Patre.</strong></span> <span class='ocrx_word' id='word_1_510' title='bbox 700 4894 777 4956; x_wconf 87' lang='lat' dir='ltr'><strong>Et</strong></span> <span class='ocrx_word' id='word_1_511' title='bbox 806 4893 1104 4977; x_wconf 87' lang='lat' dir='ltr'><strong>quamvis</strong></span> <span class='ocrx_word' id='word_1_512' title='bbox 1136 4893 1202 4954; x_wconf 89' lang='lat' dir='ltr'><strong>in</strong></span> <span class='ocrx_word' id='word_1_513' title='bbox 1232 4892 1369 4955; x_wconf 91' lang='lat' dir='ltr'><strong>solo</strong></span> <span class='ocrx_word' id='word_1_514' title='bbox 1398 4891 1575 4955; x_wconf 88' lang='lat' dir='ltr'><strong>Patre</strong></span> <span class='ocrx_word' id='word_1_515' title='bbox 1606 4891 1687 4953; x_wconf 89' lang='lat' dir='ltr'><strong>sit</strong></span> <span class='ocrx_word' id='word_1_516' title='bbox 1715 4909 1903 4972; x_wconf 87' lang='lat' dir='ltr'><strong>gene·</strong></span> 
     </span>
     <span class='ocr_line' id='line_1_78' title="bbox 386 4990 1901 5078; baseline -0.005 -17"><span class='ocrx_word' id='word_1_517' title='bbox 386 4998 599 5062; x_wconf 86' lang='lat' dir='ltr'><strong>rativa</strong></span> <span class='ocrx_word' id='word_1_518' title='bbox 628 4994 916 5078; x_wconf 87' lang='lat' dir='ltr'><strong>potentia</strong></span> <span class='ocrx_word' id='word_1_519' title='bbox 946 4994 1039 5056; x_wconf 87' lang='lat' dir='ltr'><strong>ad·</strong></span> <span class='ocrx_word' id='word_1_520' title='bbox 1054 4991 1485 5074; x_wconf 90' lang='lat' dir='ltr'><strong>generandum</strong></span> <span class='ocrx_word' id='word_1_521' title='bbox 1517 4991 1747 5064; x_wconf 90' lang='lat' dir='ltr'><strong>active,</strong></span> <span class='ocrx_word' id='word_1_522' title='bbox 1766 4990 1901 5054; x_wconf 82' lang='lat' dir='ltr'><strong>baec</strong></span> 
     </span>
     <span class='ocr_line' id='line_1_79' title="bbox 384 5089 1903 5174; baseline -0.005 -12"><span class='ocrx_word' id='word_1_523' title='bbox 384 5109 611 5162; x_wconf 78' lang='lat' dir='ltr'><strong>tamen</strong></span> <span class='ocrx_word' id='word_1_524' title='bbox 658 5096 729 5158; x_wconf 88' lang='lat' dir='ltr'><strong>in</strong></span> <span class='ocrx_word' id='word_1_525' title='bbox 772 5113 843 5158; x_wconf 91' lang='lat' dir='ltr'><strong>re</strong></span> <span class='ocrx_word' id='word_1_526' title='bbox 884 5100 981 5156; x_wconf 88' lang='lat' dir='ltr'><strong>est</strong></span> <span class='ocrx_word' id='word_1_527' title='bbox 1018 5093 1157 5174; x_wconf 89' lang='lat' dir='ltr'><strong>ipsa</strong></span> <span class='ocrx_word' id='word_1_528' title='bbox 1200 5091 1399 5156; x_wconf 85' lang='lat' dir='ltr'><strong>Patris</strong></span> <span class='ocrx_word' id='word_1_529' title='bbox 1444 5089 1799 5155; x_wconf 80' lang='lat' dir='ltr'><strong>substantia</strong></span> <span class='ocrx_word' id='word_1_530' title='bbox 1840 5098 1903 5154; x_wconf 89' lang='lat' dir='ltr'><strong>et</strong></span> 
     </span>
     <span class='ocr_line' id='line_1_80' title="bbox 380 5188 1903 5262; baseline -0.007 0"><span class='ocrx_word' id='word_1_531' title='bbox 380 5196 559 5262; x_wconf 79' lang='lat' dir='ltr'><strong>actio</strong></span> <span class='ocrx_word' id='word_1_532' title='bbox 591 5213 607 5259; x_wconf 90' lang='lat'><strong>:</strong></span> <span class='ocrx_word' id='word_1_533' title='bbox 640 5195 799 5258; x_wconf 88' lang='lat' dir='ltr'><strong>binc</strong></span> <span class='ocrx_word' id='word_1_534' title='bbox 828 5192 911 5255; x_wconf 90' lang='lat' dir='ltr'><strong>de</strong></span> <span class='ocrx_word' id='word_1_535' title='bbox 938 5189 1295 5254; x_wconf 88' lang='lat' dir='ltr'><strong>substantia</strong></span> <span class='ocrx_word' id='word_1_536' title='bbox 1322 5189 1521 5253; x_wconf 88' lang='lat' dir='ltr'><strong>Patris</strong></span> <span class='ocrx_word' id='word_1_537' title='bbox 1550 5188 1745 5252; x_wconf 84' lang='lat' dir='ltr'><strong>Filius</strong></span> <span class='ocrx_word' id='word_1_538' title='bbox 1784 5188 1903 5252; x_wconf 90' lang='lat' dir='ltr'><strong>im-</strong></span> 
     </span>
     <span class='ocr_line' id='line_1_81' title="bbox 386 5288 1901 5362; baseline -0.007 1"><span class='ocrx_word' id='word_1_539' title='bbox 386 5295 673 5362; x_wconf 85' lang='lat' dir='ltr'><strong>mediate</strong></span> <span class='ocrx_word' id='word_1_540' title='bbox 702 5291 950 5356; x_wconf 88' lang='lat' dir='ltr'><strong>dicitur</strong></span> <span class='ocrx_word' id='word_1_541' title='bbox 978 5296 1181 5353; x_wconf 88' lang='lat' dir='ltr'><strong>natus.</strong></span> <span class='ocrx_word' id='word_1_542' title='bbox 1213 5289 1285 5353; x_wconf 86' lang='lat' dir='ltr'><strong>ln</strong></span> <span class='ocrx_word' id='word_1_543' title='bbox 1316 5288 1509 5352; x_wconf 90' lang='lat' dir='ltr'><strong>rebus</strong></span> <span class='ocrx_word' id='word_1_544' title='bbox 1537 5305 1689 5352; x_wconf 86' lang='lat' dir='ltr'><strong>vero</strong></span> <span class='ocrx_word' id='word_1_545' title='bbox 1732 5306 1901 5352; x_wconf 89' lang='lat' dir='ltr'><strong>crea-</strong></span> 
     </span>
    </p>
   </div>
   <div class='ocr_carea' id='block_1_19' title="bbox 2009 4301 3509 5372">
    <p class='ocr_par' dir='ltr' id='par_1_20' title="bbox 2009 4301 3509 5372">
     <span class='ocr_line' id='line_1_82' title="bbox 2009 4301 3507 4387; baseline 0.003 -23"><span class='ocrx_word' id='word_1_546' title='bbox 2009 4302 2254 4365; x_wconf 89' lang='lat' dir='ltr'><strong>relucet</strong></span> <span class='ocrx_word' id='word_1_547' title='bbox 2301 4301 2366 4364; x_wconf 88' lang='lat' dir='ltr'><strong>in</strong></span> <span class='ocrx_word' id='word_1_548' title='bbox 2415 4319 2532 4364; x_wconf 85' lang='lat' dir='ltr'><strong>sua</strong></span> <span class='ocrx_word' id='word_1_549' title='bbox 2579 4301 2874 4383; x_wconf 89' lang='lat' dir='ltr'><strong>imagine.</strong></span> <span class='ocrx_word' id='word_1_550' title='bbox 2922 4303 2990 4365; x_wconf 87' lang='lat' dir='ltr'><strong>Id</strong></span> <span class='ocrx_word' id='word_1_551' title='bbox 3037 4321 3294 4386; x_wconf 87' lang='lat' dir='ltr'><strong>quoque</strong></span> <span class='ocrx_word' id='word_1_552' title='bbox 3336 4305 3507 4387; x_wconf 88' lang='lat' dir='ltr'><strong>quod</strong></span> 
     </span>
     <span class='ocr_line' id='line_1_83' title="bbox 2010 4399 3509 4484; baseline 0.003 -20"><span class='ocrx_word' id='word_1_553' title='bbox 2010 4399 2411 4482; x_wconf 86' lang='lat' dir='ltr'><strong>intelligitur,</strong></span> <span class='ocrx_word' id='word_1_554' title='bbox 2468 4399 2832 4482; x_wconf 84' lang='lat' dir='ltr'><strong>resplendet</strong></span> <span class='ocrx_word' id='word_1_555' title='bbox 2887 4419 2964 4462; x_wconf 88' lang='lat' dir='ltr'><strong>ac</strong></span> <span class='ocrx_word' id='word_1_556' title='bbox 3021 4411 3509 4484; x_wconf 77' lang='lat' dir='ltr'><strong>repraesentatur</strong></span> 
     </span>
     <span class='ocr_line' id='line_1_84' title="bbox 2012 4498 3508 4583; baseline 0.003 -21"><span class='ocrx_word' id='word_1_557' title='bbox 2012 4500 2075 4562; x_wconf 91' lang='lat' dir='ltr'><strong>in</strong></span> <span class='ocrx_word' id='word_1_558' title='bbox 2117 4498 2316 4562; x_wconf 85' lang='lat' dir='ltr'><strong>verbo</strong></span> <span class='ocrx_word' id='word_1_559' title='bbox 2354 4517 2428 4561; x_wconf 90' lang='lat' dir='ltr'><strong>ac</strong></span> <span class='ocrx_word' id='word_1_560' title='bbox 2468 4499 2684 4581; x_wconf 90' lang='lat' dir='ltr'><strong>specie</strong></span> <span class='ocrx_word' id='word_1_561' title='bbox 2723 4517 2836 4562; x_wconf 89' lang='lat' dir='ltr'><strong>seu</strong></span> <span class='ocrx_word' id='word_1_562' title='bbox 2875 4499 3080 4562; x_wconf 88' lang='lat' dir='ltr'><strong>forma</strong></span> <span class='ocrx_word' id='word_1_563' title='bbox 3119 4499 3508 4583; x_wconf 89' lang='lat' dir='ltr'><strong>intelligibili</strong></span> 
     </span>
     <span class='ocr_line' id='line_1_85' title="bbox 2011 4597 3508 4681; baseline 0.003 -22"><span class='ocrx_word' id='word_1_564' title='bbox 2011 4597 2426 4678; x_wconf 89' lang='lat' dir='ltr'><strong>intelligentis</strong></span> <span class='ocrx_word' id='word_1_565' title='bbox 2455 4616 2530 4660; x_wconf 91' lang='lat' dir='ltr'><strong>ac</strong></span> <span class='ocrx_word' id='word_1_566' title='bbox 2561 4597 2942 4660; x_wconf 88' lang='lat' dir='ltr'><strong>intellectus.</strong></span> <span class='ocrx_word' id='word_1_567' title='bbox 2977 4598 3310 4681; x_wconf 84' lang='lat' dir='ltr'><strong>Quumque</strong></span> <span class='ocrx_word' id='word_1_568' title='bbox 3342 4601 3508 4664; x_wconf 86' lang='lat' dir='ltr'><strong>Deus</strong></span> 
     </span>
     <span class='ocr_line' id='line_1_86' title="bbox 2012 4695 3505 4778; baseline 0.001 -19"><span class='ocrx_word' id='word_1_569' title='bbox 2012 4697 2192 4760; x_wconf 85' lang='lat' dir='ltr'><strong>Pater</strong></span> <span class='ocrx_word' id='word_1_570' title='bbox 2220 4715 2290 4759; x_wconf 91' lang='lat' dir='ltr'><strong>se</strong></span> <span class='ocrx_word' id='word_1_571' title='bbox 2321 4696 2534 4778; x_wconf 90' lang='lat' dir='ltr'><strong>ipsum</strong></span> <span class='ocrx_word' id='word_1_572' title='bbox 2575 4695 2989 4776; x_wconf 88' lang='lat' dir='ltr'><strong>intelligendo</strong></span> <span class='ocrx_word' id='word_1_573' title='bbox 3017 4697 3222 4777; x_wconf 89' lang='lat' dir='ltr'><strong>pariat</strong></span> <span class='ocrx_word' id='word_1_574' title='bbox 3249 4696 3505 4774; x_wconf 90' lang='lat' dir='ltr'><strong>Filium,</strong></span> 
     </span>
     <span class='ocr_line' id='line_1_87' title="bbox 2010 4793 3508 4878; baseline 0.001 -20"><span class='ocrx_word' id='word_1_575' title='bbox 2010 4795 2123 4878; x_wconf 87' lang='lat' dir='ltr'><strong>qui</strong></span> <span class='ocrx_word' id='word_1_576' title='bbox 2163 4803 2260 4858; x_wconf 92' lang='lat' dir='ltr'><strong>est</strong></span> <span class='ocrx_word' id='word_1_577' title='bbox 2306 4793 2509 4876; x_wconf 91' lang='lat' dir='ltr'><strong>ipsius</strong></span> <span class='ocrx_word' id='word_1_578' title='bbox 2559 4794 2768 4874; x_wconf 89' lang='lat' dir='ltr'><strong>imago</strong></span> <span class='ocrx_word' id='word_1_579' title='bbox 2814 4800 2878 4855; x_wconf 88' lang='lat' dir='ltr'><strong>et</strong></span> <span class='ocrx_word' id='word_1_580' title='bbox 2922 4793 3214 4870; x_wconf 88' lang='lat' dir='ltr'><strong>verbum,</strong></span> <span class='ocrx_word' id='word_1_581' title='bbox 3267 4795 3398 4859; x_wconf 92' lang='lat' dir='ltr'><strong>imo</strong></span> <span class='ocrx_word' id='word_1_582' title='bbox 3446 4805 3508 4860; x_wconf 90' lang='lat' dir='ltr'><strong>et</strong></span> 
     </span>
     <span class='ocr_line' id='line_1_88' title="bbox 2010 4891 3508 4974; baseline 0.003 -19"><span class='ocrx_word' id='word_1_583' title='bbox 2010 4893 2258 4974; x_wconf 86' lang='lat' dir='ltr'><strong>species</strong></span> <span class='ocrx_word' id='word_1_584' title='bbox 2299 4910 2371 4954; x_wconf 87' lang='lat' dir='ltr'><strong>ac</strong></span> <span class='ocrx_word' id='word_1_585' title='bbox 2409 4891 2550 4954; x_wconf 87' lang='lat' dir='ltr'><strong>idea</strong></span> <span class='ocrx_word' id='word_1_586' title='bbox 2583 4892 2794 4954; x_wconf 90' lang='lat' dir='ltr'><strong>omnis</strong></span> <span class='ocrx_word' id='word_1_587' title='bbox 2837 4891 2927 4954; x_wconf 89' lang='lat' dir='ltr'><strong>rei</strong></span> <span class='ocrx_word' id='word_1_588' title='bbox 2968 4900 3230 4971; x_wconf 81' lang='lat' dir='ltr'><strong>creatae3</strong></span> <span class='ocrx_word' id='word_1_589' title='bbox 3261 4903 3508 4958; x_wconf 88' lang='lat' dir='ltr'><strong>constat</strong></span> 
     </span>
     <span class='ocr_line' id='line_1_89' title="bbox 2010 4988 3507 5072; baseline 0.003 -20"><span class='ocrx_word' id='word_1_590' title='bbox 2010 4990 2180 5072; x_wconf 90' lang='lat' dir='ltr'><strong>quod</strong></span> <span class='ocrx_word' id='word_1_591' title='bbox 2211 4989 2406 5053; x_wconf 84' lang='lat' dir='ltr'><strong>Patris</strong></span> <span class='ocrx_word' id='word_1_592' title='bbox 2437 4989 2714 5051; x_wconf 89' lang='lat' dir='ltr'><strong>essentia</strong></span> <span class='ocrx_word' id='word_1_593' title='bbox 2743 4988 2809 5051; x_wconf 92' lang='lat' dir='ltr'><strong>in</strong></span> <span class='ocrx_word' id='word_1_594' title='bbox 2841 4989 3175 5070; x_wconf 86' lang='lat' dir='ltr'><strong>Unigenito</strong></span> <span class='ocrx_word' id='word_1_595' title='bbox 3203 5011 3319 5056; x_wconf 88' lang='lat' dir='ltr'><strong>suo</strong></span> <span class='ocrx_word' id='word_1_596' title='bbox 3349 4994 3507 5056; x_wconf 89' lang='lat' dir='ltr'><strong>relu-</strong></span> 
     </span>
     <span class='ocr_line' id='line_1_90' title="bbox 2010 5089 3508 5173; baseline 0.003 -21"><span class='ocrx_word' id='word_1_597' title='bbox 2010 5097 2131 5162; x_wconf 90' lang='lat' dir='ltr'><strong>cet,</strong></span> <span class='ocrx_word' id='word_1_598' title='bbox 2175 5093 2664 5170; x_wconf 81' lang='lat' dir='ltr'><strong>repraesentatur</strong></span> <span class='ocrx_word' id='word_1_599' title='bbox 2707 5095 2772 5150; x_wconf 88' lang='lat' dir='ltr'><strong>et</strong></span> <span class='ocrx_word' id='word_1_600' title='bbox 2815 5089 3177 5152; x_wconf 86' lang='lat' dir='ltr'><strong>continetur</strong></span> <span class='ocrx_word' id='word_1_601' title='bbox 3215 5091 3404 5173; x_wconf 90' lang='lat' dir='ltr'><strong>plene</strong></span> <span class='ocrx_word' id='word_1_602' title='bbox 3443 5099 3508 5156; x_wconf 91' lang='lat' dir='ltr'><strong>et</strong></span> 
     </span>
     <span class='ocr_line' id='line_1_91' title="bbox 2011 5185 3507 5269; baseline 0.002 -18"><span class='ocrx_word' id='word_1_603' title='bbox 2011 5188 2200 5261; x_wconf 89' lang='lat' dir='ltr'><strong>clare,</strong></span> <span class='ocrx_word' id='word_1_604' title='bbox 2235 5185 2774 5268; x_wconf 88' lang='lat' dir='ltr'><strong>quemadmodum</strong></span> <span class='ocrx_word' id='word_1_605' title='bbox 2807 5187 2942 5269; x_wconf 90' lang='lat' dir='ltr'><strong>ipse</strong></span> <span class='ocrx_word' id='word_1_606' title='bbox 2973 5186 3171 5251; x_wconf 84' lang='lat' dir='ltr'><strong>Filius</strong></span> <span class='ocrx_word' id='word_1_607' title='bbox 3200 5197 3298 5252; x_wconf 89' lang='lat' dir='ltr'><strong>est</strong></span> <span class='ocrx_word' id='word_1_608' title='bbox 3326 5197 3507 5254; x_wconf 90' lang='lat' dir='ltr'><strong>natu·</strong></span> 
     </span>
     <span class='ocr_line' id='line_1_92' title="bbox 2010 5283 3506 5372; baseline 0.004 -22"><span class='ocrx_word' id='word_1_609' title='bbox 2010 5287 2184 5361; x_wconf 87' lang='lat' dir='ltr'><strong>ralis,</strong></span> <span class='ocrx_word' id='word_1_610' title='bbox 2234 5283 2518 5369; x_wconf 87' lang='lat' dir='ltr'><strong>perfecta</strong></span> <span class='ocrx_word' id='word_1_611' title='bbox 2563 5292 2628 5348; x_wconf 88' lang='lat' dir='ltr'><strong>et</strong></span> <span class='ocrx_word' id='word_1_612' title='bbox 2675 5285 2866 5370; x_wconf 89' lang='lat' dir='ltr'><strong>plena</strong></span> <span class='ocrx_word' id='word_1_613' title='bbox 2911 5286 3112 5350; x_wconf 86' lang='lat' dir='ltr'><strong>Patris</strong></span> <span class='ocrx_word' id='word_1_614' title='bbox 3157 5287 3384 5372; x_wconf 84' lang='lat' dir='ltr'><strong>imago.</strong></span> <span class='ocrx_word' id='word_1_615' title='bbox 3436 5291 3506 5356; x_wconf 88' lang='lat' dir='ltr'><strong>ln</strong></span> 
     </span>
    </p>
   </div>
  </div>
 </body>
</html>
