4300 6259
947 444 1068 508 338
1509 466 1589 512 ns
1630 466 1856 512 nnuma
1897 465 2278 512 curusrrANAE
2319 465 2619 521 mmm-2,
2664 465 2839 512 mann
2882 465 2921 511 1.
2966 485 3047 496 —
3088 467 3226 512 aar.
3271 467 3499 514 mxxxvi

949 632 1299 698 lidissimos
1328 636 1510 718 quasi
1540 655 1663 700 aere
1693 636 1870 699 fusos
1898 643 2245 720 nuncupat.
2261 638 2451 700 Porro
2477 637 2531 698 A
2558 635 2753 698 ducit.
2770 636 2902 709 Quo
2932 654 3083 718 ergo
3113 637 3551 718 intelligentiae
3576 635 3801 698 suerint
3826 636 3997 718 primo

949 734 1304 796 secundum
1358 735 1751 817 praeinducta
1792 742 2059 808 constat,
2106 735 2273 816 quod
2318 735 2452 796 Ari-
2559 734 2924 806 viciniores,
2958 753 3035 798 eo
3080 735 3143 796 in
3186 736 3375 797 modo
3420 743 3484 797 et
3527 734 3889 816 perfectione
3928 737 3999 796 in·

951 832 1207 894 stoteles
1266 850 1392 895 non
1451 833 1746 915 parificat
1803 833 2253 914 intelligentias
2318 835 2451 896 ani·
2558 832 2887 913 telligendi
2947 841 3136 896 erunt
3194 834 3316 915 ipsi
3367 834 3726 896 similiores.
3774 833 3843 895 Et
3881 851 4003 914 quo-

952 929 1179 992 mabus
1219 931 1609 1006 coelestibuS,
1642 932 1752 995 sed
1795 932 2075 994 motibus
2114 932 2445 995 coelorum.
2559 931 2733 992 niam
2805 931 3087 1013 practico
3157 930 3488 993 intellectu
3561 930 3899 1010 intelligunt
3954 937 4005 991 et

951 1026 1132 1089 Ponit
1189 1029 1429 1111 quippe
1489 1049 1831 1093 numerum
1901 1038 2191 1093 motuum
2262 1031 2449 1094 coelo-
2559 1029 2921 1109 producunt
2964 1028 3289 1103 inferiora,
3323 1029 3623 1091 distincte
3668 1036 4003 1108 cognoscunt

949 1127 1245 1206 rum(seu
1276 1128 1466 1190 etiam
1500 1128 2075 1209 intelligentiarum,
2094 1137 2164 1190 ut
2195 1130 2449 1211 quidam
2558 1145 2652 1187 ea.
2706 1126 3080 1208 Operativus
3128 1146 3408 1209 namque
3458 1127 3806 1190 intellectus
3850 1126 4005 1208 perfi-

947 1231 1158 1286 textus
1216 1225 1481 1304 babent)
1530 1225 1700 1288 circa
1756 1226 2221 1308 quinquaginta
2269 1228 2451 1308 quin·
2558 1225 2724 1285 citur
2772 1243 2887 1306 per
2932 1243 3263 1288 accessum
3310 1226 3388 1286 ad
3444 1225 3783 1306 singularia
3828 1241 3840 1285 :
3884 1243 4003 1284 nam

949 1340 1093 1404 que.
1137 1321 1239 1384 Sic
1281 1324 1454 1385 enim
1497 1323 1799 1406 Calippus
1840 1331 1904 1387 et
1933 1325 2255 1399 EudoxuS,
2288 1333 2449 1388 tem·
2557 1322 3037 1403 suppositorum
3068 1331 3165 1386 est
3194 1342 3381 1405 agere
3413 1331 3477 1386 et
3515 1323 3666 1405 pati,
3697 1323 4002 1386 secundum

945 1438 1100 1501 pore
1149 1439 1265 1484 suo
1314 1421 1378 1482 in
1424 1423 1813 1485 astronomia
1856 1422 2106 1496 famosi,
2154 1442 2446 1486 numera·
2557 1419 3030 1501 Philosophum.

941 1526 1174 1581 verunt
1240 1519 1494 1582 orbium
1565 1520 1853 1583 lationes.
1926 1522 2100 1584 Idem
2172 1540 2447 1603 namque
2635 1519 2880 1591 Adhuc,
2903 1519 3229 1600 objectum
3265 1519 3629 1582 intellectus
3656 1518 3903 1602 separati
3927 1526 4005 1580 est

940 1616 1114 1678 orbis
1147 1624 1356 1679 motus
1397 1618 1612 1700 plures
1652 1619 1864 1691 habet,
1897 1626 1960 1682 et
2001 1619 2271 1700 planetae
2311 1621 2449 1701 qui·
2554 1636 2667 1678 ens
2711 1617 3137 1698 intelligibile,
3172 1619 3342 1700 quod
3383 1617 3854 1699 comprehendit
3888 1635 4005 1678 sen—

943 1713 1088 1776 dem
1120 1715 1356 1777 multos
1386 1715 1626 1778 habent
1657 1723 1886 1778 motus.
1913 1717 2032 1779 Sed
2066 1725 2129 1779 et
2159 1708 2443 1799 planetas
2554 1715 2766 1777 sibilia
2809 1723 2874 1777 et
2916 1723 3203 1796 separata
3252 1734 3265 1778 :
3312 1717 3496 1778 aliter
3540 1733 3666 1778 non
3712 1733 4005 1797 cognosce-

941 1821 1005 1874 et
1059 1819 1228 1875 astra
1276 1813 1492 1875 omnia
1541 1814 1723 1896 ponit
1771 1814 2036 1877 orbibus
2085 1814 2327 1894 infixa;
2380 1812 2516 1878 etB
2556 1820 2651 1874 ret
2699 1821 2988 1875 naturam
3034 1821 3099 1876 et
3142 1814 3434 1877 ordinem
3472 1821 3537 1876 et
3574 1813 4007 1876 consistentiam

941 1911 1138 1974 coelos
1170 1912 1350 1992 ponit
1379 1930 1506 1974 non
1539 1930 1726 1992 posse
1757 1912 1962 1974 scindi
2003 1920 2179 1975 motu
2220 1914 2435 1977 stelloe.
2552 1911 2860 1986 universi,
2922 1919 2985 1974 et
3043 1912 3136 1974 sic
3194 1929 3322 1974 non
3380 1920 3550 1976 esset
3606 1913 3906 1995 perfectus
3954 1911 4008 1972 in

1019 2008 1342 2071 Avicenna
1403 2017 1616 2071 autem
1678 2018 1741 2072 et
1796 2011 2048 2091 Algazel
2102 2018 2167 2073 et
2221 2019 2443 2074 auctor
2550 2009 2824 2071 naturali
2872 2009 3284 2092 perfectione.
3350 2011 3473 2073 Sed
3522 2010 3869 2073 intellectus
3917 2007 4009 2090 qui

939 2105 1090 2168 libri
1121 2105 1488 2181 Causarum,
1523 2108 1919 2170 constituunt
1962 2127 2305 2172 numerum
2352 2110 2442 2172 in·
2549 2105 2630 2167 ab
2670 2106 2914 2188 origine
2954 2108 3053 2170 sui
3094 2117 3192 2170 est
3232 2108 3297 2170 in
3329 2116 3473 2170 actu
3504 2115 3569 2170 et
3608 2107 3865 2170 naturali
3893 2124 4009 2188 per·

938 2204 1462 2285 telligentiarum,
1517 2207 1870 2268 secundum
1920 2227 2261 2270 numerum
2312 2209 2442 2271 ani·
2550 2203 2825 2267 sectione
2870 2205 3251 2287 completuS,
3294 2207 3621 2287 cognoscit
3658 2205 3861 2268 omnia
3892 2223 4010 2286 quae

941 2321 1187 2364 marum
1221 2309 1284 2364 et
1313 2303 1766 2366 orbium.Nam
1801 2304 1864 2366 in
1898 2305 2062 2368 libro
2093 2305 2439 2369 Causarum
2549 2302 2669 2365 sub
2707 2303 2961 2383 obJecto
3010 2323 3127 2367 suo
3168 2305 3813 2386 comprehenduntur.
3852 2303 4007 2365 lntel·

938 2399 1175 2461 dicitur
1223 2419 1234 2462 :
1285 2401 1361 2463 Et
1403 2419 1531 2464 non
1577 2411 1998 2465 numerantur
2039 2405 2268 2467 animae
2315 2406 2438 2467 nisi
2550 2399 2809 2482 ligentia
2847 2409 3061 2464 autem
3101 2421 3138 2464 a
3175 2403 3496 2484 principio
3536 2421 3786 2485 semper
3821 2402 3883 2464 in
3918 2419 4008 2463 na-

938 2516 1054 2579 per
1084 2499 1344 2561 modum
1379 2518 1503 2581 quo
1531 2509 1949 2563 numerantur
1979 2502 2433 2584 intelligentiae.
2545 2498 2861 2562 turalibus
2917 2519 3098 2581 aeque
3154 2501 3435 2582 perfecta
3490 2509 3589 2563 est
3644 2519 3659 2562 :
3718 2499 4009 2582 cognoscit

935 2596 1261 2660 Avicenna
1287 2605 1498 2660 tamen
1529 2599 1711 2681 ponit
1733 2599 2221 2681 intelligentiam
2250 2621 2437 2665 unam
2544 2616 2695 2680 ergo
2742 2599 2928 2661 orbes
2977 2606 3281 2680 tanquam
3326 2600 3713 2683 operationis
3770 2619 3889 2662 suae
3932 2599 4007 2660 in·

938 2702 1082 2778 post
1131 2697 1364 2760 coelum
1416 2696 1604 2772 lunae,
1658 2718 1799 2780 quae
1859 2700 2213 2762 secundum
2262 2720 2433 2776 eum,
2545 2703 2918 2770 strumenta,
2953 2705 3016 2759 et
3056 2698 3284 2761 formas
3324 2699 3518 2779 hujus
3559 2699 3779 2761 mundi
3806 2699 4007 2760 sieuta

935 2801 1032 2856 est
1077 2795 1283 2857 datrix
1332 2795 1732 2859 formarum:
1768 2817 1804 2858 a
1851 2817 1976 2879 qua
2022 2797 2247 2862 formae
2294 2819 2435 2881 quae
2542 2793 2767 2857 formis
2816 2815 2957 2877 quae
3000 2795 3066 2857 in
3110 2814 3184 2858 ea
3232 2805 3383 2858 sunt
3430 2797 3861 2879 procedentes,
3902 2813 4009 2858 ma·

935 2891 1001 2953 in
1063 2893 1326 2955 materia
1383 2901 1532 2956 sunt
1589 2903 1907 2957 emanant.
1970 2895 2202 2958 Omnes
2260 2898 2433 2959 enim
2542 2893 2771 2955 teriam
2797 2911 2951 2956 vero
2981 2893 3149 2956 sicut
3178 2902 3601 2957 stramentum
3641 2894 4007 2959 coelestisin-

934 2989 1168 3053 formas
1200 2999 1265 3052 et
1293 2993 1486 3054 etiam
1527 2994 1899 3057 rationalem
1941 2994 2221 3057 animam
2257 2997 2435 3077 ponit
2463 2998 2506 3061 C
2544 2991 2828 3055 fluentiae
2866 2999 2930 3054 et
2964 2991 3317 3056 formarum
3357 2994 3885 3077 susceptaculum.
3908 2993 4009 3056 L'n·

935 3089 1135 3151 creari
1175 3096 1238 3152 et
1278 3089 1484 3152 fluere
1527 3091 1606 3153 ab
1652 3092 1769 3153 bac
1815 3092 2259 3172 intelligentia,
2294 3114 2435 3176 quae
2542 3091 2620 3152 de
2652 3090 2905 3152 Boetius
2936 3091 3228 3173 ait‚quod
3261 3092 3485 3156 formae
3514 3113 3653 3176 quae
3683 3094 3747 3155 in
3781 3091 4011 3156 materia

933 3195 1162 3267 praeest
1201 3187 1466 3270 spbaerae
1502 3188 1858 3251 activorum
1899 3196 1964 3252 et
2007 3191 2430 3272 passivorum,
2542 3196 2711 3261 sunt,
2745 3207 2824 3250 ex
2854 3189 2949 3250 eis
2980 3188 3206 3252 formis
3238 3209 3381 3272 quae
3410 3191 3550 3253 sine
3592 3191 3849 3255 materia
3884 3196 4012 3252 sunt

933 3291 997 3346 et
1039 3285 1204 3347 sicut
1252 3285 1361 3347 ille
1409 3285 1518 3359 ait,
1566 3286 1842 3349 illustrat
1885 3307 2140 3370 semper
2187 3291 2433 3354 animas
2541 3285 3007 3367 profluxerunt·
3070 3287 3409 3369 Propterea
3465 3288 3642 3351 Plato
3695 3287 4011 3371 appellavit

933 3391 1198 3445 nostras,
1243 3384 1316 3446 Hi
1363 3402 1513 3465 ergo
1557 3386 1778 3446 dicunt
1823 3387 2089 3450 cuilibet
2131 3389 2269 3452 orbi
2318 3409 2431 3452 seu
2541 3385 2822 3465 primum
2862 3384 3166 3466 opificem
3212 3394 3479 3468 patrem,
3514 3386 3786 3450 formam
3821 3395 4009 3450 autem

932 3480 1202 3562 planetae
1249 3499 1375 3544 non
1426 3484 1815 3545 necessarias
1865 3503 2004 3547 esse
2051 3493 2144 3549 tot
2203 3487 2433 3550 intelli·
2541 3483 2809 3564 prolem,
2872 3484 3201 3546 materiam
3262 3502 3413 3546 vero
3472 3485 3897 3548 materculam.
3946 3484 4009 3545 Et

931 3580 1175 3660 gentias
1205 3588 1361 3662 quot
1391 3581 1582 3643 babet
1617 3589 1850 3657 motuS‚
1883 3585 1992 3645 sed
2033 3585 2301 3648 cuilibet
2336 3604 2432 3649 or-
2539 3581 2659 3643 hoc
2702 3581 2882 3662 ponit
2920 3581 3299 3644 Avicebron.

933 3677 1000 3739 bi
1048 3679 1464 3760 appropriant
1513 3680 2004 3762 intelligentiam
2054 3703 2269 3756 unam,
2317 3703 2433 3766 per
2618 3679 2860 3753 Adbuc,
2913 3679 3133 3743 formae
3192 3699 3333 3762 quae
3382 3681 3449 3743 in
3506 3681 3751 3744 lumine
3808 3681 4009 3744 intelli-

931 3793 1122 3856 quam
1154 3775 1232 3838 fit
1261 3777 1539 3840 coelestis
1576 3777 1790 3840 anima
1827 3798 2023 3861 capax
2065 3781 2328 3845 luminis
2368 3791 2431 3845 et
2538 3777 2768 3858 gentiae
2814 3785 2983 3852 sunt,
3034 3778 3115 3840 ab
3174 3779 3487 3842 idealibUS
3545 3779 3773 3844 formis
3827 3779 4006 3842 divini

930 3872 1282 3937 formarum
1325 3894 1362 3938 a
1405 3876 1613 3958 primo
1658 3878 2157 3958 procedentium.
2539 3875 2901 3938 intellectus
2946 3877 3316 3939 immediate
3358 3887 3707 3941 emanant:
3742 3879 3877 3942 ideo
3915 3897 4007 3940 ne·

2538 3992 2716 4036 cesse
2764 3982 2861 4037 est
2901 3982 2973 4037 ut
3017 3975 3143 4037 illis
3188 3973 3414 4038 formis
3462 3977 3741 4040 maxime
3786 3975 4010 4039 assimi-

2538 4072 2769 4134 lentur.
2834 4073 3008 4136 Unde
3066 4081 3239 4155 patet
3296 4074 3466 4156 quod
3528 4075 3749 4139 formae
3806 4073 4012 4138 intelli-

1224 4146 1714 4210 ARTICULUS
1760 4147 2133 4212 LXXXVI·
2460 4175 2509 4237 D
2536 4171 2896 4250 gentiarum
2927 4171 3211 4234 causales
3240 4180 3489 4245 sunt,et
3517 4190 3647 4236 non
3678 4175 4013 4257 dependent

930 4289 1028 4348 De
1056 4289 1376 4364 qualitate
1407 4288 1584 4346 modi
1615 4287 2429 4364 intelliyendi,specierum
2537 4287 2573 4330 ἃ
2615 4268 2829 4342 rebus,
2864 4270 2972 4331 Sssd
3018 4277 3283 4331 causant
3326 4288 3448 4344 res,
3482 4270 3651 4333 Sicut
3697 4271 3895 4334 forma
3931 4290 4013 4332 81·-

1013 4376 1564 4451 intelliqibilium,
1614 4385 1674 4436 et
1725 4379 2199 4438 illustrationis
2246 4380 2432 4438 intec—
2534 4366 2788 4428 tificiati
2848 4386 2989 4448 quae
3046 4368 3111 4428 in
3173 4375 3387 4430 mente
3444 4375 3541 4430 est
3595 4368 3881 4443 artificis,
3927 4378 4010 4430 est

2536 4483 2726 4527 causa
2755 4465 2977 4528 formae
3013 4483 3207 4547 quam
3246 4465 3493 4528 inducit
3528 4467 3759 4530 artifex
3798 4468 3857 4528 in
3898 4485 4009 4529 ma·

2535 4564 2761 4626 teriam
2816 4581 2831 4626 :
2885 4572 2949 4626 et
2997 4564 3212 4645 igitur,
3264 4565 3432 4627 sicut
3476 4584 3592 4648 per
3639 4566 4007 4629 universales

1065 4661 1116 4724 A
1173 4667 1387 4722 autem
1448 4679 1589 4741 quae
1646 4661 1856 4742 primo
1922 4661 2052 4723 enti
2117 4662 2430 4725 viciniora
2534 4664 2771 4727 formas
2830 4669 3059 4724 cuneta
3117 4663 3499 4744 producunt,
3560 4664 3654 4726 sic
3720 4673 3783 4727 et
3836 4681 4007 4744 agno-

1093 4765 1260 4832 sunt,
1295 4758 1554 4837 maioris
1596 4759 1856 4820 unitatis
1897 4766 2064 4832 sunt,
2098 4761 2255 4822 etin
2289 4781 2427 4842 per·
2535 4768 2739 4824 scunt.
2774 4761 2922 4835 Quae
2964 4767 3177 4822 tamen
3221 4761 3461 4841 agnitio
3507 4779 3635 4824 non
3678 4764 3878 4825 oritur
3914 4781 4007 4824 ne·

932 4858 1206 4922 sectione
1249 4857 1345 4919 illi
1388 4857 1864 4939 propinquiora.
1902 4857 2237 4920 Ostensum
2278 4877 2429 4923 vero
2535 4879 2659 4941 que
2716 4859 2950 4922 occidit
3006 4877 3151 4920 cum
3210 4858 3311 4920 his
3369 4878 3512 4941 quae
3568 4861 3911 4942 gignuntur
3951 4869 4007 4923 et

1015 4465 1447 4541 liyentiarum
1489 4467 1578 4524 ad
1619 4466 1920 4526 invicem.

661 4965 1048 5030 art.2v11101est‚
1090 4957 1382 5018 divinum
1428 4954 1825 5017 intellectum
1875 4956 2090 5018 omnia
2127 4957 2427 5020 distincte
2535 4958 2907 5039 dispereunt
2954 4974 2968 5018 ε
3016 4957 3319 5039 quoniam
3362 4957 3529 5019 sicut
3572 4959 3741 5022 Deus
3772 4959 3835 5023 in
3882 4961 4007 5042 ipso

930 5065 994 5118 et
1025 5056 1212 5136 plene
1258 5052 1634 5134 intelligere,
1669 5053 1997 5116 intellectu
2038 5052 2257 5136 utique
2287 5074 2429 5136 pra-

931 5155 1117 5226 ctico,
1150 5153 1260 5234 qui
1293 5149 1764 5213 intellectorum
1798 5152 2247 5214 constitutivus
2278 5161 2376 5216 est
2408 5172 2422 5216 :

930 5250 1292 5314 intellectus
1351 5267 1627 5330 namque
1694 5250 2018 5330 cognoscit
2073 5270 2216 5333 quae
2282 5270 2425 5334 pro·

2534 5063 2859 5120 momento
2903 5055 3273 5118 aeternitatis
3321 5056 3537 5118 omnia
3578 5058 3775 5132 videt,
3820 5059 3907 5122 sic
3950 5060 4003 5120 in

2532 5155 2673 5236 ipso
2703 5171 2837 5216 aevo
2868 5153 3308 5233 intelligentia.
3326 5154 3394 5215 In
3427 5154 3583 5235 ipsis
3616 5157 3785 5220 enim
3814 5175 4005 5220 causa·

2530 5252 2701 5316 libus
2734 5251 3292 5334 intelligentiarum
3325 5249 3545 5315 formis
3576 5255 3860 5321 relucent
3884 5271 4006 5341 quae
