4300 6259
663 2651 723 2694 De
753 2649 891 2692 Divin.

633 2727 746 2757 nom.
763 2725 803 2755 c.
823 2725 879 2754 w.

933 464 1056 529 318
1517 484 1594 530 na
1637 482 1863 530 nnuma
1907 481 2290 530 cmusruNAE
2332 479 2635 542 raucam,
2680 483 2857 530 mana
2899 486 2938 530 ι.
2986 503 3065 514 -
3106 487 3245 534 Aur.
3292 485 3458 540 Lxxn

934 654 1234 717 videlicet
1286 654 1660 718 ordinantur
1704 653 1770 715 in
1813 652 2012 714 finem
2067 650 2425 732 gubernati.
2458 649 2512 714 A
2541 653 2751 715 omnis
2780 653 3061 730 libertas,
3094 656 3527 739 contingentia
3554 656 3789 736 omnis3
3818 657 3999 720 omnis

935 751 1068 815 lmo
1105 753 1396 814 omnium
1442 752 1776 834 productio
1825 751 1962 812 sine
2001 750 2237 832 quibus
2278 749 2429 812 finis
2540 767 2795 832 quoque
2854 752 3130 827 fortuna,
3192 756 3551 818 consiliatio
3610 764 3671 818 et
3728 755 3999 818 orationis

935 851 1240 914 mundani
1271 851 1599 933 regiminis
1638 849 1905 932 adipisci
1948 866 2074 911 non
2112 849 2301 920 valet,
2336 867 2431 910 se·
2541 846 2787 910 fructus
2846 859 3311 913 amoverentur.
3365 851 3429 915 Si
3488 861 3699 914 autem
3743 852 4001 934 quaedam

933 949 1213 1011 cundum
1284 950 1454 1013 hunc
1521 950 1780 1012 modum
1845 948 1965 1011 sub
2033 947 2432 1030 providentia
2542 943 2762 1018 libera,
2813 948 3144 1010 mutabilia
3186 956 3249 1011 et
3291 951 3721 1032 contingentia
3757 957 4001 1011 statuan-

931 1049 1116 1110 cadit.
2542 1049 2665 1116 tur,
2700 1061 2825 1106 non
2872 1046 2995 1107 erit
3038 1047 3265 1109 horum
3296 1049 3678 1128 (secundum
3706 1048 3831 1110 vim
3873 1064 4003 1128 prae-

1013 1146 1186 1208 Unde
1246 1162 1372 1208 non
1423 1147 1916 1226 incongruenter
1961 1164 1998 1206 a
2045 1143 2428 1226 quibusdam
2542 1141 2817 1206 inductae
2867 1145 3158 1226 rationis)
3201 1145 3564 1208 infallibilis
3616 1145 3999 1229 providentia,

928 1247 1174 1308 dictum
1225 1251 1342 1318 est,
1395 1245 1564 1327 quod
1623 1244 1934 1326 sapientia
1983 1243 2116 1314 Dei,
2171 1249 2432 1324 propter
2542 1239 2650 1300 sed
2699 1239 2887 1302 fallax
2932 1244 3144 1324 potius
3192 1243 3563 1326 incertaque
3606 1244 3833 1326 opinio.
3877 1242 4001 1304 ldeo

929 1343 1163 1406 multos
1223 1362 1296 1406 ac
1346 1343 1630 1405 diversos
1680 1341 1952 1404 effectus
2001 1341 2082 1402 ab
2133 1358 2207 1402 ea
2265 1358 2431 1400 ema·
2542 1339 2841 1419 equidem
2874 1340 3142 1403 scientia
3170 1340 3433 1403 falsitati
3470 1343 3871 1404 incommixta
3898 1349 3997 1412 est,

927 1449 1172 1514 nanteS‚
1208 1442 1460 1504 diversa
1499 1442 1758 1504 nomina
1795 1439 2077 1512 sortitur,
2112 1457 2253 1520 quae
2296 1457 2431 1519 par·
2541 1436 2842 1517 quoniam
2904 1438 2967 1500 id
3023 1439 3102 1502 de
3154 1459 3281 1521 quo
3331 1447 3447 1513 est,
3498 1440 3681 1503 aliter
3725 1457 3791 1502 se
3833 1439 3999 1502 habe-

927 1540 1282 1602 ticulariter
1311 1541 1776 1621 quodammodo
1807 1538 2144 1618 designant
2174 1537 2235 1598 id
2268 1535 2427 1617 quod
2543 1552 2607 1595 re
2657 1536 2881 1616 nequit
2940 1555 3132 1618 quam
3185 1538 3566 1620 concipitur.
3622 1539 3703 1600 De
3750 1556 3823 1600 eo
3872 1553 4001 1600 vero

929 1638 1374 1701 universaliter
1404 1639 1468 1700 in
1501 1638 1812 1720 sapientia
1842 1635 2423 1718 comprehenditur.
2540 1633 2709 1713 quod
2758 1634 2943 1696 aliter
2992 1653 3060 1698 se
3119 1634 3355 1699 habere
3412 1643 3621 1719 potest
3670 1655 3859 1718 quam
3910 1654 4002 1716 ap-

929 1737 1178 1799 Etenim
1212 1737 1526 1818 sapientia
1565 1737 1672 1799 Dei
1716 1737 2066 1799 secundum
2111 1734 2283 1815 quod
2327 1733 2425 1795 sui
2542 1733 2927 1812 prehensum
2989 1742 3105 1806 est,
3164 1752 3291 1797 non
3346 1735 3480 1816 jam
3533 1735 3777 1798 stabilis
3826 1735 4005 1798 scien·

927 1836 1128 1918 ipsius
1196 1836 1647 1917 contemplatio
1714 1842 1830 1908 est,
1892 1834 2125 1896 divinae
2194 1833 2425 1894 mentis
2464 1833 2509 1894 B
2541 1830 2647 1902 tia,
2684 1832 2793 1893 sed
2825 1832 3215 1896 existimatio
3248 1835 3536 1915 quaedam
3568 1833 3859 1915 ambigua
3885 1851 4005 1896 esse

925 1935 1558 2016 supersubstantialis
1618 1934 1945 1996 beatitudo
1997 1931 2358 2013 appellatur
2408 1947 2421 1992 ε
2539 1937 2762 2011 potest.
2798 1932 2920 1992 Aut
2954 1931 3165 2012 itaque
3206 1933 3641 2014 contingentia
3674 1941 3741 1994 et
3776 1930 4003 1994 fluitan-

927 2053 1068 2115 quae
1111 2053 1331 2095 rursus
1375 2033 1706 2115 sapientia,
1752 2031 2150 2117 provident-ia
2193 2029 2429 2090 dicitur
2537 2028 2623 2088 tia
2662 2047 2930 2110 quaeque
2971 2030 3292 2093 mundana
3331 2033 3505 2094 entia
3544 2032 3821 2113 agnoscit
3861 2031 4003 2093 Deus

927 2139 1218 2214 respectu
1287 2131 1895 2211 gubernandorum3
1957 2136 2249 2210 respectu
2318 2147 2426 2188 au·
2541 2127 2857 2189 immobili
2908 2129 3151 2191 ratione
3196 2147 3208 2191 :
3254 2138 3318 2192 et
3366 2131 3453 2193 ita
3502 2149 3630 2193 non
3679 2131 4003 2193 conforma·

924 2238 1055 2291 tem
1105 2230 1412 2291 scitorum
1465 2229 1732 2291 aliorum
1784 2248 1820 2290 a
1869 2247 1957 2300 se,
2005 2227 2312 2303 scientia3
2364 2233 2427 2287 et
2538 2225 2712 2287 bitur
2743 2246 2951 2309 neque
2996 2229 3520 2310 correspondebit
3558 2230 3817 2292 scientia
3844 2232 4000 2291 scito.

927 2335 1221 2410 respectu
1256 2329 1698 2400 creandorum,
1733 2328 2010 2410 practica
2050 2325 2419 2388 intellectio,
2535 2327 2659 2386 Aut
2697 2334 2865 2387 certe
2898 2327 3186 2389 variabili
3220 2327 3633 2410 instabilique
3662 2327 4003 2410 praeintuiti-

926 2426 1136 2500 Perre,
1179 2427 1482 2508 quoniam
1515 2426 1730 2488 omnia
1769 2445 1910 2507 quae
1939 2425 2130 2496 fiunt,
2165 2431 2426 2505 propter
2536 2440 2655 2484 one
2688 2424 2821 2486 haec
2852 2425 2991 2506 ipsa
3020 2445 3056 2488 a
3088 2425 3307 2488 divina
3346 2426 3487 2490 luce
3524 2427 3996 2510 conspiciuntur.

928 2525 1166 2588 bonum
1233 2525 1421 2598 fiunt,
1475 2533 1587 2588 aut
1646 2544 1868 2588 verum
1920 2533 2026 2586 aut
2085 2542 2421 2606 apparens,
2537 2521 2639 2583 Sic
2680 2528 2893 2585 autem
2936 2541 3062 2587 non
3103 2525 3223 2586 erit
3273 2524 3489 2587 divina
3532 2526 3708 2588 notio
3747 2525 4000 2608 perfecta

927 2625 1230 2706 quoniam
1264 2626 1617 2687 secundum
1651 2623 2046 2706 Dionysium,
2079 2623 2296 2684 nullus
2331 2641 2423 2683 re·
2538 2637 2797 2701 prorsus
2856 2629 2919 2684 et
2976 2623 3235 2704 penitus
3293 2641 3443 2685 vera
3494 2641 3507 2686 :
3561 2625 3730 2706 quod
3786 2624 3995 2686 nedum

926 2723 1206 2805 spiciens
1249 2724 1325 2786 ad
1374 2724 1612 2785 malum
1655 2730 1955 2804 operatur
1997 2720 2281 2800 malum3
2316 2720 2424 2783 bo·
2536 2718 2748 2782 dicere
2793 2727 2903 2781 aut
2952 2722 3249 2801 cogitare,
3300 2722 3411 2784 sed
3460 2722 3769 2805 suspicari
3816 2721 3999 2784 solum

925 2840 1081 2883 num
1133 2839 1284 2884 vero
1332 2829 1395 2883 et
1435 2821 1588 2882 finis
1630 2820 2023 2892 coincidunt,
2067 2819 2421 2881 secundum
2534 2818 2799 2880 omnino
2844 2817 3023 2880 nefas
3070 2827 3185 2881 est.
3232 2820 3369 2882 Non
3418 2839 3591 2902 ergo,
3638 2829 3707 2883 ut
3751 2821 3997 2892 videtur,

923 2919 1326 2982 Aristotelem
1383 2937 1396 2981 τ
1449 2918 1592 2982 ideo
1641 2918 1856 2981 omnia
1904 2926 2166 3000 propter
2221 2916 2423 2979 finem
2534 2923 2703 2978 stant
2760 2917 2954 2979 simul
3026 2918 3471 2982 universorum
3541 2919 3882 2983 immobilis
3938 2936 3999 2980 ac

921 3018 1202 3100 aliquem
1251 3017 1437 3080 fiunt.
1491 3018 1582 3080 Ob
1645 3019 1706 3080 id
1758 3035 1906 3098 ergo
1953 3017 2242 3078 omnium
2294 3025 2420 3079 tam
2462 3012 2505 3076 C
2537 3023 2707 3076 certa
2749 3016 3182 3097 praecognitiO,
3214 3023 3277 3078 et
3320 3019 3742 3099 quorumdam
3784 3018 3999 3080 contin·

921 3117 1308 3197 agendorum
1342 3136 1533 3200 quam
1567 3117 1988 3198 regendorum
2020 3116 2253 3177 dicitur
2283 3134 2422 3198 pro·
2534 3131 2688 3194 gens
2733 3114 3131 3196 casualisque
3175 3124 3466 3180 eventus.

923 3215 1223 3278 videntia.
1261 3215 1362 3278 Sic
1393 3233 1671 3298 namque
1703 3215 2006 3277 dicuntur
2034 3214 2253 3277 omnia
2284 3233 2423 3296 pro·
2612 3211 3010 3286 Praeterea‚si
3040 3214 3255 3276 omnia
3284 3215 3764 3296 quomodolibet
3791 3235 3861 3278 ac
3886 3234 4001 3279 om-

922 3315 1057 3376 visa
1088 3333 1124 3376 a
1154 3314 1281 3376 Deo
1316 3333 1331 3393 3
1365 3315 1474 3376 sed
1507 3322 1579 3376 ut
1606 3314 1849 3376 dictum
1881 3322 1998 3386 est,
2031 3314 2419 3394 agendorum
2536 3310 2894 3373 niformiter
2942 3313 3199 3394 provisa
3244 3321 3393 3374 sunt
3436 3332 3473 3374 a
3522 3314 3669 3388 Deo,
3720 3323 3867 3376 tunc
3909 3333 4001 3376 cu·

923 3420 1018 3474 est
1062 3412 1126 3473 in
1171 3421 1482 3494 quantum
1529 3420 1678 3474 sunt
1720 3412 1818 3475 vel
1866 3412 2279 3492 gubernanda
2322 3414 2423 3475 vel
2530 3409 2799 3488 juslibet
2866 3409 3137 3472 effectus
3207 3411 3693 3474 determinatam
3771 3431 3999 3475 causam

921 3510 1350 3592 gubernandis
1400 3511 1756 3574 necessaria
1807 3528 1820 3572 ε
1869 3512 2171 3592 quoniam
2222 3513 2425 3592 provi·
2535 3506 2827 3588 praevidit
2864 3525 2877 3570 :
2912 3508 3063 3582 imo,
3106 3529 3309 3591 quum
3356 3511 3755 3592 providentia
3782 3512 3861 3574 sit
3886 3529 3999 3573 om·

923 3611 1095 3684 dere,
1129 3617 1225 3672 est
1267 3618 1446 3673 actus
1491 3611 1785 3691 regentis,
2533 3606 2714 3667 nium
2766 3607 3141 3680 ordinativa,
3194 3616 3367 3671 certo
3412 3627 3485 3670 ac
3533 3610 3750 3673 debito
3804 3609 3999 3672 ordine

2534 3712 2763 3766 cuncta
2828 3705 3225 3786 prospiciens
3284 3712 3346 3768 et
3404 3706 3773 3789 disponenS,
3832 3727 3999 3769 unus-

2531 3803 2804 3884 quisque
2849 3802 3121 3866 effectus
3168 3805 3541 3868 reducibilis
3588 3807 3714 3870 erit
3760 3808 3821 3870 in
3876 3825 4003 3868 cau-

1270 3873 1755 3937 ARTICULUS
1802 3872 2077 3936 LXXII·
2532 3919 2667 3962 sam
2710 3900 2989 3982 aliquam
3035 3902 3389 3965 ordinatam
3434 3912 3497 3966 et
3539 3923 3655 3986 per
3696 3923 3783 3967 se.
3824 3904 4003 3967 Posita

922 4015 1018 4076 De
1052 4013 1418 4072 rationibus
1448 4031 1592 4090 qum
1619 4020 1846 4070 contra
1875 4013 2261 4086 posicionem
2288 4013 2423 4088 saci
2532 4017 2681 4061 vero
2713 4018 2902 4062 causa
2940 4001 3227 4064 ordinata
3258 4010 3321 4064 et
3362 4021 3475 4084 per
3512 4023 3603 4076 se,
3636 4023 3889 4067 necesse
3922 4010 4005 4066 est

1099 4110 1160 4161 et
1197 4102 1635 4178 provident-ite
1674 4102 1908 4159 induci
1941 4110 2233 4176 possunt.
2531 4096 2836 4160 effectum
2880 4097 3042 4160 fieri.
3079 4098 3303 4162 Omnia
3342 4118 3491 4182 ergo
3534 4101 3613 4164 de
3652 4102 4004 4166 necessitate

2452 4198 2501 4261 D
2532 4202 2594 4257 et
2624 4196 2801 4258 nulla
2830 4197 3167 4259 casualiter
3193 4197 3649 4264 efficerentur:
3680 4201 3845 4283 quod
3874 4199 4005 4282 quia

1048 4296 1428 4360 ERTlTUDO
1448 4303 1660 4359 autem
1684 4303 1748 4358 et
1767 4295 2080 4360 stabilitas
2113 4297 2415 4372 scientiae‚
2532 4294 2875 4357 dicendum
2907 4313 3033 4358 non
3065 4303 3182 4371 est,
3216 4314 3343 4358 non
3368 4298 3621 4362 videtur
3652 4297 4006 4362 universalis

1073 4395 1301 4457 fixioni
1341 4403 1404 4458 et
1442 4396 1810 4458 constantiae
1849 4395 1990 4457 sciti
2032 4404 2319 4477 aequatur
2358 4404 2422 4458 et
2531 4392 2641 4455 Dei
2687 4394 3089 4474 providentia
3128 4395 3544 4459 admittenda.

920 4495 1374 4560 conformatur.
1412 4494 1699 4574 Cognitio
1737 4511 2012 4574 namque
2053 4511 2421 4576 correspon—
2610 4492 2854 4566 Adhuc,
2916 4511 2993 4555 ex
3050 4495 3463 4558 antecedente
3524 4497 3880 4562 necessario
3940 4495 4005 4560 fit

921 4595 1027 4658 det
1095 4593 1351 4674 cognito
1413 4610 1427 4654 ε
1497 4592 1680 4654 aliter
1747 4590 1908 4654 foret
1974 4592 2051 4653 de
2117 4593 2418 4656 omnibus
2531 4610 2927 4674 consequens
2958 4593 3413 4667 necessarium,
3446 4601 3511 4656 et
3539 4605 3787 4678 oportet
3814 4596 4005 4676 cujus·

919 4692 1182 4774 aequalis
1223 4689 1578 4768 certitud03
1617 4689 1786 4770 quod
1831 4688 1974 4751 ideo
2018 4688 2249 4751 falsum
2300 4696 2415 4763 est,
2531 4689 2687 4752 libet
2725 4690 3168 4753 conditionalis
3205 4708 3603 4774 consequens
3638 4693 3775 4756 fore
3812 4711 4005 4756 neces-

918 4791 1222 4874 quoniam
1257 4790 1336 4851 de
1366 4787 1763 4851 firmioribus
1794 4795 1889 4849 est
1924 4787 2196 4869 amplior
2235 4789 2418 4850 certi·
2530 4789 2791 4863 sarium,
2815 4790 3001 4870 cujus
3029 4791 3412 4852 antecedens
3444 4793 3869 4855 necessarium
3898 4799 3999 4854 est.

917 4890 1086 4952 tudo.
1124 4890 1462 4969 Quumque
1493 4887 1774 4949 divinam
1825 4886 2291 4966 providentiam
2326 4888 2417 4949 in·
2530 4889 2829 4969 Sequitur
2871 4907 3020 4969 ergo
3054 4907 3067 4950 z
3102 4891 3165 4952 Si
3196 4891 3316 4952 hoc
3360 4891 3639 4974 providit
3680 4892 3865 4964 Deus»,
3896 4891 3999 4953 hoc

919 4986 1444 5052 commutabilem
1476 4993 1906 5066 aeternamque
1936 4986 2284 5048 consistere
2324 4985 2417 5048 fas
2530 4987 2668 5049 erit.
2722 4986 2843 5050 Sed
2892 4987 3012 5049 hoc
3070 4989 3475 5063 antecedenS,
3528 4991 3693 5054 Deus
3744 4990 3999 5075 providit

919 5105 1047 5150 non
1097 5087 1179 5149 sit
1226 5085 1541 5158 dubitare,
1593 5101 1989 5166 consequens
2039 5085 2312 5160 videtur,
2364 5085 2417 5147 si
2528 5088 2670 5160 hoc,
2722 5093 2819 5149 est
2874 5087 3137 5150 omnino
3184 5088 3639 5162 necessarium,
3690 5108 3885 5171 quum
3928 5089 3999 5148 sit

917 5186 1134 5248 omnia
1177 5203 1212 5246 a
1257 5185 1384 5246 Deo
1428 5181 1680 5264 provisa
1725 5190 1894 5256 sunt,
1929 5183 2020 5243 nil
2053 5185 2419 5266 contingen·
2529 5193 2837 5248 aeternum
2887 5203 2900 5247 :
2954 5203 3350 5267 consequens
3399 5184 3595 5267 igitur
3639 5187 3783 5268 ejus
3826 5187 3997 5248 etiam

917 5291 1016 5348 ter
1059 5290 1168 5345 aut
1213 5281 1605 5346 variabiliter
1649 5281 1906 5343 evenire
1943 5298 1956 5342 :
1989 5288 2053 5343 et
2088 5283 2419 5347 tolleretur
2530 5285 2961 5347 necessarium
3004 5293 3119 5346 est.
3155 5284 3218 5347 Si
3264 5302 3415 5365 ergo
3459 5287 3749 5348 omnium
3792 5285 3999 5348 habeat
