4300 6259
822 474 939 542 120
1488 495 1914 544 anamma-no
1954 492 2356 540 mmmmm.
2402 510 2483 522 -
2523 493 2602 540 nn
2645 493 2763 541 nso
2807 495 2927 541 mro
2969 495 3044 542 m·
3081 495 3266 544 ramo

819 667 1273 744 cognitione
1304 668 1390 734 ln
1417 668 1595 734 vita
1629 667 1803 746 hae,
1828 679 2001 747 quae
2032 665 2156 730 est
2181 679 2324 745 per
2351 663 2400 726 A
2431 666 2596 744 quid
2650 667 2760 736 sit,
2815 683 2892 728 eo
2948 667 3118 749 quod
3173 673 3554 749 agnoscatur
3608 661 3937 728 universis

820 777 1135 832 omnem
1175 765 1656 833 ablationem
1698 765 1783 832 et
1822 763 2323 842 neg-ationem
2431 761 2686 826 infinite
2731 762 3092 838 sublimior,
3137 784 3212 828 ac
3255 760 3938 847 incomprehensibilis

820 862 917 930 de
960 865 1158 944 ipso.
2431 860 2710 943 penitus,
2752 881 2954 944 quum
2997 863 3162 926 scire
3205 863 3290 926 sit
3335 881 3470 926 rem
3517 880 3632 946 per
3673 877 3938 924 causam

902 961 1079 1037 Quod
1137 970 1253 1038 est,
1303 963 1605 1046 quoniam
1665 961 2030 1046 symbolum
2091 959 2327 1022 dicitur
2432 977 2852 1041 cognoscere3
2913 961 3051 1044 ipse
3107 970 3322 1026 autem
3381 961 3493 1044 qui
3549 960 3724 1024 solus
3783 976 3940 1021 vere

823 1059 1079 1142 signum
1118 1061 1392 1142 alicujus
1436 1060 1965 1143 significativum,
2002 1065 2112 1122 aut
2156 1065 2327 1121 certe
2433 1067 2705 1122 aeternus
2749 1066 2864 1134 est,
2898 1078 3156 1123 causam
3198 1078 3325 1124 non
3369 1059 3578 1123 habet.

820 1157 1183 1240 aliquorum
1234 1159 1314 1221 ad
1364 1159 1643 1222 invicem
1693 1157 1986 1222 collectio
2037 1174 2051 1218 ε
2106 1174 2326 1238 quem-

822 1256 1166 1320 admodum
1196 1257 1612 1320 articulorum
1656 1257 1808 1320 fidei
1854 1257 1917 1318 in
1960 1273 2163 1319 unum
2202 1253 2326 1317 col·
2839 1266 3358 1333 pRoposrnO
3405 1269 3525 1332 XI,

825 1354 1015 1418 lectio
1072 1355 1436 1439 symbolum
1495 1354 1649 1418 fidei
1700 1354 2078 1437 appellatur.
2133 1355 2210 1416 Et
2256 1360 2330 1415 ut

552 1466 795 1512 necoelost.
824 1452 961 1535 ipse
991 1453 1457 1516 sacratissimus
1480 1453 1819 1536 Dionysius
1850 1452 2323 1535 interpretatur,
2514 1448 2865 1527 Quaeetio
2921 1464 3214 1528 magna
3267 1452 3414 1531 est,
3461 1465 3566 1518 an
3620 1451 3709 1518 ln
3754 1452 3941 1517 vita

530 1530 798 1637 ἓζξζιοιζξέ
824 1551 1187 1634 symbolum
1245 1561 1343 1616 est
1397 1552 1701 1616 sensibile
1760 1551 2004 1634 aliquid
2062 1570 2178 1634 pro
2235 1551 2327 1613 in·
2433 1548 2810 1626 praesenti
2839 1551 3095 1628 possit
3123 1549 3363 1615 homo
3391 1547 3781 1615 infinitiva
3809 1563 3938 1615 00·

531 1669 616 1700 e·¹-
822 1649 1142 1731 telligibili
1198 1651 1589 1733 designando
1636 1657 2038 1732 assumptum
2092 1667 2107 1712 ε
2160 1649 2328 1711 sicut
2430 1645 2788 1722 &ultione
2835 1646 3089 1711 Deum
3135 1660 3628 1724 cognoscere.

822 1749 1005 1830 panis
1054 1756 1117 1810 et
1163 1749 1387 1811 vinum
1436 1767 1553 1832 pro
1612 1748 1929 1831 spirituali
1990 1754 2053 1810 et
2106 1747 2325 1811 divina
2511 1741 2689 1814 Quod
2733 1749 2850 1816 est,
2885 1743 3190 1825 quoniam
3221 1745 3280 1806 S·
3316 1743 3653 1828 Dionysius
3693 1744 3759 1807 in
3799 1745 3938 1827 epi·

820 1845 1167 1910 resectione
1196 1846 1619 1929 accipiuntur.
1639 1846 2078 1909 Communiter
2105 1852 2320 1908 autem
2357 1841 2403 1904 B
2432 1841 2594 1902 stola
2639 1841 2719 1904 ad
2768 1841 2987 1904 Caium
3041 1843 3427 1906 monachum
3473 1844 3563 1906 ait
3609 1860 3624 1906 :
3669 1843 3736 1906 Si
3781 1843 3938 1925 quis
3989 1862 4134 1918 Epist.
4155 1877 4184 1904 t.

817 1943 1053 2011 dicitur
1108 1944 1495 2028 symbolum,
1546 1945 1855 2026 quidquid
1907 1950 2004 2006 est
2052 1943 2141 2006 rei
2194 1944 2322 2026 spi·
2431 1939 2658 2002 videns
2707 1939 2932 2014 Deum,
2985 1940 3300 2004 intellexit
3347 1942 3515 2024 quod
3567 1941 3748 2014 vidit,
3801 1959 3936 2004 non

818 2042 1165 2106 ritualioris
1220 2043 1743 2123 significativum.
1794 2043 2012 2124 ltaque
2070 2040 2322 2124 symboss
2434 2035 2646 2118 ipsum
2685 2037 2866 2112 vidit,
2901 2038 3009 2100 sed
3049 2038 3294 2120 aliquid
3330 2056 3552 2102 eorum
3594 2057 3737 2121 quae
3783 2047 3940 2102 sunt

820 2139 941 2202 lica
969 2140 1289 2222 theologia
1317 2149 1415 2202 est
1443 2159 1652 2204 sermo
1684 2160 1796 2204 seu
1839 2159 2015 2203 sacra
2054 2140 2324 2203 scientia
2432 2134 2589 2215 ejus,
2609 2135 2728 2197 hoc
2758 2143 2856 2198 est
2881 2136 3121 2218 aliquid
3153 2136 3514 2200 divinorum
3544 2136 3938 2217 effectuum3

818 2237 919 2298 vel
952 2238 1289 2320 scriptura,
1324 2239 1561 2302 docens
1592 2246 1657 2301 et
1686 2238 2013 2301 declarans
2046 2238 2324 2320 qualiter
2435 2232 2717 2314 itemque
2753 2250 2766 2294 ε
2801 2232 3044 2296 Divinae
3093 2233 3371 2297 tenebrae
3408 2236 3594 2316 (quas
3643 2234 3940 2298 invisibi-

818 2337 1080 2398 nomina
1138 2336 1563 2417 corporalium
1618 2355 1831 2399 rerum
1892 2355 1965 2398 ac
2030 2344 2319 2398 motuum
2433 2329 2561 2392 lem
2637 2337 2720 2392 et'
2774 2330 3492 2414 incomprehensibilem
3565 2332 3943 2396 abundanti-

818 2431 1302 2515 simplicissimo
1372 2432 1502 2496 Deo
1575 2433 1979 2508 conveniant,
2054 2440 2127 2494 ut
2198 2433 2317 2504 leo,
2433 2447 2536 2489 am
2583 2428 2745 2492 lucis
2796 2429 3090 2493 increatae
3135 2430 3442 2513 appellat)
3481 2432 3942 2513 cooperiuntur

816 2549 1040 2611 agnuS,
1072 2530 1244 2604 vitis,
1280 2530 1394 2604 ira,
1428 2530 1628 2605 furor,
1664 2530 1870 2612 figura
1896 2539 1960 2594 et
1993 2531 2317 2594 membra:
2434 2527 2609 2589 omni
2642 2527 2888 2602 lumini,
2920 2534 2984 2590 et
3012 2527 3492 2592 absconduntur
3517 2531 3696 2593 omni
3723 2530 3944 2612 cogni-

817 2628 897 2690 de
946 2627 1182 2709 quibus
1232 2635 1295 2692 et
1345 2628 1793 2691 consimilibus
1844 2629 1910 2692 in
1960 2629 2324 2712 Symbolica
2436 2624 2613 2687 tioni.
2662 2624 3090 2688 Damascenus
3140 2644 3396 2709 quoque
3453 2626 3664 2710 primo
3715 2626 3934 2691 libro:

816 2725 1155 2806 theologia,
1210 2726 1271 2788 id
1330 2734 1428 2789 est
1478 2727 1543 2788 in
1604 2726 1767 2791 libro
1825 2727 1917 2789 sic
1977 2728 2317 2818 intitulatq,
2433 2725 2545 2796 lta,
2587 2723 2818 2804 inquit,
2865 2731 3112 2806 oportet
3156 2724 3482 2805 singulum
3525 2743 3745 2788 eorum
3789 2746 3938 2809 quae

816 2831 1142 2887 tractatur.
1194 2824 1383 2889 Porro
1432 2825 1497 2887 in
1558 2825 1723 2889 libro
1779 2826 1858 2889 de
1906 2826 2151 2888 Divinis
2212 2845 2320 2890 no·
2435 2822 2514 2883 de
2571 2821 2700 2884 Deo
2759 2821 3081 2895 dicuntur,
3132 2841 3260 2886 non
3317 2824 3634 2887 aestimare
3689 2823 3940 2906 signifi-

820 2921 1127 2997 minibuS,
1180 2923 1257 2986 de
1316 2922 1833 3004 intelligibilibus
1882 2925 1992 2986 Dei
2040 2923 2320 3007 appella·
2437 2938 2580 2981 care
2610 2920 2779 3001 quod
2812 2920 3166 2982 secundum
3209 2921 3626 2986 substantiam
3670 2929 3788 2997 est,
3821 2924 3936 2986 sed

820 3018 1104 3083 tionibus
1164 3021 1394 3102 agitur,
1457 3028 1609 3103 puta
1665 3021 1938 3102 qualiter
1997 3021 2203 3085 bonus
2262 3030 2327 3086 et
2359 3025 2402 3088 C
2437 3018 2606 3101 quod
2674 3036 2799 3081 non
2870 3025 2969 3080 est
3028 3020 3382 3095 ostendere,
3444 3029 3554 3083 aut
3617 3020 3938 3084 habitudi-

820 3137 959 3190 ens,
1000 3117 1223 3180 vivens
1266 3137 1339 3180 ac
1384 3118 1638 3201 sapiens
1680 3127 2091 3201 nuncupetur
2132 3137 2145 3181 :
2182 3140 2324 3202 quae
2437 3135 2582 3179 nem
2614 3117 2948 3198 quamdam
2987 3117 3068 3179 ad
3106 3117 3349 3200 aliquid
3378 3137 3600 3183 eorum
3631 3140 3668 3184 a
3696 3119 3935 3202 quibus

822 3215 1083 3278 nomina
1129 3215 1389 3297 proprie
1436 3217 1496 3279 ei
1556 3216 2013 3291 attribuuntur,
2065 3225 2327 3300 propter
2434 3223 2766 3297 separatur
2815 3223 3004 3296 atque
3052 3216 3488 3297 distinguitur,
3533 3226 3644 3280 aut
3688 3218 3934 3300 aliquid

821 3314 994 3396 quod
1038 3315 1445 3397 appropriate
1487 3314 1706 3377 divina
1751 3323 1973 3378 vocata
2021 3323 2172 3378 sunt
2219 3334 2327 3379 no-
2435 3331 2657 3375 eorum
2689 3332 2830 3394 quae
2856 3322 3287 3395 assequuntur
3315 3323 3606 3379 naturam
3639 3325 3749 3379 aut
3784 3335 3934 3400 ope-

823 3411 1016 3474 mina.
1052 3412 1239 3475 Porro
1270 3411 1597 3474 character
1639 3412 1873 3475 dicitur
1916 3413 2172 3494 signum
2204 3414 2327 3476 dis·
2438 3412 2767 3474 rationem.
2793 3412 3082 3493 Insuper,
3115 3414 3467 3493 generatim
3499 3423 3938 3478 contestantur

822 3510 1189 3584 tinctivum,
1240 3511 1594 3592 praesertim
1653 3511 1909 3591 signum
1968 3511 2322 3593 spirituale,
2436 3509 2880 3591 profundiores
2924 3509 3199 3592 theologi
3243 3518 3308 3574 et
3346 3512 3732 3595 philosophi,
3766 3515 3934 3596 quod

825 3609 1268 3682 immateriale,
1337 3608 1875 3690 configurativum
1941 3628 1954 3672 ε
2024 3611 2192 3672 unde
2263 3618 2329 3674 et
2437 3608 2604 3670 Deus
2662 3615 2970 3690 quantum
3019 3609 3099 3671 ad
3147 3611 3314 3688 quid
3367 3619 3483 3682 est,
3534 3611 3618 3673 sit
3673 3630 3937 3695 prorsus

826 3708 1115 3789 quaedam
1173 3715 1567 3770 sacramenta
1626 3707 2056 3770 characterem
2106 3708 2328 3791 impri-
2437 3705 2708 3786 ignotus.
2760 3705 2895 3768 Non
2954 3723 3105 3786 ergo
3151 3724 3300 3768 eum
3351 3707 3416 3770 in
3475 3708 3608 3771 vita
3663 3708 3782 3772 hac
3839 3709 3934 3772 in·

828 3823 1003 3868 mere
1032 3804 1459 3868 affirmantur.
1484 3805 1577 3868 Ad
1608 3804 1903 3869 Hebraeos
1936 3823 2193 3888 quoque
2217 3806 2326 3869 ubi
2435 3803 2664 3867 tuitive
2683 3803 3106 3884 agnoscimus.
3132 3805 3307 3877 Quod
3342 3806 3526 3869 multi
3557 3808 3934 3880 concedunt,

536 3922 672 3966 neor.
694 3927 777 3975 1‚³.
828 3903 907 3966 de
951 3903 1282 3983 unigenito
1321 3903 1433 3966 Dei
1473 3902 1632 3966 Filio
1672 3903 1927 3976 dicitur,
1968 3901 2084 3976 Qui
2126 3923 2326 3985 quum
2437 3902 2719 3964 dicentes
2758 3902 2929 3983 quod
2967 3902 3166 3965 Deum
3211 3903 3276 3966 in
3324 3905 3623 3986 praesenti
3662 3923 3790 3968 non
3829 3925 3938 3970 no-

826 4001 911 4063 sit
956 4001 1258 4084 splendor
1303 4001 1541 4081 gloriae,
1593 4008 1658 4063 et
1699 4000 1906 4081 figura
1955 4001 2328 4066 substantiae
2437 4000 2676 4062 scimus
2743 4000 2866 4062 nisi
2933 4003 3094 4081 quia
3157 4011 3271 4072 est,
3329 4010 3394 4064 et
3452 4002 3518 4065 in
3579 4006 3934 4080 communi,

826 4099 991 4180 ejuS,
1038 4100 1105 4161 in
1148 4099 1363 4163 Graeco
1409 4098 1700 4174 habetur,
1741 4099 1832 4161 καὶ
1884 4107 2182 4185 χαρακτὴρ
2225 4113 2328 4181 τῆς
2436 4117 2564 4161 non
2595 4105 2908 4180 conceptu
2940 4099 3362 4182 quidditativo
3399 4109 3466 4163 et
3501 4101 3937 4167 intellectione

826 4201 1184 4267 ὑποστάσεως
1214 4198 1401 4272 αὐτοῦ,
1424 4198 1484 4261 id
1506 4206 1600 4260 est
1620 4205 1683 4260 et
1703 4197 2028 4261 character
2047 4199 2328 4261 substan·
2357 4199 2406 4262 D
2437 4197 2736 4260 distincta
2775 4217 2848 4260 ac
2892 4198 3151 4280 propria
3183 4215 3196 4260 :
3239 4201 3780 4281 quemadmodum
3821 4203 3933 4284 qui

823 4297 929 4360 tiae
960 4296 1114 4376 ejus.
1147 4295 1306 4357 Hinc
1337 4295 1537 4358 divini
1571 4295 1965 4358 characteres
1997 4296 2328 4359 nominan-
2436 4295 2761 4376 cognoscit
2825 4295 2903 4358 de
2971 4293 3229 4359 homine
3299 4297 3508 4360 solum
3569 4299 3738 4380 quod
3804 4299 3938 4362 ani-

823 4401 930 4456 tur
960 4394 1025 4456 in
1056 4411 1309 4455 summa
1336 4399 1401 4454 et
1427 4392 1986 4475 superbeatissima
2004 4393 2324 4469 Trinitate‚
2437 4393 2561 4456 mal
2606 4394 2706 4455 sit.

825 4491 1244 4576 proprietates
1274 4490 1638 4573 personales
1658 4510 1731 4554 ac
1760 4491 2325 4573 notione8,quibus
2515 4493 2745 4555 Verum
2801 4492 2939 4555 istis
2997 4491 3325 4573 objicitur,
3384 4495 3688 4576 quoniam
3746 4496 3932 4560 intel-

822 4589 1493 4674 supergloriosissimae
1550 4588 1845 4653 increatae
1904 4607 2190 4671 personae
2245 4591 2324 4654 ab
2437 4591 2654 4671 ligere,
2724 4598 2821 4652 est
2887 4590 3206 4672 quoddam
3275 4591 3609 4674 spirituale
3668 4593 3926 4658 intueri.

821 4689 1102 4753 invicem
1133 4687 1615 4768 distinguuntur
1650 4704 1663 4748 :
1695 4688 1774 4750 de
1805 4687 2040 4769 quibus
2072 4695 2133 4751 et
2172 4709 2322 4771 qua·
2432 4688 2626 4751 Multa
2669 4695 2880 4750 autem
2924 4688 3002 4750 de
3045 4688 3173 4751 Deo
3216 4688 3633 4771 intelligimus
3677 4710 3822 4773 quae
3865 4693 3928 4756 ei

820 4809 964 4854 rum
1010 4788 1411 4852 emanatione
1454 4788 1531 4850 ad
1571 4787 1759 4862 intra,
1799 4787 1864 4850 in
1914 4786 2077 4850 libro
2111 4788 2190 4850 de
2221 4789 2321 4851 Di·
2432 4786 2546 4849 soli
2605 4787 2934 4848 dumtaxat
2991 4786 3404 4862 conveniunt,
3455 4796 3527 4851 ut
3578 4808 3779 4871 quum
3839 4790 3930 4854 di-

815 4889 981 4954 vinis
1011 4886 1485 4950 characteribus
1514 4885 2324 4950 determinatur.Postremo
2431 4885 2637 4947 cimus
2685 4903 2698 4946 ε
2746 4885 2912 4946 Deus
2960 4892 3059 4946 est
3103 4892 3283 4947 actus
3331 4904 3571 4968 purus;
3617 4887 3781 4951 Deus
3829 4899 3930 4953 est

816 4987 1083 5071 mystica
1132 4986 1451 5067 theologia
1508 4993 1603 5048 est
1662 4993 1927 5061 secreta,
1981 4993 2199 5048 sancta
2257 4994 2323 5048 et
2428 5001 2566 5045 esse
2597 4982 3925 5068 increatum,actualissimum,infinitum3

813 5085 1127 5169 profunda
1176 5083 1438 5148 Deitatis
1487 5084 1748 5165 agnitio,
1796 5103 1869 5146 ac
1918 5083 2319 5146 abditissima
2427 5080 2593 5142 Deus
2623 5086 2720 5142 est
2747 5099 2860 5143 ens
2891 5079 3181 5143 absolute
3211 5080 3588 5163 perfectum.
3623 5084 3926 5158 Quamvis

812 5183 1046 5245 mentis
1091 5201 1239 5244 cum
1288 5183 1415 5244 Deo
1461 5181 1718 5256 locuti0,
1755 5201 1879 5263 qua
1921 5182 2051 5244 Deo
2098 5182 2317 5244 unitur
2425 5186 2638 5242 autem
2681 5179 2802 5241 ista
2842 5196 2970 5241 non
3012 5179 3431 5261 intelligimus
3469 5188 3598 5243 tam
3639 5183 3926 5264 perfecte

806 5289 1109 5361 tanquam
1170 5297 1431 5362 prorsus
1488 5277 1813 5360 incognito
1871 5287 2183 5361 quantum
2232 5279 2312 5342 ad
2422 5286 2486 5342 et
2524 5277 2691 5342 clare
2730 5277 2897 5340 sicut
2943 5295 3020 5340 ex
3066 5296 3182 5342 sua
3229 5285 3454 5342 natura
3491 5279 3926 5363 intelligibilia
