4300 6259
1443 513 1597 562 Loca
1638 515 1688 562 S.
1731 514 2073 564 smu’wu
2112 515 2428 564 rucuma

380 683 621 751 LXVIII,
662 687 719 742 3.
760 685 977 744 Infixus
1014 701 1147 744 sum
1194 686 1257 744 in
1305 686 1450 744 limo
1494 685 1787 762 profundi,
1826 689 1884 745 et

462 792 581 832 non
610 777 699 833 est
721 775 1067 844 substantia,
1098 775 1169 833 33
1186 779 1249 832 D.

378 895 457 906 —
492 866 584 921 24.
626 866 1025 922 obscurentur
1061 866 1215 923 oculi
1252 883 1477 933 eorum,
1520 883 1593 925 ne
1628 866 1881 932 videant,

380 1043 569 1108 LXXI,
594 1043 679 1100 18.
698 1043 1045 1102 Benedictus
1074 1043 1361 1100 Dominus
1388 1046 1540 1102 Deus
1566 1042 1761 1110 Israel,
1782 1042 1884 1116 qui

458 1132 599 1189 facit
629 1132 925 1190 mirabilia
950 1133 1126 1197 solus,
1158 1134 1266 1190 394
1280 1133 1356 1198 C’,
1386 1133 1495 1189 402
1510 1133 1589 1188 B'.

382 1221 647 1286 LXXVII,
684 1222 738 1277 3.
771 1222 1005 1287 Quanta
1038 1221 1375 1279 audivimus
1412 1227 1469 1279 et
1506 1221 1890 1294 cognovimus

460 1327 547 1377 ea,
560 1315 617 1368 et
646 1314 839 1385 patres
867 1311 1049 1368 nostri
1076 1315 1462 1369 narraverunt
1490 1311 1885 1377 nobis,402B’.

382 1401 618 1465 LXXIX,
648 1403 701 1457 2.
734 1401 843 1467 Qui
874 1403 1041 1459 sedes
1068 1417 1245 1474 super
1271 1400 1607 1468 Cherubim,
1641 1399 1888 1458 manife-

460 1494 633 1556 stare,
664 1491 867 1547 4668’.

383 1580 613 1642 LXXXI,
630 1579 675 1635 1.
689 1580 839 1638 Deus
854 1581 1013 1638 stetit
1030 1579 1089 1636 in
1106 1595 1405 1653 synagoga
1419 1581 1677 1646 deorum,
1691 1580 1799 1636 410
1813 1579 1885 1636 C’.

380 1699 459 1710 —
486 1670 541 1724 6.
570 1670 689 1741 Ego
716 1669 841 1726 dixi
872 1687 887 1726 ε
920 1669 1009 1724 Dii
1038 1669 1194 1736 estis,
1226 1669 1404 1726 4060.

381 1759 669 1824 LXXXIII,
700 1759 754 1814 3.
786 1759 1155 1831 concupiscit
1190 1762 1247 1816 et
1286 1757 1480 1816 deficit
1516 1757 1718 1816 anima
1756 1775 1889 1816 mea

458 1845 520 1902 in
548 1845 700 1903 atria
726 1847 978 1913 Domini,
1014 1848 1117 1904 103
1138 1847 1215 1904 C'.

380 1934 663 2000 LXXXVI,
712 1937 766 1991 5.
812 1935 1111 2008 Numquid
1159 1935 1297 1991 Sion
1344 1933 1499 1992 dicet
1540 1951 1553 1990 ε
1600 1935 1784 1992 Homo
1829 1937 1887 1992 et

459 2023 638 2081 homo
665 2028 839 2082 natus
866 2029 955 2081 est
982 2025 1041 2080 in
1070 2042 1139 2082 ea
1158 2024 1186 2081 i
1212 2026 1320 2081 414
1337 2027 1403 2082 A.

382 2114 717 2177 LXXXVIII,
749 2115 799 2170 7.
834 2113 1123 2181 Quoniam
1154 2115 1287 2186 quis
1316 2114 1375 2170 in
1406 2113 1662 2171 nubibus
1692 2129 1883 2186 aequa-

458 2203 617 2260 bitur
647 2203 913 2268 Domino,
946 2203 1157 2260 similis
1184 2203 1296 2261 erit
1324 2204 1438 2262 Deo
1476 2203 1537 2260 in
1569 2203 1705 2260 filiis
1732 2203 1833 2260 Dei
1856 2202 1884 2259 i

457 2293 565 2348 412
580 2293 661 2348 Β’.

380 2383 493 2443 XC,
528 2383 611 2437 11.
644 2381 884 2455 Angelis
910 2382 1033 2439 suis
1062 2381 1364 2438 mandavit
1392 2382 1461 2438 de
1490 2385 1565 2444 te,
1596 2383 1663 2438 ut
1692 2383 1883 2438 custo·

456 2471 639 2534 diant,
670 2473 801 2536 etc„
830 2471 941 2526 468
955 2473 1017 2527 Β.

378 2559 518 2622 XCI,
564 2561 619 2615 6.
670 2561 861 2625 Quam
908 2558 1283 2633 magnificata
1339 2562 1477 2617 sunt
1531 2573 1707 2631 opera
1758 2561 1877 2624 tua,

456 2647 729 2706 Dominel
764 2649 943 2705 nimis
972 2647 1277 2721 profundae
1306 2648 1472 2704 factm
1500 2650 1638 2705 sunt
1666 2647 1881 2721 cogita·

455 2739 645 2796 tiones
672 2741 807 2804 tuae,
838 2739 944 2795 387
956 2739 1018 2793 B.

380 2829 569 2892 XCIII,
599 2829 653 2892 8,
690 2830 745 2884 9.
780 2827 1107 2900 Intelligite,
1148 2826 1489 2899 insipientes
1526 2826 1587 2884 in
1628 2827 1843 2899 populo
1864 2845 1878 2892 ;

458 2920 515 2972 et
540 2916 721 2980 stulti,
752 2915 1069 2988 aliquando
1096 2915 1297 2988 sapite.
1330 2915 1439 2979 Qui
1471 2915 1753 2987 plantavit
1780 2932 1882 2972 au-

458 3022 603 3068 rem,
654 3022 771 3062 non
817 3003 1060 3062 audiet?
1108 3007 1209 3062 aut
1258 3002 1361 3076 qui
1408 3003 1578 3060 finxit
1622 3004 1880 3070 oculum,

461 3111 577 3152 non
604 3093 980 3152 considerat?
1014 3096 1116 3150 148
1132 3095 1191 3149 Β.

378 3217 459 3228 -
490 3187 573 3242 12.
603 3187 815 3242 Beatus
840 3185 1015 3240 homo
1044 3201 1219 3256 quem
1259 3187 1325 3240 tu
1353 3182 1655 3246 erudieris,
1688 3182 1883 3238 Domi-

458 3291 549 3340 ne,
580 3276 638 3332 et
666 3275 737 3330 de
766 3273 891 3347 lege
918 3277 1019 3330 tua
1048 3273 1317 3330 docueris
1345 3289 1503 3334 eum,
1536 3273 1662 3327 385.

378 3364 565 3426 XCVI,
604 3364 659 3419 3.
699 3363 919 3435 Ignis...
950 3361 1344 3419 inflammabit
1382 3359 1443 3417 in
1483 3360 1731 3416 circuitu
1772 3359 1885 3416 ini·

456 3453 643 3508 micos
670 3452 814 3524 ejus,
845 3451 953 3508 230
970 3451 1049 3507 Β’.

378 3541 563 3604 XCIX,
594 3541 647 3596 3.
684 3541 809 3612 Ipse
839 3539 975 3596 fecit
1002 3557 1129 3606 nos,
1160 3542 1218 3597 et
1245 3555 1362 3596 non
1395 3537 1505 3611 ipsi
1536 3554 1659 3604 nos,
1690 3539 1839 3594 888.

374 3631 469 3696 CI,
498 3630 587 3694 26,
619 3630 711 3685 2¹¹1.
744 3627 915 3684 Initio
944 3631 1027 3692 tu,
1056 3626 1321 3692 Domine,
1352 3630 1569 3684 terram
1601 3625 1879 3691 fundasti,

456 3723 513 3776 et
550 3736 727 3791 opera
770 3734 1054 3774 manuum
1104 3721 1339 3774 tuarum
1389 3718 1527 3773 sunt
1566 3715 1693 3773 coeli
1716 3734 1730 3782 ;
1772 3714 1880 3788 ipsi

458 3807 817 3881 peribunt,...
848 3808 906 3863 et
933 3822 1137 3862 omnes
1162 3805 1313 3861 sicut
1340 3804 1751 3862 vestimentum
1782 3821 1881 3861 ve·

456 3899 764 3962 terament,
795 3897 945 3958 65A,
977 3895 1150 3952 1560.

376 3987 521 4052 Clll,
552 3987 605 4050 2,
638 3987 690 4042 3.
721 3986 1051 4042 Extendens
1087 3983 1299 4040 coelum
1330 3981 1481 4038 sicut
1518 3981 1749 4055 pellem,
1780 3980 1880 4054 qui

460 4075 608 4149 tegis
636 4074 807 4148 aquis
832 4073 1135 4146 superiora
1160 4073 1305 4145 ejus,
1342 4073 1443 4128 159
1457 4071 1533 4127 C'.

376 4199 455 4210 —-
483 4167 537 4222 4.
568 4165 679 4232 Qui
711 4163 853 4220 facis
880 4163 1121 4234 angelos
1151 4165 1283 4218 tuos
1312 4160 1569 4232 spiritus,
1599 4161 1707 4217 468
1724 4161 1805 4215 Α’.

374 4287 456 4299 -
482 4256 571 4312 24.
607 4254 819 4312 Omnia
850 4253 909 4308 in
940 4251 1225 4325 sapientia
1252 4249 1456 4313 fecisti,
1485 4250 1595 4306 490
1610 4249 1691 4305 D’.

372 4377 457 4388 —
484 4345 575 4402 30.
606 4343 849 4400 Emittes
878 4341 1163 4414 Spiritum
1193 4343 1382 4404 tuum,
1413 4341 1471 4397 et
1508 4340 1879 4406 creabuntur,

458 4434 652 4491 420C’.

378 4523 618 4586 CXVIII,
646 4522 728 4577 18.
754 4519 961 4577 Revela
990 4517 1189 4575 oculos
1220 4533 1398 4581 meos,
1421 4521 1479 4574 et
1503 4517 1881 4575 considerabo

460 4609 757 4668 mirabilia
786 4611 857 4666 de
885 4608 1013 4682 lege
1040 4611 1160 4670 tua,
1192 4608 1295 4663 391
1312 4607 1387 4663 C'.

382 4735 456 4746 —
486 4703 575 4758 28.
608 4698 955 4757 Dormitavit
981 4697 1183 4754 anima
1212 4713 1345 4753 mea
1372 4711 1493 4768 prae
1520 4695 1720 4762 toedio;
1752 4712 1885 4752 con-

462 4791 637 4846 firma
664 4805 759 4845 me
790 4787 849 4844 in
878 4787 1069 4844 verbis
1096 4785 1230 4846 tuis.
1262 4787 1363 4842 391
1380 4786 1461 4840 D’.

380 4910 461 4924 -
486 4881 575 4936 72.
608 4881 835 4935 Bonum
878 4876 1024 4932 mibi
1064 4875 1155 4931 lex
1194 4874 1313 4931 oris
1349 4873 1454 4941 tui,
1486 4891 1661 4947 super
1698 4874 1887 4931 millia

464 4967 591 5026 auri
622 4971 679 5024 et
704 4965 949 5039 argenti,
979 4964 1086 5019 224
1098 4965 1161 5018 D.

384 5057 668 5122 CXXXIV,
706 5056 887 5111 15-17.
919 5053 1243 5110 Simulacra
1282 5052 1543 5126 gentium
1574 5056 1883 5126 argentum

464 5149 521 5204 et
548 5161 779 5204 aurum.
803 5158 980 5215 opera
1010 5159 1297 5199 manuum
1328 5142 1665 5209 hominum;
1688 5159 1753 5199 os
1782 5142 1886 5199 ha-

466 5238 621 5300 bent,
662 5238 723 5292 et
758 5249 877 5290 non
916 5233 1328 5305 loquentur;...
1371 5249 1559 5304 neque
1594 5232 1752 5291 enim
1801 5237 1888 5290 est

468 5324 715 5400 spiritus
743 5323 805 5380 in
836 5337 933 5381 ore
962 5321 1246 5395 ipsorum,
1277 5323 1457 5380 397A.

3364 495 3488 562 519

1990 687 2318 755 CXXXVIII,
2349 689 2402 745 7.
2435 689 2560 756 Quo
2599 687 2695 744 ibo
2731 705 2768 744 a
2804 685 3014 761 spiritu
3051 689 3172 754 tuo,
3203 689 3262 744 et
3297 701 3413 758 quo
3450 703 3487 742 a

2061 776 2208 834 facie
2235 781 2340 835 tua
2368 777 2588 851 fugiam
2610 777 2638 834 i
2666 776 2868 834 420D’.

1990 867 2214 932 CXLVI,
2256 869 2308 924 5.
2346 868 2588 940 Magnus
2624 867 2911 926 Dominus
2947 870 3144 924 noster
3179 869 3239 925 et
3274 880 3492 938 magna

2059 957 2245 1014 virtus
2273 957 2418 1030 ejus,
2449 961 2506 1014 et
2532 957 2832 1031 sapientiai
2857 957 2986 1032 eJus
3015 973 3132 1015 non
3163 959 3250 1014 est
3277 971 3490 1012 nume-

2062 1063 2184 1110 rus,
2217 1047 2325 1102 313
2342 1047 2405 1103 1).

1995 1135 2270 1201 CXLVIII,
2300 1137 2353 1200 4,
2383 1137 2436 1191 5.
2469 1136 2720 1194 Laudate
2749 1152 2906 1202 eum,
2939 1136 3068 1194 coeli
3107 1136 3406 1200 coeIorum,
3437 1137 3494 1191 et

2064 1240 2235 1297 aquae
2263 1240 2469 1282 omnes
2498 1240 2629 1296 quae
2658 1240 2834 1297 super
2863 1225 3037 1284 coelos
3065 1227 3220 1292 sunt,
3250 1223 3493 1282 laudent

2064 1330 2282 1372 nomen
2313 1313 2566 1379 Domini,
2604 1315 2707 1370 159
2721 1312 2806 1369 D’.

1994 1437 2060 1447 —
2091 1406 2143 1461 5.
2178 1405 2304 1477 Ipse
2333 1403 2501 1470 dixit,
2533 1407 2590 1461 et
2617 1402 2770 1462 facta
2797 1405 2952 1468 sunt,
2984 1404 3087 1459 481
3101 1402 3183 1458 Α’.

1992 1494 2215 1558 CXLIX,
2245 1493 2298 1549 6.
2329 1493 2723 1551 Exultationes
2751 1492 2852 1551 Dei
2890 1492 2952 1549 in
2992 1494 3222 1566 gutture
3261 1507 3486 1558 eorum,

2455 1777 3022 1836 PROVERBIORUM.

1992 1939 2085 2004 III,
2122 1941 2206 1995 15.
2239 1937 2552 1997 Pretiosior
2579 1941 2666 1996 est
2695 1938 2922 1995 cunctis
2947 1937 3154 2010 opibus
3165 1957 3180 2005 ;
3203 1941 3262 1996 et
3288 1938 3491 1996 omnia

2062 2045 2196 2101 quae
2232 2028 2655 2093 desiderantur,
2701 2027 2836 2085 huic
2875 2043 2991 2084 non
3027 2027 3223 2085 valent
3259 2045 3492 2102 compa-

2060 2117 2201 2182 rari,
2233 2119 2322 2180 23,
2355 2117 2476 2174 111.

1990 2207 2133 2268 VIII,
2175 2208 2264 2271 22,
2303 2207 2392 2271 23,
2431 2207 2522 2272 25,
2553 2207 2643 2262 27.
2683 2205 2968 2264 Dominus
3005 2205 3261 2279 possedit
3296 2222 3391 2264 me
3429 2205 3489 2263 in

2064 2293 2234 2351 initio
2263 2294 2492 2353 viarum
2523 2311 2786 2358 suarum,
2818 2297 3136 2365 antequam
3167 2294 3490 2367 quidquam

2062 2382 2278 2441 faceret
2331 2398 2366 2440 a
2419 2382 2709 2455 principio
2728 2401 2743 2450 ;
2803 2383 2876 2439 ab
2943 2385 3159 2440 aeterno
3222 2383 3490 2440 ordinata

2060 2489 2193 2529 sum
2217 2490 2296 2539 ;...
2319 2475 2454 2529 ante
2482 2471 2658 2528 colles
2685 2488 2792 2545 ego
2821 2470 3186 2544 parturiebar
3203 2489 3280 2538 ;...
3303 2487 3490 2544 quan-

2062 2562 2137 2618 do
2167 2561 2534 2635 praeparabat
2561 2560 2752 2624 coelos,
2785 2561 3046 2625 aderam,
3081 2559 3483 2624 1231)’,417Α.

1993 2682 2057 2693 -
2100 2651 2188 2714 29,
2239 2650 2330 2706 30.
2381 2650 2626 2715 Quando
2683 2649 3051 2720 appendebat
3104 2647 3489 2706 fundamenta

2058 2741 2247 2803 terrae,
2307 2754 2442 2794 cum
2499 2753 2568 2793 eo
2622 2753 2786 2793 eram
2841 2739 3053 2793 cuncta
3107 2752 3483 2809 componens,

2059 2828 2233 2883 4160.

1989 2917 2080 2982 IX,
2102 2917 2154 2971 5.
2180 2915 2474 2973 Comedite
2505 2931 2716 2986 panem
2749 2929 2970 2976 meum,
2992 2915 3049 2970 et
3076 2911 3254 2970 bibite
3281 2912 3487 2972 vinum

2060 3005 2218 3078 quod
2249 3005 2460 3062 miscui
2489 3004 2669 3067 vobis,
2700 3002 2901 3059 454D’.
3533 3077 3537 3082 -

1986 3097 2127 3159 xlv,
2159 3097 2247 3152 28.
2279 3095 2342 3151 In
2387 3093 2762 3152 multitudine
2793 3093 2992 3166 populi
3022 3092 3280 3165 dignitas
3315 3092 3488 3165 regis,

2060 3189 2117 3242 et
2165 3185 2225 3241 in
2265 3184 2551 3258 paucitate
2599 3183 2784 3255 plebis
2821 3181 3151 3255 ignominia
3189 3181 3487 3254 principis,

1988 3363 2100 3426 XV,
2132 3363 2221 3417 29.
2255 3362 2449 3434 Longe
2477 3363 2564 3418 est
2592 3359 2876 3417 Dominus
2903 3360 2976 3417 ab
3007 3359 3222 3431 impiis,
3257 3358 3432 3414 1521).

1987 3451 2125 3519 XVI,
2157 3451 2211 3506 4.
2242 3449 2518 3507 Universa
2546 3452 2780 3522 propter
2807 3447 3186 3521 semetipsum
3217 3449 3490 3519 operatus

2058 3541 2147 3596 est
2177 3539 2478 3602 Dominus,
2510 3539 2708 3594 31013'.

1988 3629 2154 3692 XVII,
2184 3629 2272 3682 22.
2306 3625 2557 3699 Spiritus
2594 3625 2777 3681 tristis
2815 3625 3068 3682 exsiccat
3104 3640 3251 3688 ossa,
3289 3623 3482 3679 104Α’.

1987 3717 2147 3783 XXV,
2201 3717 2292 3772 20.
2343 3715 2505 3772 Sicut
2559 3715 2716 3770 tinea
2771 3713 3116 3770 vestimento
3169 3714 3229 3768 et
3268 3711 3488 3769 vermis

2060 3806 2240 3878 ligno,
2273 3805 2352 3860 ita
2382 3803 2678 3860 tristitia...
2712 3807 2882 3859 nocet
2909 3802 3090 3868 cordi,
3124 3801 3320 3857 104Α’.

1986 3897 2173 3958 XXIX,
2213 3896 2300 3950 25.
2345 3893 2456 3959 Qui
2501 3893 2668 3949 timet
2715 3891 3036 3958 hominem,
3075 3888 3189 3946 cito
3235 3891 3483 3954 corruet,

2057 3985 2244 4040 224A.

1988 4074 2147 4138 XXX,
2170 4074 2223 4128 4.
2240 4070 2381 4138 Quis
2410 4070 2710 4128 suscitavit
2738 4085 2943 4126 omnes
2965 4068 3251 4125 terminos
3277 4065 3484 4124 terrae?

2060 4163 2228 4228 Quod
2273 4177 2486 4217 nomen
2525 4161 2652 4233 ejus
2689 4163 2791 4225 est,
2823 4161 2882 4216 et
2909 4158 3064 4232 quod
3110 4173 3324 4214 nornen
3352 4155 3483 4212 Filii

2058 4253 2204 4325 ejus,
2235 4249 2282 4306 si
2317 4249 2516 4306 nosti?
2548 4252 2723 4307 1248.

2491 4444 2983 4502 ECCLESIASTAE.

1992 4610 2031 4672 1,
2084 4610 2138 4665 2.
2188 4607 2428 4664 vanitas
2480 4606 2825 4672 vanitatum,
2874 4608 2932 4663 et
2985 4604 3188 4662 omnia
3238 4605 3480 4674 vanitas,

1992 4817 2057 4828 —
2090 4787 2141 4841 6.
2177 4786 2454 4842 Lustrans
2485 4784 2757 4841 universa
2786 4783 2844 4840 in
2879 4783 3127 4840 circuitu
3154 4782 3344 4857 pergit
3370 4783 3484 4857 spi·

2063 4875 2228 4938 ritus,
2261 4874 2330 4929 67
2345 4875 2407 4928 D.

1990 4995 2061 5006 --
2090 4967 2144 5029 9,
2180 4965 2263 5020 10.
2297 4963 2448 5028 Quid
2479 4964 2564 5019 est
2603 4962 2760 5033 quod
2798 4961 2956 5018 fuit?
2984 4963 3182 5035 Ipsum
3213 4965 3370 5036 quod
3399 4963 3486 5021 su·

2062 5057 2266 5111 turum
2297 5055 2400 5108 est.
2417 5051 2566 5117 Quid
2597 5055 2684 5108 est
2711 5051 2869 5123 quod
2897 5050 3115 5108 factum
3145 5051 3267 5108 est?
3289 5053 3486 5125 Ipsum

2068 5143 2226 5214 quod
2256 5141 2589 5198 faciendum
2619 5142 2724 5196 est.
2757 5139 2916 5196 Nihil
2954 5141 3062 5196 sub
3090 5140 3209 5197 sole
3248 5157 3485 5198 novum.

2069 5233 2185 5288 Nec
2210 5231 2360 5288 valet
2389 5229 2702 5302 quisquam
2731 5227 2944 5298 dicere,
2973 5231 3115 5287 Ecce
3143 5230 3250 5285 hoc
3288 5247 3490 5288 recens

2066 5324 2155 5378 est
2184 5337 2198 5377 :
2219 5321 2346 5395 jam
2375 5319 2536 5378 enim
2567 5318 2861 5392 praecessit
2887 5318 2948 5377 In
2977 5319 3224 5388 saeculis,
3253 5322 3455 5378 497Α’.
