4300 6259
96 4639 159 4682 lib.
174 4639 225 4691 11.
242 4644 325 4684 art.

78 4714 141 4743 nx
156 4706 197 4746 et
210 4716 247 4747 ι.

908 494 989 541 ΒΕ
1029 494 1257 542 Lunum
1297 494 1679 543 cmusrumss
1720 494 2021 553 Tamum,
2066 496 2243 543 mmm
2285 496 2348 543 u.
2394 515 2474 525 —
2516 498 2653 544 Am.
2701 498 2895 545 XXXlX

3339 481 3462 545 435

334 668 453 725 tur
514 681 735 727 veram
792 664 1144 729 trinitatem
1202 666 1567 729 divinarum
1628 683 1845 749 perso·
1877 666 1927 729 A
1960 666 2165 731 sitivae
2207 668 2438 732 animae
2473 686 2487 731 :
2523 688 2666 751 quae
2711 676 2924 733 tamen
2973 669 3038 731 in
3081 668 3330 733 Christo
3357 688 3460 733 vc-

336 780 577 825 narum
610 763 677 825 in
706 781 835 826 una
872 763 1285 847 simplicique
1324 772 1549 828 natura
1588 765 1847 827 credere

338 860 594 936 nolens,
630 861 791 923 dixit
836 862 1043 936 solum
1089 863 1333 925 Patrem
1382 881 1606 925 verum
1645 863 1847 926 Deum

338 958 619 1041 Filiique
674 968 1067 1037 creatorem3
1126 959 1357 1023 Filium
1414 968 1626 1023 autem
1688 960 1850 1023 dixit

332 1064 493 1119 ante
534 1058 895 1120 sensualem
942 1058 1115 1121 hunc
1160 1059 1497 1133 mundum,
1529 1059 1661 1122 imo
1701 1066 1849 1121 ante

332 1162 587 1217 ceteras
634 1163 955 1219 creaturas
998 1156 1110 1218 diu
1160 1164 1471 1231 creatum,
1516 1156 1847 1239 Patrisque

328 1253 523 1335 jussa
556 1261 1056 1337 exspectantem,
1100 1262 1165 1318 et
1210 1256 1305 1317 sic
1354 1256 1609 1319 tandem
1648 1256 1847 1318 Patris

328 1352 607 1434 jubente
640 1352 935 1434 imperi0‚
968 1353 1187 1415 omnia
1218 1354 1619 1436 produxisse,
1650 1354 1845 1417 etiam

333 1450 657 1533 Spiritum
702 1452 1028 1525 Sanctum,
1062 1470 1255 1534 quem
1296 1452 1487 1515 Arius
1530 1452 1741 1525 finxit,
1784 1459 1849 1515 et

335 1569 499 1613 eum
542 1568 815 1633 sequens
864 1550 1293 1625 MacedoniuS,
1344 1552 1523 1615 Patre
1574 1559 1639 1614 et
1690 1552 1849 1614 Filio

336 1650 687 1723 minorem,
720 1657 785 1713 et
814 1650 1181 1713 ministrum
1215 1650 1569 1733 utriusque.
1607 1649 1847 1723 Denuo,

332 1747 651 1831 quoniam
708 1748 786 1811 ad
850 1748 1187 1831 positionis
1236 1768 1369 1813 suae
1432 1747 1849 1813 corroborati-

1957 765 2190 829 raciter
2229 766 2510 841 fuerunt,
2543 768 2857 849 siquidem
2900 767 3180 831 comedit
3217 775 3280 830 et
3315 786 3459 831 esu·

1958 862 2086 936 riit,
2135 883 2277 945 quae
2321 864 2460 927 sine
2507 865 2812 928 sensitiva
2855 865 3072 929 anima
3117 883 3241 928 non
3285 873 3454 927 sunt.

1958 960 2128 1024 Citra
2146 961 2426 1025 Verbum
2463 964 2652 1044 igitur
2681 971 2850 1026 esset
2880 964 2944 1026 in
2968 963 3218 1026 Christo
3246 963 3460 1025 anima

1958 1059 2170 1122 solum
2229 1061 2536 1123 sensitiva
2589 1079 2603 1123 ε
2655 1062 2823 1143 quod
2875 1061 3226 1124 absurdum
3275 1062 3458 1124 valde

1957 1164 2055 1220 est
2084 1158 2149 1221 in
2183 1158 2538 1240 theologica
2569 1160 2854 1223 veritate.
2897 1160 3024 1223 Nec
3064 1160 3276 1223 minus
3317 1178 3457 1243 per-

1959 1256 2276 1319 niciosum
2309 1264 2407 1319 est
2446 1257 2506 1318 id
2551 1257 2763 1340 ipsum
2805 1258 2869 1319 in
2909 1257 3182 1319 naturali
3222 1265 3287 1321 et
3321 1257 3458 1340 phi·

1960 1354 2288 1437 losopbica
2333 1354 2652 1418 facultate.
2688 1356 2864 1429 Quod
2908 1374 3182 1437 namque
3221 1355 3286 1419 in
3330 1373 3460 1419 uno

1960 1452 2292 1533 supposito
2323 1452 2540 1534 plures
2572 1453 3022 1516 substantiales
3063 1454 3284 1518 formae
3321 1472 3463 1517 esse

1958 1566 2086 1611 non
2139 1551 2409 1632 possint,
2459 1550 2541 1613 ab
2588 1551 2928 1615 Aristotele
2987 1559 3052 1615 et
3099 1552 3465 1635 Peripateti-

1958 1666 2182 1711 corum
2227 1650 2542 1732 sapientia
2591 1649 2912 1713 subtiliter
2958 1651 3466 1713 demonstratum

1961 1752 2074 1809 est.
2128 1747 2376 1823 Adhuc,
2431 1748 2786 1811 secundum
2845 1748 3010 1810 hanc
3069 1748 3462 1830 opinionem,

333 1863 537 1910 onem
576 1865 650 1910 ea
688 1866 831 1929 quae
868 1848 1165 1911 humanae
1206 1846 1553 1911 defectioni
1595 1866 1667 1909 ac
1710 1865 1843 1929 pas·
1886 1846 1935 1909 Β
1962 1862 2091 1908 non
2159 1853 2328 1908 esset
2387 1846 2674 1909 Christus
2742 1846 3000 1910 animal.
3068 1846 3177 1909 Est
3233 1866 3467 1929 nempe

334 1944 639 2007 sibilitati
675 1944 951 2007 attinent
994 1945 1365 2029 assumpsit,
1412 1945 1711 2007 inductus
1756 1950 1854 2006 est

338 2051 413 2105 ut
442 2044 691 2107 diceret
720 2044 785 2107 in
822 2044 1075 2107 Christo
1104 2044 1293 2107 aliam
1336 2062 1462 2107 non
1494 2043 1691 2106 fuisse
1720 2043 1851 2106 ani-

336 2161 515 2205 mam
560 2162 753 2225 quam
786 2142 1093 2217 Verbum,
1143 2162 1225 2205 ne
1274 2142 1521 2206 scilicet
1568 2142 1856 2225 proprio-

342 2260 499 2303 rum
528 2248 1047 2322 argumentorum
1080 2242 1211 2304 vim
1244 2241 1642 2314 dissolveret,
1660 2240 1853 2303 aliam

342 2340 649 2421 ponendo
692 2338 965 2402 formam
1010 2340 1075 2401 in
1124 2339 1375 2403 Christo
1417 2339 1557 2401 loco
1598 2338 1853 2412 animae,

340 2457 547 2521 quam
580 2445 871 2501 naturam
894 2437 1108 2501 Verbi.
1136 2438 1295 2501 Hinc
1324 2455 1476 2519 ergo
1505 2437 1731 2500 callide
1764 2456 1857 2500 re-

342 2537 555 2601 movit
590 2554 627 2599 a
656 2554 922 2619 corpore
956 2536 1187 2601 Christi
1218 2537 1523 2611 animam,
1548 2555 1627 2599 ne
1659 2536 1853 2599 etiam

340 2634 845 2717 compelleretur
902 2634 1227 2718 duplicem
1286 2642 1573 2697 naturam
1630 2651 1855 2697 secun-

342 2734 507 2796 dum
530 2733 815 2815 speciem
850 2733 1200 2815 perfectam
1234 2734 1299 2796 in
1330 2734 1553 2796 eadem
1586 2750 1857 2815 persona

345 2831 677 2907 confiteri,
719 2840 947 2915 utputa
988 2831 1274 2894 divinam
1318 2838 1382 2895 et
1424 2831 1793 2894 humanam.

426 2930 611 2994 Licet
649 2938 863 2993 autem
908 2928 1125 2993 divina
1170 2938 1395 2993 natura
1436 2930 1685 3013 species
1729 2946 1855 2991 non

347 3137 491 3193 tum
522 3137 652 3209 est;
676 3128 911 3193 dicitur
942 3136 1155 3192 tamen
1185 3128 1471 3211 perfecta
1501 3128 1855 3191 secundum

346 3230 641 3311 speciem
676 3245 691 3290 ε
723 3246 873 3291 nam
907 3227 1221 3310 quidquid
1249 3226 1331 3289 ad
1372 3225 1859 3290 substantialem

346 3328 463 3389 Dei
510 3325 973 3410 perfectionem
1016 3325 1314 3409 pertinet,
1350 3324 1855 3408 comprehendit.

346 3426 615 3509 Species
664 3425 837 3488 enim
896 3442 1013 3508 per
1066 3424 1361 3487 ultimam
1420 3422 1857 3487 differentiam

344 3524 796 3597 determinata,
839 3530 1037 3587 totam
1086 3522 1567 3586 individuorum
1610 3521 1860 3603 quiddi·

344 3629 547 3686 tatem
594 3622 900 3705 exprimit
945 3620 1135 3703 plene
1176 3628 1241 3683 et
1278 3620 1579 3683 distincte
1626 3636 1639 3681 τ
1686 3620 1859 3703 quod

344 3721 572 3803 generi
606 3738 733 3783 non
764 3718 1083 3783 convenit.
1102 3718 1603 3795 RursuS,divina
1634 3725 1861 3781 natura

348 3828 447 3883 est
478 3828 787 3902 tanquam
819 3817 1091 3901 specieS,
1122 3837 1324 3901 quum
1357 3816 1442 3879 sit
1470 3816 1677 3879 tribus
1718 3835 1859 3899 per-

348 3919 527 3981 sonis
558 3916 967 3995 communis;
1000 3933 1129 3980 non
1160 3924 1375 3978 tamen
1404 3923 1502 3977 est
1530 3934 1682 3978 vera
1722 3934 1861 3997 spe·

348 4018 483 4080 cies
514 4034 637 4079 nec
668 4014 1049 4077 universale.
1086 4012 1455 4077 Universale
1493 4014 1733 4077 etenim
1765 4021 1863 4077 est

350 4134 555 4178 unum
604 4114 670 4176 in
719 4113 937 4176 multis
972 4130 985 4175 :
1021 4112 1293 4195 ideoque
1337 4120 1565 4175 natura
1607 4111 1861 4175 univer-

350 4213 505 4277 salis
550 4212 1021 4294 multiplicatur
1048 4228 1317 4275 numero
1356 4211 1854 4293 suppositorum.
1888 4214 1938 4277 D

350 4312 506 4375 Tres
535 4318 755 4375 autem
796 4326 1108 4393 personae,
1138 4309 1204 4372 in
1235 4308 1474 4393 quibus
1505 4308 1723 4373 divina
1752 4330 1859 4373 na-

354 4420 499 4475 tura
554 4408 1035 4493 impartibiliter
1082 4407 1397 4481 subsistit,
1445 4416 1595 4471 sunt
1648 4409 1859 4491 potius

352 4530 563 4574 unum
594 4528 787 4592 quam
820 4508 1039 4571 multa.
1065 4542 1147 4553 —-
1174 4507 1318 4571 Haec
1347 4514 1559 4570 autem
1591 4507 1669 4571 de
1701 4508 1863 4591 posi·

352 4611 527 4675 tione
546 4608 706 4683 Arii,
736 4614 879 4670 ante
907 4606 987 4670 ad
1019 4605 1271 4687 longum
1303 4612 1683 4688 pertractata
1712 4614 1863 4670 sunt

354 4718 421 4772 et
468 4708 794 4771 destructa
844 4723 859 4768 ε
908 4703 1147 4787 quibus
1195 4721 1366 4767 nunc
1425 4722 1681 4787 quoque
1740 4706 1860 4768 boc

352 4808 501 4871 addi
536 4813 765 4889 potest.
796 4802 955 4868 Nam
996 4810 1068 4866 ut
1104 4802 1293 4867 Arius
1334 4802 1453 4865 iste
1492 4803 1858 4879 confitetur,

1963 1943 2226 2019 animal,
2245 1943 2600 2007 substantia
2629 1945 2908 2007 animata
2939 1945 3261 2008 sensitiva.
3289 1945 3466 2019 Quod

1962 2048 2178 2105 autem
2229 2043 2598 2105 sensitivam
2642 2044 2922 2106 animam
2963 2060 3089 2105 non
3133 2042 3344 2115 habet,
3378 2050 3466 2103 ta·

1966 2140 2023 2203 le
2064 2157 2190 2203 non
2234 2148 2348 2203 est.
2383 2142 2516 2215 Quo
2555 2159 2878 2215 concesso,
2911 2159 3306 2224 consequens
3347 2141 3470 2203 erit

1963 2239 2133 2320 quod
2165 2258 2284 2301 nec
2315 2238 2602 2303 Christus
2632 2240 2717 2301 sit
2755 2240 2966 2302 homo.
3001 2239 3263 2303 Remoto
3291 2239 3465 2301 enim

1963 2354 2217 2418 genere,
2272 2346 2638 2399 removetur
2682 2338 2948 2420 species.
3000 2338 3315 2419 Amplius,
3377 2338 3468 2399 id-

1964 2436 2139 2499 circo
2196 2436 2308 2499 Dei
2359 2436 2556 2499 Filius
2614 2456 2688 2499 ea
2745 2456 2886 2519 quae
2944 2444 3173 2499 nostrae
3223 2443 3466 2501 naturae

1963 2542 2111 2597 sunt
2142 2535 2512 2617 assumpsit,
2527 2541 2597 2597 ut
2627 2537 2964 2598 mundaret
2991 2536 3212 2597 eadem
3245 2552 3466 2597 secun-

1962 2634 2118 2695 dum
2148 2640 2344 2696 totam
2379 2633 2661 2716 speciem
2692 2653 2730 2695 a
2767 2634 3046 2716 peccatis
3080 2651 3095 2695 ε
3127 2652 3254 2697 non
3295 2634 3466 2716 quod

1966 2732 2245 2815 peccatis
2277 2730 2674 2813 subjacuerit
2715 2732 2780 2793 in
2814 2732 3062 2795 Christo
3104 2739 3328 2795 natura
3358 2749 3472 2795 no-

1966 2838 2125 2907 stra;
2159 2830 2267 2893 sed
2304 2848 2420 2912 per
2459 2829 2636 2892 illam
2677 2830 2770 2893 sic
2807 2837 3202 2913 assumptam
3246 2848 3472 2912 purga-

1968 2928 2061 2990 vit
2090 2936 2370 2991 nostram
2401 2948 2544 3010 quae
2577 2928 2641 2991 in
2673 2928 2858 2991 nobis
2889 2934 3004 2991 est.
3039 2928 3229 3009 Origo
3254 2935 3470 2991 autem

116 3066 191 3104 m,
215 3074 315 3103 m,
346 3032 455 3105 sit,
505 3030 1049 3114 quemadmodum
1100 3030 1164 3093 in
1216 3029 1426 3113 primo
1467 3030 1857 3093 demonstra·
1895 3023 1938 3086 C
1970 3025 2213 3108 peccati
2254 3025 2335 3088 ab
2377 3026 2594 3089 anima
2639 3026 2940 3100 manavit,
2983 3033 3046 3088 et
3092 3026 3157 3088 in
3198 3026 3338 3108 ipsa
3377 3033 3477 3089 est

1970 3130 2306 3206 peccatum
2351 3131 2419 3186 ut
2471 3123 2534 3185 in
2577 3122 2890 3203 subJecto.
2932 3124 3079 3186 Plus
3128 3124 3324 3204 igitur
3369 3143 3476 3187 ne-

1968 3222 2318 3285 cessarium
2349 3221 2474 3283 fuit
2515 3222 2796 3284 animam
2837 3222 3078 3285 assumi
3107 3242 3302 3305 quam
3340 3239 3475 3286 cor-

1970 3340 2111 3403 pus.
2131 3320 2276 3383 Haec
2311 3319 2524 3402 itaque
2555 3339 2697 3402 quae
2727 3338 2900 3383 nunc
2931 3320 3100 3383 dicta
3131 3328 3300 3393 sunt,
3325 3340 3472 3385 cum

1968 3418 2069 3481 his
2120 3438 2263 3501 quae
2321 3437 2528 3501 nuper
2577 3418 3024 3501 multipliciter
3071 3420 3223 3481 huic
3271 3421 3470 3483 errori

1968 3515 2478 3601 opponebantur,
2512 3517 2860 3580 sufficiant.

2293 3724 2788 3789 ARTICULUS
2836 3724 3154 3791 XXXIX.

2049 3848 2136 3908 Ec
2187 3854 2278 3907 est
2335 3847 2702 3922 reprobatio
2750 3848 3166 3922 Apollinaris
3212 3848 3391 3908 circa

2449 3936 2997 3995 incarnationem.

2122 4103 2636 4169 AERETICORUM
2684 4104 3008 4186 equidem,
3057 4105 3160 4167 his
3209 4106 3470 4188 quidem

2153 4204 2322 4267 circa
2363 4204 2644 4267 animam
2690 4203 2922 4266 Christi
2968 4203 3352 4280 errantibus,
3383 4206 3478 4269 vi-

1972 4303 2206 4366 delicet
2235 4302 2507 4377 Arianis,
2531 4302 2632 4364 his
2663 4320 2816 4365 vero
2846 4302 3016 4365 circa
3045 4320 3278 4386 corpus
3307 4304 3474 4387 ejus,

1972 4402 2222 4465 scilicet
2248 4400 2644 4481 Manichaeis3
2675 4401 3060 4484 Apollinaris
3093 4402 3212 4465 iste
3250 4404 3476 4469 rudem

1971 4510 2034 4564 et
2064 4502 2338 4585 impium
2368 4519 2644 4565 errorem
2675 4501 3024 4565 introduxit
3043 4502 3212 4565 circa
3239 4512 3478 4568 utrum-

1970 4620 2116 4683 que.
2153 4602 2224 4663 In
2255 4600 2484 4683 primis
2517 4600 2711 4681 igitur
2739 4600 2922 4674 dixit,
2957 4600 3023 4663 in
3055 4601 3304 4665 Christo
3341 4622 3470 4667 non

1970 4699 2172 4763 fuisse
2203 4698 2576 4761 rationalem
2616 4698 2920 4773 animam,
2955 4698 3064 4761 sed
3094 4700 3466 4764 sensitivam

1969 4800 2314 4863 dumtaxat.
2346 4795 2630 4859 Verbum
2657 4804 2872 4859 autem
2903 4796 3065 4859 dixit
3101 4798 3300 4863 fuisse
3335 4821 3468 4867 cor-

353 4906 641 4969 Verbum
693 4904 859 4965 inter
908 4901 1125 4967 omnia
1182 4908 1394 4965 creata
1450 4901 1731 4983 purioris
1786 4920 1861 4965 ac

354 5002 757 5068 sublimioris
786 5009 1027 5065 naturae
1056 5007 1254 5074 est‚et
1281 4998 1363 5063 ob
1394 4999 1457 5062 id
1488 5006 1585 5063 est
1610 5006 1859 5063 tantum

356 5112 603 5167 naturae
634 5098 1329 5173 intellectualis‚multo
1356 5098 1637 5181 amplius
1666 5118 1860 5181 quam

357 5200 555 5264 ceteri
602 5198 869 5281 spiritus
912 5197 1223 5261 coelestes.
1271 5196 1409 5259 Non
1452 5213 1605 5277 ergo
1654 5198 1864 5279 potuit

357 5318 497 5365 esse
526 5297 801 5362 formale
832 5295 1227 5381 principium
1257 5294 1695 5379 operationum
1728 5314 1861 5359 sen-

1970 4899 2109 4983 pori
2130 4896 2365 4962 Christi
2396 4896 2536 4960 loco
2565 4895 2811 4959 mentis.
2827 4895 2986 4969 Quia
3013 4898 3250 4961 etenim
3280 4901 3470 4965 timor
3506 4915 3755 4973 Mamm.

1970 5007 2034 5063 et
2080 4996 2340 5060 tristitia
2379 4995 2444 5057 in
2485 4994 2733 5058 Christo
2780 4994 3078 5075 leguntur
3123 4998 3464 5075 exstitisse,
3496 4985 3564 5025 ³³·

1971 5116 2112 5179 quae
2157 5112 2364 5176 neque
2407 5092 2616 5155 Verbo
2657 5110 2864 5174 neque
2907 5092 3168 5156 informi
3217 5100 3468 5180 corpori

1971 5196 2186 5260 valent
2229 5201 2614 5276 competere,
2646 5191 2906 5255 admisit
2943 5192 3008 5255 in
3049 5193 3298 5259 Christo
3333 5199 3468 5261 ani-

1974 5314 2144 5359 mam
2204 5293 2576 5357 sensitivam
2633 5298 2902 5353 tantum.
2953 5290 3158 5374 Opera
3205 5294 3470 5379 insuper
