4300 6259
997 499 1076 545 DE
1116 499 1342 546 Lunum
1383 499 1766 546 cnmsTlANAE
1805 501 2106 557 Tamum,
2151 501 2327 548 tumn
2368 503 2407 547 1.
2452 519 2533 530 —·
2574 501 2713 548 Am.
2759 503 2873 548 xm

3356 481 3475 548 247

377 663 447 728 in
479 684 550 729 se
579 675 677 730 est
705 667 926 731 lumen
958 669 1299 752 limpidum
1327 677 1393 732 et
1421 670 1746 734 sincerum
1778 689 1880 732 ex·
1907 669 1959 734 A
1987 689 2116 754 quo
2160 671 2369 754 primo
2409 672 2837 756 componitur,
2878 681 2943 738 et
2983 674 3153 756 quod
3194 680 3292 738 est
3331 691 3479 755 pars

373 764 614 828 sistens
637 783 656 844 ;
688 765 756 828 in
786 767 1069 830 secundo
1097 775 1311 831 autem
1345 776 1410 830 et
1437 769 1740 850 deinceps
1783 775 1880 830 est
1985 769 2128 849 ejus
2178 769 2588 853 impartibilis
2630 778 2695 834 et
2737 772 3111 855 simplicior.
3159 772 3289 835 Hoc
3330 787 3481 854 ergo

371 862 516 944 ipse
564 882 708 927 6556
748 866 1060 928 omnium.
1096 866 1293 948 Cujus
1335 867 1766 948 aptissimum,
1807 873 1877 928 ut

367 961 654 1034 videtur,
690 963 757 1025 in
793 964 1008 1026 anima
1045 964 1326 1027 humana
1363 963 1732 1047 exemplum
1773 983 1874 1026 su·

369 1058 596 1134 mitur,
643 1081 786 1143 quae
827 1063 920 1124 sic
963 1069 1062 1125 est
1099 1062 1369 1126 formale
1413 1081 1552 1126 esse
1591 1063 1874 1146 corporis

365 1159 734 1221 secundum
780 1159 952 1222 vires
1000 1159 1376 1240 conjunctas
1424 1169 1488 1224 et
1536 1160 1876 1222 rationabi-

365 1254 504 1317 lem
533 1256 1022 1338 perfectionem,
1055 1266 1126 1320 ut
1155 1265 1368 1322 tamen
1413 1258 1876 1340 comprehensa

365 1371 502 1416 non
543 1355 628 1416 sit
664 1373 703 1416 a
739 1373 1028 1438 corpore,
1069 1357 1182 1420 sed
1230 1356 1584 1419 secundum
1633 1355 1876 1418 intelle-

363 1451 652 1514 ctualem
691 1461 936 1536 partem
977 1453 1042 1516 in
1091 1472 1160 1516 se
1206 1462 1378 1518 stans
1427 1461 1492 1516 et
1537 1453 1615 1516 ad
1663 1473 1732 1516 se
1779 1472 1876 1515 re-

363 1549 556 1612 diens
585 1560 984 1632 agnoscatur.
1021 1550 1113 1615 ob
1145 1552 1265 1615 hoc
1295 1553 1506 1614 denuo
1537 1551 1738 1614 multa
1766 1552 1872 1613 de-

359 1665 554 1710 orum
585 1667 820 1730 genera
859 1649 1026 1712 facta
1064 1651 1168 1713 isti
1211 1651 1530 1723 dixerunt,
1565 1657 1872 1733 ponentes

359 1747 590 1808 omnia
617 1747 748 1810 Deo
784 1746 1139 1810 formaliter
1178 1748 1388 1832 plena,
1422 1747 1514 1810 sic
1554 1748 1872 1812 salvantes

1988 869 2175 930 modo
2216 876 2314 930 est
2355 869 2521 930 Deus
2563 887 2703 932 esse
2744 877 3012 945 tantum,
3056 878 3359 952 tanquam
3400 868 3480 932 ab

1983 965 2286 1028 omnibus
2314 966 2579 1028 omnino
2606 967 3283 1048 separatum,liberum
3311 984 3483 1050 pror-

1985 1082 2094 1125 sus
2135 1071 2202 1126 et
2245 1064 2501 1147 penitus
2544 1083 2798 1146 purum.

2366 1323 2856 1390 ARTICULUS
2900 1325 3089 1390 XIII.

1979 1473 2395 1534 Introductio
2435 1472 2782 1548 positionis
2816 1491 3042 1533 eorum
3081 1473 3200 1551 qui
3232 1473 3478 1548 forma-

2061 1566 2185 1620 lem
2217 1581 2327 1621 seu
2358 1562 2675 1620 medalem
2705 1563 3192 1622 distinctionem
3222 1569 3481 1638 ponunt

2061 1652 2134 1709 in
2180 1650 2451 1709 divinis.

361 1841 824 1918 idololatriam,
875 1863 994 1926 pro
1040 1864 1118 1907 eo
1167 1847 1336 1927 quod
1385 1847 1468 1908 sit
1515 1845 1869 1908 secundum
1907 1849 1956 1912 B
2113 1843 2489 1908 Xomnibus
2520 1842 2715 1924 igitur
2745 1842 3157 1926 praeinductis
3184 1843 3317 1925 jam
3348 1861 3485 1907 om-

361 1941 548 2022 ipsos
580 1941 776 2018 idem,
807 1943 936 2006 Deo
965 1944 1210 2007 cultum
1245 1945 1442 2008 latriae
1471 1943 1758 2006 exhiberi
1805 1943 1868 2004 in

359 2058 434 2101 se
483 2039 648 2122 ipso,
695 2048 805 2102 aut
847 2041 912 2102 in
956 2042 1259 2116 secundo,
1303 2049 1364 2105 et
1407 2042 1729 2122 deinceps.
1765 2041 1874 2102 Est

358 2145 585 2199 autem
618 2156 794 2201 error
823 2137 950 2212 hic,
975 2147 1044 2200 ut
1073 2146 1220 2201 ante
1251 2139 1494 2202 dictum
1524 2147 1640 2211 est,
1677 2138 1874 2220 pessi-

361 2253 532 2297 mus.
567 2235 914 2298 Enimvero
943 2237 1296 2299 secundum
1328 2237 1502 2310 istos,
1527 2237 1591 2298 in
1625 2237 1874 2298 univer-

358 2351 434 2394 so
497 2340 732 2414 praeter
791 2334 1122 2396 materiam
1170 2343 1232 2396 et
1279 2335 1702 2397 accidentales
1751 2335 1873 2398 for-

361 2449 526 2501 mas,
558 2430 738 2493 aliud
783 2449 910 2494 non
954 2439 1050 2493 est
1093 2431 1218 2494 nisi
1261 2432 1550 2494 divinum
1594 2450 1751 2494 esse.
1797 2431 1872 2495 Et

359 2527 430 2589 hi
463 2529 734 2610 quidem
765 2529 1048 2610 primum
1089 2529 1482 2612 principium
1524 2538 1874 2612 posuerunt

359 2625 959 2699 formale,dicentes
985 2629 1203 2690 Jovem
1234 2647 1374 2690 6556
1402 2629 1872 2692 omniazlovem

359 2725 542 2786 enim
621 2725 906 2807 primum
977 2725 1368 2808 principium
1439 2725 1865 2808 appellabant.

357 2823 567 2894 Quem
617 2841 900 2886 errorem
950 2824 1306 2887 Alexander
1354 2825 1702 2887 renovavit.
1745 2824 1869 2887 Alii

355 2939 518 2984 vero
585 2921 698 3003 qui
759 2921 1043 3004 primum
1097 2922 1492 3004 principium
1549 2921 1872 3004 ponebant

2143 1961 2256 2005 nes
2318 1941 2381 2004 in
2441 1941 2563 2004 hoc
2613 1941 3043 2016 consentiunt,
3096 1943 3265 2023 quod
3314 1943 3481 2005 Deus

1980 2049 2078 2104 est
2106 2041 2375 2123 simplex
2404 2039 2712 2114 unitas,et
2739 2040 3238 2103 substantialiter
3268 2040 3481 2122 ipsum

1981 2158 2171 2200 suum
2219 2156 2383 2212 esse,
2434 2138 2527 2200 sic
2584 2138 2754 2219 quod
2810 2136 2989 2200 nulla
3045 2136 3481 2200 substantialis

1983 2237 2311 2299 distinctio
2362 2235 2485 2318 ipsi
2536 2235 2745 2298 inesse
2796 2243 3020 2318 potest.
3073 2235 3343 2310 Quidam
3392 2242 3481 2299 ta-

1983 2353 2131 2396 men
2178 2343 2579 2417 posterorum
2629 2333 2969 2414 quamdam
3016 2333 3332 2396 novellam
3380 2351 3483 2416 po-

1979 2433 2279 2496 sitionem
2330 2431 2734 2503 invenerunt,
2786 2433 3081 2514 ponendo
3127 2431 3481 2495 distinctio-

1981 2549 2129 2594 nem
2171 2530 2505 2592 formalem
2552 2530 2619 2592 in
2663 2531 2810 2592 Deo.
2857 2530 2933 2592 Et
2972 2531 3225 2594 videtur
3262 2531 3482 2612 opinio

1981 2630 2100 2691 ista
2130 2636 2267 2692 orta
2296 2647 2333 2690 a
2364 2626 2731 2691 doctoribus
2759 2627 3013 2692 Ordinis
3036 2627 3094 2691 S.
3120 2628 3435 2691 Francisci
3462 2647 3477 2690 :

1980 2727 2167 2808 cujus
2199 2726 2533 2808 positionis
2564 2725 2929 2789 defensores
2970 2726 3124 2789 dicti
3161 2734 3310 2788 sunt
3340 2727 3483 2790 For-

1981 2825 2262 2887 malistae.
2280 2825 2462 2887 Porro
2490 2824 2569 2886 de
2599 2823 3009 2886 distinctione
3038 2824 3483 2906 superbenedi-

1979 2932 2095 2987 ctae
2124 2931 2189 2985 et
2218 2921 2790 3004 superfclicissimae
2810 2921 3131 2985 Trinitatis
3161 2941 3330 2985 nunc
3360 2940 3481 2986 non

361 3020 728 3092 materiam,
761 3019 1076 3082 Palladem
1111 3019 1409 3082 dicebant
1448 3039 1586 3083 esse
1627 3021 1865 3094 omnia,
1900 3021 1944 3085 C
1981 3021 2307 3102 loquimur
2349 3038 2362 3082 ε
2407 3020 2542 3082 haec
2591 3019 2766 3082 enim
2808 3019 3209 3101 investigatio
3257 3021 3337 3082 de
3377 3038 3483 3082 na-

357 3125 424 3178 et
455 3117 526 3178 in
558 3117 874 3198 Apollinis
908 3117 1148 3199 templo
1177 3118 1491 3199 scriptum
1523 3117 1679 3192 fore,
1699 3119 1868 3199 quod

355 3215 568 3279 Pallas
619 3223 716 3278 αεὶ
758 3216 1071 3298 quidquid
1113 3223 1270 3290 erat,
1315 3217 1630 3298 quidquid
1673 3225 1770 3279 est
1807 3225 1870 3279 et

355 3314 684 3396 quidquid
715 3315 854 3376 erit.
881 3314 958 3376 Et
985 3315 1088 3377 hic
1118 3332 1296 3377 error
1327 3315 1672 3398 Epicureos
1703 3334 1868 3378 asse-

357 3413 591 3495 quitur
623 3431 640 3474 :
673 3412 976 3493 quoniam
1018 3411 1354 3494 EpicuruS,
1390 3413 1500 3494 qui
1541 3413 1756 3475 omnia
1789 3414 1866 3475 ad

357 3511 704 3572 materiam
735 3509 974 3582 retulit,
1009 3512 1290 3592 primum
1338 3511 1732 3592 principium
1779 3511 1869 3572 di-

357 3609 456 3671 xit
501 3608 861 3680 materiam,
898 3606 1134 3670 formas
1179 3606 1340 3669 nihil
1380 3608 1702 3671 aestimans
1743 3609 1866 3670 nisi

359 3709 592 3771 modos
657 3707 966 3789 quosdam
1026 3707 1329 3780 materiae,
1390 3725 1466 3768 ex
1525 3707 1748 3769 ordine
1806 3715 1869 3769 et

359 3805 836 3888 compositione
906 3805 1186 3886 partium
1251 3805 1392 3885 ejus
1461 3804 1860 3868 resultantes.

357 3905 632 3987 Propter
669 3903 838 3985 quod
871 3903 1096 3976 Deum,
1134 3903 1486 3976 materiam,
1521 3911 1584 3965 et
1614 3917 1768 3978 νοῦν,
1802 3905 1866 3966 id

359 4011 462 4065 est
491 4010 802 4074 mentem,
845 4000 1290 4075 identificavit,
1331 4018 1408 4063 eo
1437 4002 1607 4082 quod
1639 4020 1866 4064 unum-

357 4101 669 4183 quodque
713 4117 936 4162 eorum
981 4106 1192 4162 cetera
1232 4107 1563 4162 sustentat.

1976 3127 2120 3181 tura
2149 3119 2539 3192 divinorum,
2574 3118 2930 3180 secundum
2970 3119 3323 3181 naturalem
3356 3126 3480 3182 tra-

1978 3216 2286 3281 ditionem
2318 3217 2637 3298 procedit3
2670 3223 2735 3278 et
2774 3215 3101 3298 praefatam
3130 3216 3482 3279 distinctio-

1977 3334 2124 3376 nem
2158 3315 2317 3377 citra
2346 3315 2821 3378 distinctionem
2856 3321 3089 3378 sanctae
3120 3321 3183 3376 et
3212 3332 3480 3377 summae

1977 3411 2301 3476 Trinitatis
2346 3418 2657 3474 asserunt.
2702 3413 2935 3475 Dicunt
2967 3429 3120 3492 ergo
3156 3411 3477 3493 triplicem

1977 3529 2114 3572 6556
2173 3509 2677 3581 distinctionem,
2730 3510 2962 3573 realem
3012 3509 3335 3582 videlicet,
3386 3529 3480 3572 ra-

1976 3609 2192 3680 tioniS,
2226 3616 2291 3669 et
2317 3607 2655 3669 formalem
2689 3625 2800 3670 seu
2834 3608 3183 3686 modalem;
3216 3615 3280 3669 et
3317 3609 3479 3670 hanc

1977 3707 2200 3769 dicunt
2262 3706 2538 3768 mediam
2600 3706 2765 3766 inter
2824 3705 3303 3768 distinctionem
3352 3724 3481 3768 rea-

1979 3806 2102 3867 lem
2149 3813 2213 3867 et
2253 3805 2514 3868 rationis
2560 3810 2805 3865 tantum
2854 3821 2867 3864 :
2913 3804 2999 3864 ita
3041 3803 3207 3884 quod
3250 3821 3327 3864 ex
3377 3822 3480 3865 na-

1975 3912 2118 3965 tura
2178 3904 2269 3965 rei
2329 3903 2409 3963 sit
2470 3901 2761 3982 quaedam
2810 3900 3356 3981 distinguibilitas‚
3418 3908 3482 3962 et

1977 4002 2229 4065 secluso
2296 4006 2507 4062 creato
2576 3998 2925 4072 intellectu,
2985 3998 3193 4060 adhuc
3256 3998 3479 4060 alietas

1976 4099 2193 4180 aliqua
2240 4105 2564 4160 remaneat
2610 4097 2675 4159 in
2718 4097 2975 4160 divinis.

439 4199 624 4273 Quod
655 4205 869 4261 autem
904 4197 1114 4279 primo
1143 4197 1468 4277 objicitur,
1501 4197 1710 4260 debile
1751 4205 1862 4260 est.
1901 4197 1950 4258 D
2058 4197 2230 4258 Hanc
2262 4201 2475 4258 autem
2510 4195 2889 4278 positionem
2934 4193 3338 4276 quadruplici
3378 4194 3483 4256 via

359 4297 536 4360 Deus
583 4297 760 4359 enim
805 4296 1041 4358 dicitur
1083 4315 1223 4358 esse
1265 4302 1535 4370 tantum,
1583 4314 1659 4359 eo
1697 4295 1866 4378 quod

357 4404 459 4458 est
503 4395 774 4457 omnino
815 4393 1112 4475 simplex,
1155 4400 1219 4455 et
1261 4393 1326 4454 in
1379 4393 1518 4475 ipso
1565 4411 1682 4456 suo
1729 4412 1868 4456 esse

356 4511 630 4557 omnem
663 4491 1126 4575 perfectionem
1160 4492 1730 4572 comprehendens.
1768 4493 1869 4554 Sic

359 4594 567 4674 igitur
611 4591 1174 4654 indeterminatum
1225 4597 1322 4652 est
1369 4590 1659 4652 d1vinum
1707 4609 1867 4662 esse,

361 4709 498 4754 non
533 4689 716 4772 quasi
747 4689 1218 4759 indistinctum,
1251 4688 1363 4750 sed
1401 4686 1582 4768 quasi
1624 4687 1874 4769 simpli-

363 4791 538 4852 citer
579 4787 958 4871 perfectum.
1005 4786 1182 4859 Quod
1225 4803 1376 4848 vero
1418 4793 1516 4848 est
1555 4804 1694 4848 esse
1737 4793 1871 4848 tan-

366 4895 540 4960 tum,
583 4894 888 4967 tanquam
928 4883 1156 4946 ceteris
1195 4883 1587 4946 bonitatibus
1625 4903 1870 4956 carenS,

364 4983 787 5048 determinari
821 4991 982 5063 eget.
1015 5017 1096 5027 —
1125 4981 1300 5055 Quod
1329 4989 1544 5044 autem
1588 4984 1870 5046 secundo

367 5082 706 5164 objicitur,
743 5099 856 5163 per
884 5080 1004 5142 hoc
1036 5079 1327 5151 solvitur,
1362 5080 1529 5160 quod
1569 5080 1875 5143 uniuscu-

368 5182 613 5264 jusque
645 5177 1082 5242 substantialis
1115 5177 1417 5241 resolutio
1447 5179 1614 5240 sistit
1643 5196 1767 5240 non
1811 5177 1875 5240 in

1982 4295 2274 4357 nituntur
2341 4295 2694 4357 ostendere.
2757 4293 2967 4356 Primo
3036 4293 3299 4374 quidem
3368 4312 3484 4376 per

1983 4393 2154 4456 viam
2184 4392 2542 4464 divisionis,
2568 4391 2869 4473 quoniam
2901 4391 3033 4453 illic
3065 4391 3316 4454 videtur
3343 4410 3483 4454 esse

1983 4490 2269 4553 formalis
2316 4489 2643 4552 distinctio
2687 4496 2750 4550 et
2792 4507 2919 4550 non
2961 4507 3123 4571 pura
3162 4489 3480 4562 identitaS,

1983 4589 2094 4650 ubi
2156 4594 2305 4651 sunt
2352 4587 2736 4650 differentiae
2786 4587 3075 4650 divisivae
3132 4587 3320 4662 entis,
3370 4606 3482 4650 seu

1983 4705 2058 4749 ea
2114 4705 2257 4767 quae
2306 4686 2565 4748 modum
2619 4685 3129 4747 differentiarum
3181 4683 3416 4748 habent
3466 4702 3481 4747 :

1985 4784 2302 4847 divisione
2350 4785 2523 4846 enim
2573 4783 2745 4846 fiunt
2792 4783 3092 4844 distincta
3140 4803 3281 4864 quae
3338 4789 3483 4846 ante

1985 4889 2167 4945 erant
2221 4881 2511 4944 indivisa.
2562 4880 2785 4942 Primae
2836 4887 3049 4942 autem
3104 4878 3487 4944 differentiae

1987 4981 2153 5043 entis
2196 4980 2261 5040 in
2305 4979 2542 5041 divinis
2583 4985 2753 5050 sunt,
2786 4977 3087 5040 videlicet
3123 4977 3487 5041 absolutum

1986 5089 2050 5142 et
2095 5079 2549 5161 respectivum‚
2598 5086 2668 5139 ut
2712 5078 2987 5140 essentia
3030 5085 3093 5140 et
3135 5079 3331 5142 Pater.
3381 5079 3487 5143 Se-

1989 5179 2201 5240 cundo
2246 5185 2523 5256 arguunt
2569 5194 2683 5258 per
2730 5176 2900 5238 viam
2950 5176 3365 5240 definitionis.
3418 5179 3488 5241 ln

369 5279 842 5363 qualicumque
884 5274 1390 5358 simplicissimo,
1421 5277 1532 5340 sed
1579 5277 1643 5338 in
1687 5293 1764 5340 eo
1802 5295 1879 5340 ex
1989 5275 2226 5339 divinis
2264 5275 2439 5337 enim
2486 5281 2637 5337 sunt
2672 5293 2748 5338 ea
2791 5293 2933 5357 quae
2982 5274 3317 5340 definitive
3364 5275 3488 5340 dis-
