4300 6259
958 525 1037 570 1)ss
1078 525 1306 571 LumNE
1348 525 1731 572 cumsTtANAE
1771 523 2071 583 THEORIAE,
2118 525 2292 572 LIBER
2337 528 2397 572 11.
2446 544 2525 555 ·—
2566 527 2706 573 ΛΒΤ.
2752 528 2870 574 Lxx

3350 499 3465 571 471

355 709 597 756 sonum
646 702 754 757 aut
800 713 1115 777 saporem,
1166 714 1277 758 seu
1328 695 1481 758 dum
1526 697 1603 759 de
1652 695 1868 778 specie
1897 695 1950 760 A
1980 705 2234 779 paratae,
2267 697 2781 760 incommutabili
2819 697 3268 760 universorum
3307 695 3478 778 prin-

357 792 455 854 rei
502 793 770 872 judicat,
802 793 1015 876 decipi
1046 795 1317 857 videtur.
1356 795 1719 858 Intellectus
1762 814 1867 857 au-

355 897 495 952 tem
542 892 867 972 objectum
914 901 1013 956 est
1054 893 1373 976 quidditas
1418 894 1529 956 rei.
1564 895 1629 956 Si
1676 894 1869 974 igitur

354 988 729 1052 intellectus
758 991 991 1073 aliquis
1015 992 1183 1072 ipsas
1211 993 1455 1054 entium
1476 1011 1664 1074 puras
1692 993 1871 1074 quid-

354 1087 595 1150 ditates
626 1088 1175 1170 phantasmatibus
1208 1091 1649 1172 impermixtas
1678 1108 1869 1172 agno-

354 1192 519 1258 scat,
567 1204 695 1249 non
737 1186 1061 1250 videbitur
1101 1207 1314 1251 errore
1359 1188 1719 1251 intellectus
1761 1190 1865 1250 de-

353 1283 581 1346 ficere.
636 1285 791 1348 Nam
844 1286 907 1347 in
958 1285 1145 1348 nobis
1194 1286 1646 1349 intellectualis
1694 1305 1867 1350 error

353 1381 515 1444 hinc
575 1385 920 1464 consurgit,
984 1365 1287 1465 q‘uoniam
1348 1384 1583 1447 formas
1651 1404 1863 1448 rerum

356 1480 916 1560 phantasmatibus
947 1482 1297 1563 permixtas
1325 1484 1861 1564 contemplamur:

354 1579 469 1660 qui
518 1579 899 1660 cognitionis
950 1582 1177 1643 modus
1223 1582 1287 1643 in
1336 1582 1733 1644 daemonibus
1778 1582 1865 1644 lo-

356 1696 510 1739 cum
552 1696 681 1740 non
723 1678 931 1741 habet.
979 1680 1117 1742 Non
1164 1681 1376 1760 itaque
1423 1681 1676 1742 videtur
1718 1700 1867 1762 qua-

356 1775 509 1837 liter
550 1776 619 1838 in
666 1776 822 1858 ipsis
868 1785 1204 1859 peccatum
1243 1797 1384 1840 esse
1423 1778 1671 1860 poterit.

1978 796 2149 877 cipio
2179 796 2522 859 viciniores
2553 803 2618 858 et
2645 814 2682 857 a
2712 796 2992 859 materiae
3033 795 3477 858 contrarietate

1978 895 2352 957 remotiores
2410 903 2580 969 sunt,
2641 914 2834 976 quam
2902 894 3265 976 corporales
3332 892 3479 955 sub-

1977 993 2244 1056 stantiae.
2277 994 2346 1056 ln
2389 993 2764 1074 corporibus
2801 1000 3011 1054 autem
3051 991 3382 1061 coelorurn,
3415 996 3480 1052 et

1978 1091 2352 1154 eorumdem
2411 1091 2768 1164 animabuS,
2831 1091 2884 1153 si
2942 1090 3089 1172 quis
3145 1109 3220 1152 ea
3285 1087 3479 1150 sentit

1977 1189 2280 1262 animata,
2333 1197 2666 1271 peccatum
2714 1206 2841 1251 non.
2889 1188 3058 1252 cadit
3114 1205 3324 1269 neque
3371 1187 3476 1248 de-

1976 1285 2207 1359 fectus,
2239 1305 2439 1368 quum
2487 1293 2696 1350 motus
2737 1286 3094 1350 coelestium
3137 1301 3475 1366 corporum

1978 1385 2061 1446 sit
2126 1385 2645 1448 ordinatissimus
2714 1393 2778 1448 et
2847 1383 3156 1467 regularis
3209 1401 3284 1444 ac
3341 1380 3480 1443 uni·

1982 1481 2230 1558 formis,
2265 1484 2618 1546 secundum
2649 1482 3131 1565 Philosophum,
3152 1479 3478 1561 totiusque

1977 1580 2284 1643 naturalis
2333 1582 2574 1645 ordinis
2633 1579 2891 1670 causale·
2932 1579 3250 1662 quoddam
3311 1577 3480 1659 prin-

1977 1679 2242 1760 cipium.
2282 1680 2486 1741 Minus
2533 1680 2728 1760 igitur
2765 1684 2866 1758 (ut
2903 1677 3186 1756 videtur)
3224 1676 3288 1738 in
3330 1674 3479 1737 sub-

1976 1777 2227 1840 stantiis
2284 1777 2678 1859 incorporeis
2741 1784 3072 1858 peccatum
3132 1771 3478 1837 voluntatis

436 1874 689 1948 Adhuc,
760 1875 928 1956 apud
1008 1876 1439 1957 nosmetipsos
1517 1877 1861 1948 cernimus,
1900 1871 1947 1933 B
1977 1876 2202 1938 cadere
2243 1875 2462 1938 valuit.
2506 1911 2584 1921 —
2625 1875 2988 1948 Enimvero,
3031 1892 3232 1956 quum
3271 1871 3473 1933 virtus
3504 1893 3580 1929 vr.

358 1973 533 2052 quod
566 1973 632 2034 in
676 1972 1020 2034 universali
1062 1974 1139 2035 de
1178 1974 1393 2054 aliquo
1434 1974 1725 2036 notitiam
1768 1992 1867 2035 ve-

356 2089 497 2131 ram
532 2069 863 2144 habenteS‚
899 2071 1041 2134 ideo
1070 2072 1413 2134 deficimus
1453 2079 1517 2134 et
1554 2091 1865 2148 erramuS,

358 2169 667 2250 quoniam
718 2169 887 2232 circa
932 2170 1340 2252 particularia
1385 2171 1734 2251 impeditur
1770 2170 1868 2251 ju-

358 2266 609 2329 dicium
676 2267 939 2330 rationis
1006 2268 1088 2331 ob
1157 2268 1520 2350 passionem
1586 2267 1865 2350 aliquam

362 2363 585 2427 lumen
622 2366 853 2427 mentis
884 2365 1399 2439 obnubilantem,
1435 2374 1623 2448 prout
1652 2367 1715 2427 in
1750 2367 1869 2429 ira-

360 2463 693 2525 scentibus
743 2471 807 2525 et
864 2463 1412 2526 incontinentibus
1464 2463 1669 2546 palam
1723 2483 1867 2527 con-

360 2560 653 2642 spicitur.
718 2563 923 2636 Quum
984 2580 1133 2643 ergo
1190 2563 1517 2644 passiones
1574 2562 1731 2624 tales
1800 2563 1865 2624 in

360 2659 721 2722 substantia
770 2660 1181 2723 intellectuali
1242 2679 1313 2722 ac
1364 2660 1722 2723 insensibili
1782 2661 1868 2723 lo-

362 2776 510 2819 cum
573 2777 835 2840 prorsus
892 2776 1021 2821 non
1080 2758 1376 2832 habeant,
1428 2777 1553 2820 non
1604 2766 1868 2841 apparet

364 2855 641 2936 qualiter
700 2857 766 2918 in
833 2856 1205 2938 operatione
1274 2856 1637 2918 intellectus
1699 2857 1863 2937 ejuS,

278 2963 699 3036 v·-peccatum
768 2955 970 3036 possit
1025 2955 1350 3017 exsistere.
1413 2991 1492 2999 —
1550 2955 1863 3036 AmpliuS,

1976 1975 2041 2036 in
2078 1974 2288 2037 medio
2318 1975 2594 2056 quodam
2625 1973 2948 2046 consistat,
2982 1991 3060 2034 ex
3090 1969 3478 2052 superabun-

1977 2072 2194 2134 dantia
2233 2081 2424 2154 atque
2470 2071 2723 2134 delectu
2765 2088 3032 2154 peccare
3075 2087 3190 2132 nos
3234 2067 3477 2131 contin-

1976 2171 2086 2250 git.
2138 2171 2318 2233 Circa
2375 2171 2438 2233 id
2490 2178 2706 2233 autem
2767 2169 2936 2252 quod
2995 2167 3350 2232 secundum
3407 2185 3476 2227 56

1978 2269 2190 2350 ipsum
2252 2269 2536 2331 medium
2595 2287 2708 2330 seu
2769 2268 2834 2330 in
2893 2267 3107 2330 medio
3171 2273 3288 2340 est,
3347 2281 3477 2328 non

1978 2384 2322 2447 peccamus
2365 2385 2380 2428 ε
2435 2384 2562 2428 non
2613 2367 2851 2429 etenim
2905 2365 3052 2448 quis
3103 2371 3326 2447 peccat
3376 2362 3478 2445 ju-

1974 2465 2216 2528 stitiam
2258 2465 2641 2546 appetendO,
2689 2483 2890 2546 quum
2939 2464 3078 2545 ipsa
3120 2463 3474 2525 secundum

1976 2583 2043 2626 se
2090 2563 2376 2626 medium
2421 2563 2737 2644 quoddam
2788 2562 2891 2624 sit.
2941 2560 3323 2624 Substantias
3369 2579 3476 2622 au-

1976 2670 2103 2725 tem
2144 2660 2606 2724 intellectuales
2643 2679 2769 2723 non
2809 2660 3150 2734 sensitivae‚
3184 2675 3313 2722 non
3343 2677 3476 2722 cor-

1977 2761 2221 2843 poralia
2259 2759 2446 2834 bona,
2481 2760 2591 2822 sed
2633 2758 3090 2822 intellectualia
3125 2758 3333 2821 solum
3369 2776 3476 2840 ap-

1975 2867 2203 2941 petunt
2247 2877 2260 2921 :
2307 2859 2572 2921 omnino
2619 2877 2853 2940 nempe
2897 2856 3330 2920 irrationabile
3378 2861 3476 2919 est

1974 2958 2208 3030 dicere,
2241 2957 2628 3019 substantias
2671 2977 2746 3020 ex
2785 2964 3012 3018 natura
3042 2955 3471 3036 incorporeaS,

362 3053 607 3114 nullius
640 3052 729 3114 rei
760 3053 1081 3134 appetitus
1113 3053 1317 3115 tendit
1347 3052 1471 3114 nisi
1506 3053 1568 3114 in
1604 3053 1665 3114 id
1696 3054 1863 3134 quod
1899 3049 1943 3112 C
1976 3074 2280 3138 corporea
2340 3056 2506 3118 bona
2560 3063 2884 3138 appetere,
2937 3073 3049 3116 seu
3115 3051 3469 3125 sensibilia,

362 3150 485 3212 sibi
536 3151 927 3214 conveniens
976 3160 1071 3212 est
1128 3169 1200 3212 ac
1250 3150 1511 3213 bonum.
1562 3151 1865 3213 Videmus

362 3257 601 3322 autem,
637 3250 701 3311 in
752 3249 853 3310 his
903 3267 1177 3330 quorum
1220 3256 1370 3310 sunt
1410 3249 1536 3312 duo
1577 3257 1687 3310 aut
1724 3248 1863 3330 plu-

361 3367 462 3410 res
514 3348 865 3429 appetituS,
914 3354 1139 3429 utputa
1184 3347 1531 3410 sensitivus
1571 3355 1634 3408 et
1678 3347 1863 3411 ratio-

364 3445 546 3519 naliS‚
604 3446 747 3508 ideo
798 3453 1130 3526 peccatum
1182 3445 1358 3518 oriri,
1412 3446 1713 3527 quoniam
1769 3445 1861 3506 in-

362 3543 555 3606 ferior
604 3544 928 3625 appetitus
979 3561 1105 3604 non
1146 3541 1350 3604 fertur
1400 3543 1464 3604 in
1512 3543 1753 3605 bonum
1800 3551 1863 3605 ct

360 3641 709 3724 appetibile
766 3640 889 3703 sibi
949 3641 1303 3703 secundum
1366 3641 1653 3704 ordinem
1715 3659 1861 3703 con-

360 3740 847 3821 gruentiamque
888 3739 1257 3820 appetibilis
1298 3739 1646 3820 superioris
1674 3757 1862 3820 appe-

363 3838 513 3899 titus
564 3855 581 3900 :
634 3838 803 3899 sicut
859 3838 1013 3899 dum
1063 3838 1385 3900 sensualia
1433 3837 1599 3900 bona
1645 3845 1865 3899 contra

364 3935 891 3999 intellectualium
934 3935 1243 3997 bonorum
1286 3937 1577 3999 ordinem
1619 3936 1861 3998 deside-

362 4054 597 4096 ramus.
632 4035 779 4108 Quae
816 4043 1031 4095 autem
1074 4053 1198 4096 non
1238 4033 1362 4096 nisi
1406 4035 1470 4096 in
1502 4054 1704 4096 unum
1734 4035 1863 4096 sin-

362 4133 579 4213 gulare
611 4133 850 4195 bonum
882 4133 1279 4204 ordinantur,
1315 4133 1379 4195 in
1412 4133 1569 4195 illud
1610 4153 1864 4215 semper

1974 3173 2115 3235 quae
2175 3173 2365 3216 sensu
2427 3160 2660 3214 carent.
2723 3153 2842 3215 Sed
2904 3151 2966 3212 in
3027 3149 3472 3213 intellectuali-

1976 3250 2095 3312 bus
2145 3250 2330 3313 bonis
2389 3269 2516 3312 non
2575 3258 2672 3313 est
2727 3250 3019 3330 accipere
3077 3248 3474 3330 superabun-

1973 3349 2256 3411 dantiam
2296 3356 2360 3410 et
2406 3348 2749 3411 defectum.
2793 3348 2950 3410 Nam
3001 3348 3355 3410 secundum
3405 3365 3472 3409 se

1974 3447 2140 3508 inter
2179 3446 2830 3528 superabundantiam
2871 3453 2935 3508 et
2978 3445 3300 3510 delectum
3342 3463 3470 3507 me-

1973 3545 2077 3607 dia
2116 3552 2266 3606 sunt
2308 3562 2323 3606 :
2369 3545 2908 3626 quemadmodum
2959 3545 3125 3607 inter
3169 3544 3327 3606 duos
3376 3563 3472 3606 er-

1974 3661 2149 3706 rores
2198 3659 2424 3705 verum
2483 3643 2765 3704 medium
2811 3651 2928 3714 est,
2980 3659 3253 3723 quorum
3312 3641 3472 3703 alter

1973 3751 2070 3805 est
2111 3743 2176 3804 in
2213 3743 2381 3824 pluS,
2419 3749 2482 3803 et
2528 3740 2687 3802 alter
2723 3742 2786 3802 in
2827 3742 3061 3803 minus,
3108 3741 3283 3803 Unde
3332 3759 3470 3802 sen-

1976 3841 2191 3902 sibilia
2230 3848 2293 3902 et
2337 3838 2690 3922 corporalia
2733 3839 2898 3901 bona
2939 3838 3004 3900 in
3046 3838 3256 3900 medio
3295 3845 3465 3909 sunt,

1974 3939 2027 4000 si
2068 3938 2420 4000 secundum
2467 3937 2778 3998 rationem
2817 3937 2964 4009 sint,
2989 3936 3156 3998 sicut
3199 3935 3264 3997 in
3295 3935 3466 3997 Ethi-

1976 4037 2069 4098 cis
2128 4035 2216 4098 ait
2273 4035 2713 4115 Philosophus
2764 4033 3029 4096 Videtur
3075 4051 3224 4114 ergo
3283 4033 3466 4095 intel-

1976 4134 2176 4196 lectus
2235 4141 2562 4215 separatus
2623 4151 2830 4214 neque
2887 4132 3213 4194 voluntate
3283 4149 3467 4213 posse

367 4238 425 4292 et
482 4232 621 4294 sine
670 4249 885 4294 errore
938 4231 1177 4292 moveri
1227 4231 1545 4292 videntur.
1600 4231 1865 4313 Semper
1894 4235 1941 4297 D
1974 4251 2206 4295 errare.
2241 4265 2320 4276 —
2351 4232 2562 4303 Porro,
2606 4249 2805 4312 quum
2855 4230 3209 4292 secundum
3262 4229 3586 4312 philo-vm.

366 4349 641 4412 namque
691 4330 855 4412 lapis
903 4329 1147 4410 appetit
1195 4347 1335 4392 csse
1382 4331 1699 4392 deorsum.
1750 4330 1864 4392 Na-

366 4436 507 4490 tura
535 4447 791 4511 quoque
821 4427 1045 4490 eodem
1080 4426 1267 4488 modo
1297 4427 1642 4489 inclinatur
1670 4447 1865 4507 quan-

365 4534 501 4588 turn
533 4527 597 4588 in
620 4545 687 4588 se
718 4524 1142 4606 est,quamvis
1165 4523 1246 4586 ob
1278 4524 1553 4587 materiae
1586 4525 1865 4607 indispo-

366 4626 662 4688 sitionem
691 4632 800 4687 aut
836 4623 1232 4686 conformem
1264 4641 1542 4696 causam,
1578 4622 1863 4684 vicissim

367 4724 547 4785 aliter
586 4723 839 4786 eveniat
876 4740 1066 4804 quam
1111 4727 1335 4782 natura
1374 4721 1761 4784 intendebat.
1798 4722 1863 4783 ln

371 4821 911 4884 intellectualibus
977 4826 1189 4880 autem
1260 4819 1633 4882 substantiis
1700 4839 1865 4882 unus

370 4919 695 4981 dumtaxat
723 4918 1045 5000 appetitus
1076 4925 1193 4990 est,
1226 4923 1290 4978 et
1329 4917 1391 4978 in
1427 4936 1627 4979 unum
1659 4917 1865 4980 solum

376 5018 611 5081 bonum
664 5017 1061 5081 ordinantur.
1115 5016 1252 5079 Non
1302 5035 1453 5097 ergo
1500 5016 1731 5080 dabilis
1778 5019 1870 5080 vi-

376 5117 560 5178 detur
608 5117 833 5179 modus
884 5132 1012 5196 quo
1059 5115 1123 5176 in
1175 5114 1301 5176 illis
1350 5123 1681 5196 peccatum
1732 5136 1869 5179 6556

378 5215 659 5278 valuerit„

300 5342 355 5371 ν.
460 5315 540 5375 At
602 5330 769 5388 vero,
832 5311 1205 5375 substantias
1265 5312 1725 5375 intellectuales
1784 5333 1874 5375 se-

1975 4332 2322 4413 sophorum
2389 4329 2837 4411 sapientioreS,
2900 4328 3321 4410 intelligentia
3385 4329 3468 4390 sit

1973 4449 2166 4509 agens
2218 4427 2582 4501 infallibi1e‚
2625 4445 2750 4491 non
2789 4447 3028 4501 erranS,
3075 4436 3138 4490 et
3175 4427 3341 4490 sicut
3384 4427 3470 4490 ait

1974 4528 2308 4600 AverroeS,
2368 4527 2505 4608 ipsa
2566 4526 2983 4588 inalterabilis
3042 4527 3160 4604 sit3
3218 4527 3468 4589 daemon

1975 4643 2230 4706 quoque
2289 4625 2463 4687 aliud
2523 4643 2650 4686 non
2717 4625 2799 4686 sit
2865 4624 2990 4686 nisi
3051 4624 3471 4705 intelligentia

1978 4723 2266 4804 quaedam
2325 4733 2388 4786 et
2453 4724 2532 4785 de
2593 4721 3155 4803 intelligentiarum
3221 4723 3468 4795 ordine,

1978 4821 2029 4882 si
2063 4822 2418 4883 secundum
2449 4829 2740 4883 naturam
2784 4820 3106 4901 propriam
3140 4819 3202 4881 in
3233 4839 3301 4882 se
3334 4820 3473 4902 ipso

1979 4919 2438 4992 consideretur,
2471 4918 2718 4981 seclusa
2765 4916 3006 4978 malitia
3039 4935 3052 4979 :
3086 4917 3236 4979 hinc
3281 4917 3476 5000 igitur

1984 5017 2198 5097 colligi
2259 5017 2510 5078 videtur
2567 5024 2630 5078 et
2689 5015 3106 5088 innotescere,
3168 5023 3278 5077 aut
3344 5035 3472 5079 non

1982 5133 2121 5176 esse
2185 5115 2492 5176 malitiam
2552 5114 2616 5176 in
2691 5113 3112 5186 daemonibuS,
3171 5122 3281 5176 aut
3341 5134 3472 5178 cer-

1982 5221 2044 5275 te
2097 5215 2387 5276 camdem
2446 5211 2799 5276 naturalem
2858 5231 3020 5287 esse,
3074 5231 3203 5275 non
3251 5214 3474 5277 volun-

1984 5311 2231 5374 tariam.
