4300 6259
809 473 928 541 182
1505 495 1927 543 unumunurm
1968 492 2365 542 rnuotocch.
2413 511 2493 523 —
2534 494 2614 540 nn
2658 495 2855 542 Auum
2898 497 3230 543 ria-riorum

812 665 1030 749 aliqua
1085 666 1154 729 in
1210 667 1435 730 eodem
1494 665 1624 729 sint
1681 664 1940 728 instanti
1997 664 2187 747 plene
2233 663 2308 728 ad
2340 661 2392 728 A
2425 665 2595 729 vinis
2639 665 3040 730 illustrantur
3088 667 3406 750 mysteriis
3453 685 3468 730 ε
3516 667 3595 729 de
3641 683 3913 749 quorum

814 765 1177 828 animarum
1221 766 1694 848 susceptionem
1740 764 2068 848 disposita,
2102 763 2170 826 in
2210 781 2312 826 eo·
2424 764 2750 828 nonnullis
2809 764 2945 848 ipsa
3008 767 3231 829 itidem
3297 765 3674 831 felicissima
3728 763 3918 844 Virgo

816 862 964 927 dem
1010 863 1270 927 instanti
1315 864 1543 928 animae
1594 863 1966 927 eorumdem
2017 869 2315 925 creantur
2423 862 2504 925 ab
2563 863 2893 944 unigenito
2949 882 3087 938 su0,
3138 865 3331 928 etiam
3390 863 3745 928 secundum
3794 860 3915 922 filii

817 969 881 1024 et
929 960 1377 1038 infunduntur,
1429 963 1970 1046 quemadmodum
2019 962 2314 1043 Augusti·
2426 960 2524 1023 sui
2550 969 2944 1044 assumptam
2974 962 3463 1038 humanitatem,
3496 961 3919 1026 exuberanter

816 1081 939 1124 nus
982 1068 1250 1124 testatur
1293 1061 1569 1124 :Anima
1611 1062 1885 1125 creando
1927 1060 2311 1134 infunditur,
2427 1059 2798 1122 illustratur.

817 1167 884 1223 et
940 1158 1338 1223 infundendo
1401 1168 1691 1240 creatur3
1741 1161 1893 1243 quia
1949 1161 2175 1222 eodem
2226 1158 2316 1221 in-
2506 1158 2849 1233 Postremo,
2901 1177 2978 1221 ex
3026 1159 3145 1222 hac
3193 1159 3605 1223 distinctione
3652 1155 3923 1236 refulget

817 1258 1010 1320 stanti
1039 1275 1167 1340 quo
1197 1266 1468 1334 creatur,
1501 1259 1753 1341 corpori
1785 1276 1902 1322 suo
1933 1257 2311 1320 infunditur.
2426 1255 2697 1337 qualiter
2734 1256 3105 1320 verificetur
3144 1258 3313 1338 quod
3342 1256 3735 1338 Augustinus
3780 1253 3925 1316 alle-

577 1373 789 1418 manni.
899 1354 1224 1430 Praeterea,
1247 1355 1415 1419 sicut
1443 1363 1814 1439 praetactum
1845 1362 1942 1419 est
1970 1363 2034 1418 et
2066 1354 2319 1437 plenius
2426 1361 2531 1435 gat
2561 1361 2625 1417 et
2651 1354 3295 1436 approbat,magnum
3328 1354 3509 1416 illum
3538 1352 3925 1416 Platonicum

523 1436 792 1556 ζξῗᾞζῗζ
819 1455 1210 1528 ostendetur,
1261 1455 1340 1516 ad
1398 1456 1697 1518 eumdem
1757 1454 1957 1518 finem
2016 1473 2319 1536 superna-
2428 1451 2746 1515 Plotinum
2803 1453 3173 1526 asseruisse,
3222 1453 3503 1515 animam
3552 1449 3927 1513 rationalem

816 1552 1112 1626 turalem,
1167 1552 1630 1616 beatitudinem
1688 1553 2074 1624 aeternalem,
2127 1551 2323 1614 beati·
2429 1568 2557 1612 non
2599 1549 2833 1612 habere
2873 1569 3067 1632 super
3104 1569 3171 1613 se
3219 1551 3343 1613 nisi
3392 1549 3675 1613 divinam
3727 1555 3791 1610 et
3840 1547 3929 1608 in-

817 1649 1014 1713 ficam
1073 1650 1185 1713 Dei
1237 1650 1472 1712 claram
1520 1658 1584 1713 et
1630 1650 1922 1713 facialem
1981 1650 2319 1720 visionem,
2430 1655 2707 1711 creatam
2752 1656 3063 1711 naturam.

819 1749 1085 1831 angelus
1143 1756 1207 1812 et
1262 1749 1476 1812 anima
1531 1748 1610 1811 ab
1662 1748 1982 1812 adorando
2030 1748 2321 1812 Creatore

821 1855 972 1910 sunt
1013 1847 1289 1910 ordinati
1331 1854 1395 1909 et
1438 1847 1697 1910 conditi.
2354 1838 2401 1899 B
2712 1856 3227 1922 PROPOSITIO
3274 1856 3650 1922 LXXXIX.

1063 2057 1583 2122 PROPOSITIO
1631 2055 2068 2120 LXXXVIII,
2509 2042 2623 2107 De
2668 2042 2981 2120 origine
3019 2043 3102 2108 et
3142 2041 3366 2108 finali
3413 2042 3930 2108 institutione

2431 2141 2717 2205 anlmae
2758 2140 3181 2206 rationalis
3224 2140 3479 2206 multo
3521 2140 3765 2206 aliter
3802 2140 3931 2204 do-

905 2240 1352 2309 Rationalis
1397 2241 1663 2306 anima
1701 2241 1788 2305 ln
1816 2241 2128 2307 ratione
2171 2238 2325 2305 for·
2432 2239 2560 2302 cet
2630 2238 3044 2317 Scriptura
3108 2253 3345 2319 quam
3424 2236 3931 2319 philosopho-

827 2353 977 2406 mae
1005 2339 1091 2405 et
1131 2337 1359 2404 donis
1396 2339 1702 2404 naturae
1743 2338 2026 2416 angelo
2067 2339 2327 2403 exstat
2431 2349 2614 2400 rum
2657 2335 3031 2416 phalanx.

828 2435 1206 2516 inferior3
1249 2436 1336 2501 111
1374 2435 1685 2502 ratione
1724 2438 1997 2502 autem
2029 2435 2217 2501 finis
2245 2437 2328 2501 et
2515 2432 2689 2505 Quod
2730 2441 2846 2506 est,
2882 2433 3182 2515 quoniam
3224 2440 3355 2496 tam
3395 2433 3697 2496 Platonici
3739 2452 3933 2515 quam

829 2535 1061 2601 donis
1096 2534 1379 2612 grauae
1418 2548 1512 2599 ao
1553 2534 1855 2616 gloriae,
1888 2534 2171 2613 angelo
2203 2535 2328 2600 est
2433 2529 2834 2612 Peripatetici
2884 2531 3312 2613 philosophati
3362 2539 3529 2605 sunt,
3569 2531 3650 2593 ab
3698 2539 3937 2594 aeterno

827 2632 1180 2714 aequalis,
2435 2627 2635 2690 fuisse
2664 2628 2944 2690 animam
2975 2628 3687 2693 rationalem.Platonici
3720 2637 3935 2691 autem

907 2730 1084 2803 Quod
1124 2737 1241 2803 est,
1275 2729 1580 2811 quoniam
1617 2730 1833 2792 anima
1868 2728 2194 2792 rationalis
2233 2737 2359 2791 est-
2436 2725 2767 2788 universas
2814 2726 3059 2788 animas
3109 2726 3447 2789 rationales
3498 2726 3800 2789 dixerunt
3858 2727 3939 2788 si-

831 2826 1156 2889 inferioris
1214 2827 1449 2907 gradus
1520 2834 1584 2888 et
1641 2826 1879 2908 speciei
1947 2845 2021 2888 ac
2085 2827 2329 2889 ordinis
2440 2823 2573 2885 mul
2605 2842 2753 2886 cum
2794 2823 3235 2904 intelligentiis
3274 2824 3352 2888 ab
3393 2833 3631 2888 aeterno
3669 2833 3935 2898 creatas,

831 2942 1023 3006 quam
1068 2924 1354 3004 angeluS,
1403 2923 1775 2986 naturaliter
1817 2942 2072 3006 quoque
2121 2923 2332 2985 unibi-
2437 2929 2627 3002 atque
2660 2921 2723 2983 in
2754 2921 2957 2984 stellis
2986 2923 3343 2984 animarum
3376 2941 3645 2985 numero
3675 2922 3938 3005 paribus

833 3022 912 3085 lis
971 3023 1244 3103 corpori,
1305 3030 1376 3083 ut
1433 3021 1637 3085 forma
1695 3021 2000 3104 specifica
2056 3040 2330 3104 parsque
2360 3022 2403 3087 C
2441 3019 2799 3092 collocataS,
2831 3019 3208 3101 opportunis
3242 3037 3497 3102 quoque
3539 3019 3940 3102 temporibus

833 3120 1194 3201 compositi,
1246 3128 1558 3203 quatenus
1618 3121 1683 3182 in
1732 3137 1995 3203 corpore
2045 3139 2161 3202 per
2220 3121 2333 3182 mi·
2441 3117 2767 3198 sigillatim
2838 3118 3006 3180 uniri
3078 3117 3472 3200 corporibus.
3537 3119 3937 3201 Peripatetici

833 3217 1172 3280 nisterium
1204 3236 1508 3280 sensuum
1539 3218 1914 3300 perficiatur
1944 3218 2229 3281 scientiis
2271 3225 2335 3280 et
2440 3233 2591 3277 vero
2616 3216 2913 3278 dixerunt
2943 3216 3009 3277 in
3039 3233 3164 3278 uno
3194 3216 3537 3298 eodemque
3568 3226 3779 3279 actum
3812 3235 3940 3279 non

834 3315 1225 3396 adipiscatur
1269 3315 1580 3394 virtutes3
1627 3316 1890 3397 angelus
1933 3333 2085 3378 vero
2132 3316 2334 3379 multo
2442 3313 2799 3394 praecedere
2860 3314 3229 3395 potentiam,
3283 3333 3400 3376 nec
3457 3314 3732 3378 formam
3792 3315 3941 3378 sub-

834 3413 1079 3475 altioris
1125 3420 1224 3476 est
1278 3413 1541 3496 speciei,
1594 3433 1712 3476 nec
1765 3415 2056 3494 Indigens
2115 3431 2336 3495 corpo·
2442 3411 2800 3473 stantialem
2848 3430 3031 3474 suam
3082 3413 3434 3487 materiam,
3482 3412 3753 3495 ideoque
3812 3413 3945 3475 ani-

514 3542 807 3586 mem-‚uui
837 3530 926 3586 re,
978 3519 1050 3573 ut
1095 3511 1339 3574 dictum
1388 3519 1483 3574 est
1529 3512 1802 3594 plenius,
1852 3513 2330 3586 Verumtamen,
2445 3528 2579 3571 mas
2611 3509 2949 3572 rationales
2979 3510 3244 3593 produci
3276 3511 3355 3573 de
3386 3527 3573 3585 novo,
3606 3510 3761 3573 dum
3806 3512 3943 3574 suis

838 3609 1143 3696 quoniam
1171 3610 1250 3673 ad
1281 3609 1740 3673 beatitudinem
1771 3611 2147 3673 ordinantur
2176 3630 2336 3674 eam-
2444 3607 2755 3669 uniuntur
2784 3615 2846 3669 et
2876 3606 3303 3670 infunduntur
3342 3609 3737 3691 corporibus.
3770 3611 3944 3672 Atta-

838 3707 1009 3780 dem,
1041 3726 1233 3789 quam
1277 3708 1416 3770 sine
1455 3707 1800 3788 gratiarum
1844 3707 2335 3770 charismatibus
2446 3723 2615 3779 men,
2635 3705 2939 3787 quoniam
2972 3706 3283 3768 mundum
3316 3706 3626 3789 putabant
3652 3706 3732 3769 ab
3763 3715 3945 3770 aeter-

836 3805 1106 3888 adipisci
1137 3824 1467 3888 nunquam
1508 3805 1874 3887 quiverunt,
1908 3813 2080 3868 recte
2116 3807 2337 3868 dicun·
2445 3823 2528 3868 no
2574 3804 2795 3878 fuisse,
2848 3813 3199 3888 posuerunt
3245 3805 3581 3870 hominurn
3628 3807 3943 3888 generati-

836 3910 944 3966 tur
999 3904 1065 3966 in
1123 3904 1367 3967 ratione
1416 3903 1571 3966 finis
1621 3909 1685 3966 et
1741 3904 2336 3986 supernaturalibus
2445 3922 2634 3968 onem
2702 3922 2775 3966 ac
2839 3903 3084 3966 animas
3160 3905 3545 3968 aeternaliter
3600 3906 3939 3969 exstitisse.

833 4001 1050 4084 gratiae
1094 4021 1167 4065 ac
1213 4002 1430 4083 gloriae
1489 4001 1864 4064 muneribus
1923 4021 2125 4084 pares,
2178 4001 2337 4065 Nam
2443 4004 2655 4076 Porro,
2675 4002 2830 4085 quid
2862 4003 2941 4064 de
2969 4003 3328 4065 animarum
3362 4003 3840 4068 immortalitate
3870 4023 3943 4068 ac

837 4100 956 4162 etsi
1001 4101 1064 4162 in
1114 4101 1214 4163 his
1259 4099 1522 4182 plurimi
1566 4099 1776 4180 angeli
1821 4100 1950 4162 sint
1996 4100 2337 4162 animabus
2446 4100 2716 4162 naturali
2766 4119 2987 4162 earum
3037 4099 3453 4174 beatitudine,
3494 4120 3687 4183 quam
3736 4103 3939 4165 solam

838 4197 1058 4260 multis
1099 4198 1578 4270 eminentioreS,
1621 4198 1837 4262 multae
1875 4199 2067 4260 etiam
2103 4198 2335 4262 animae
2366 4205 2415 4267 D
2448 4189 2783 4272 noverunt,
2816 4199 3152 4274 senserint,
3176 4200 3241 4260 in
3272 4199 3773 4264 Elementatione
3808 4201 3945 4284 phi·
4004 4233 4155 4277 propos.

837 4304 1070 4360 sanctae
1114 4296 1410 4378 pluribus
1451 4295 1819 4377 angelorum
1857 4297 2224 4378 agminibus
2268 4298 2333 4360 in
2447 4299 2772 4381 losophica
2813 4306 2910 4360 est
2950 4317 3343 4381 expressum.
3968 4295 4203 4333 ¹²'¹¹·“¹*'¹·

837 4395 940 4457 his
979 4394 1340 4478 superiores
1387 4395 1742 4457 consistunt
1778 4411 1791 4456 :
1826 4414 1967 4476 quae
2008 4414 2211 4477 usque
2257 4397 2335 4459 ad
2523 4399 2601 4460 At
2631 4396 2983 4477 theologica
3012 4397 3245 4459 veritas
3272 4397 3547 4460 animam
3581 4399 3947 4463 rationalem

837 4511 1155 4575 supremae
1195 4492 1472 4557 coelestis
1510 4492 1882 4556 hierarchiae
1922 4493 2146 4557 choros
2192 4513 2336 4557 con·
2444 4502 2829 4579 protestatur
2878 4513 3280 4576 nequaquam
3323 4495 3404 4557 ab
3444 4504 3681 4560 aeterno
3719 4497 3945 4573 fuisse,

837 4593 1172 4657 scendunt.
1235 4592 1391 4665 Imo,
1444 4590 1734 4654 absolute
1791 4591 2129 4673 loquendo,
2191 4593 2333 4656 duae
2445 4595 2554 4656 sed
2586 4595 2664 4656 de
2694 4610 2857 4655 novo
2890 4593 3367 4666 creatam,infra
3396 4603 3507 4657 aut
3538 4603 3680 4676 post
3708 4603 3951 4678 ternpo-

836 4689 1374 4775 praeelectissimae
1421 4689 1674 4763 animae,
1727 4697 1796 4751 ut
1840 4689 2055 4751 anima
2102 4690 2332 4753 Christi
2446 4691 2576 4753 rale
2620 4690 2843 4752 mundi
2890 4690 3248 4764 exordium,
3290 4690 3511 4773 sicque
3558 4693 3765 4774 primo
3808 4711 3947 4758 cor-

835 4797 902 4853 et
927 4788 1145 4852 anima
1179 4787 1655 4870 gloriosissimae
1685 4786 1983 4868 Virginis,
2019 4788 2338 4850 universis
2446 4789 2586 4871 pori
2635 4788 2917 4850 humano
2967 4787 3265 4849 infusam.
3310 4789 3485 4862 Quod
3534 4808 3766 4873 corpus
3816 4810 3947 4854 non

833 4887 1138 4969 angelicis
1195 4885 1529 4968 spiritibus
1588 4885 1862 4967 praelatae
1926 4894 2075 4948 sunt
2142 4885 2339 4968 pluri·
2446 4886 2570 4949 fuit
2602 4893 2777 4948 motu
2809 4885 3169 4949 coelestium
3199 4905 3538 4969 corporum
3578 4907 3657 4951 ex
3696 4891 3949 4952 semine

837 5005 1039 5059 mum,
1099 4985 1230 5047 imo
1275 4983 1490 5046 anima
1536 4983 1771 5046 Christi
1820 4983 2336 5065 incomparabili·
2446 4985 2749 5058 humano,
2796 4984 3181 5054 successive,
3228 4985 3419 5048 modo
3458 4986 3729 5048 naturali
3772 5007 3949 5050 nunc

836 5092 950 5147 ter.
985 5084 1134 5157 Quae
1177 5081 1561 5145 beatissimae
1604 5081 1835 5145 animae
1881 5089 2142 5144 cunctos
2188 5101 2336 5163 pur·
2447 5090 2772 5156 consuet0‚
2807 5081 3174 5155 formatum,
3210 5083 3816 5166 complexionatum,
3852 5103 3949 5147 or-

833 5190 1003 5264 gant,
1047 5180 1414 5242 illuminant
1452 5187 1642 5262 atque
1684 5179 2034 5264 perficiunt
2077 5180 2335 5261 angelos
2446 5181 2827 5263 ganizatum,
2878 5181 2990 5242 sed
3038 5181 3495 5262 omnipotentis
3543 5183 3656 5245 Dei
3704 5183 3946 5246 virtute

829 5279 1223 5353 benedictoS,
1275 5276 1426 5360 quia
1467 5297 1504 5342 a
1544 5279 1673 5342 Deo
1729 5277 2048 5360 copiosius
2109 5279 2188 5341 de
2243 5278 2335 5342 di·
2446 5286 2729 5362 repente,
2780 5277 3062 5362 perfecte
3116 5279 3813 5363 supernaturaliterque
3867 5301 3947 5346 ex
3980 5301 4183 5350 σει-,7.
