4300 6259
918 515 996 561 m!
1035 515 1264 562 Lunum
1305 515 1688 563 CHRISTIANAE
1732 516 2034 574 monim,
2079 517 2260 563 mmm
2302 519 2343 564 Ῑ.
2389 535 2469 546 --·
2509 518 2649 563 Am.
2697 518 2846 564 xxv1

3310 500 3433 564 239

329 682 664 746 sunt:haec
695 683 869 746 enim
899 685 1117 747 omnia
1145 684 1434 748 defectus
1465 692 1616 748 sunt
1647 685 1824 748 boni·
1855 685 1908 748 A
1940 704 2080 747 rum
2138 685 2565 749 accidentales
2634 703 2760 748 non
2828 694 2977 748 sunt
3003 703 3019 766 ;
3078 693 3229 748 sunt
3284 703 3436 748 vero

327 781 498 853 tatiS,
517 788 580 844 et
611 781 869 845 malitiae
898 783 1212 864 quaedam.
1235 782 1436 845 Erunt
1465 800 1616 864 ergo
1646 802 1827 865 aeque

329 878 632 959 perfecta,
665 886 846 942 actus
878 880 1045 961 puri,
1079 887 1145 942 et
1173 880 1296 942 sibi
1330 900 1444 964 per
1474 900 1540 942 se
1571 881 1826 963 penitus

327 976 738 1040 sufficientia.
773 979 902 1040 Hoc
939 987 1154 1041 autem
1195 979 1670 1042 inconveniens.
1707 981 1826 1042 lm-

331 1073 634 1156 possibile
681 1075 877 1157 igitur
923 1085 1020 1139 est
1063 1077 1346 1159 aliquam
1405 1077 1824 1140 substantiam

330 1173 484 1234 citra
550 1174 754 1236 Deum
809 1173 1042 1238 bonam
1101 1175 1606 1239 substantialiter
1661 1195 1821 1238 esse.

238 1303 302 1334 n.
332 1271 634 1334 Praeterea
661 1290 856 1354 supra
885 1273 1231 1336 deductum
1261 1281 1378 1346 est,
1413 1273 1624 1355 ipsum
1655 1273 1826 1355 quod

331 1369 458 1432 enti
519 1368 1026 1434 substantialiter
1080 1371 1402 1446 convenit,
1455 1387 1582 1432 non
1641 1389 1826 1452 posse

331 1467 718 1530 minoratum
750 1468 886 1531 fore
917 1470 984 1532 in
1013 1486 1110 1544 eo,
1139 1468 1306 1530 sicut
1346 1476 1570 1532 natura
1609 1469 1829 1530 huma-

329 1584 408 1628 na
438 1566 643 1628 minui
677 1582 806 1629 non
838 1574 1046 1648 potest
1077 1567 1142 1629 in
1184 1567 1438 1630 Socrate
1473 1585 1486 1628 ε
1521 1567 1826 1649 quoniam

331 1672 556 1726 natura
583 1665 675 1727 rei
707 1665 876 1727 sicut
904 1672 966 1727 et
999 1665 1268 1748 speeies,
1303 1665 1596 1728 consistit
1626 1665 1692 1726 in
1733 1664 1826 1728 in-

329 1762 660 1824 divisibili.
715 1763 780 1825 Si
831 1764 1024 1845 igitur
1075 1763 1326 1826 bonitas
1373 1764 1824 1838 secundorum,

1935 783 2382 858 accidentaleS,
2446 785 2511 846 id
2568 791 2665 846 est
2721 784 3135 867 participatae,
3195 791 3261 846 et
3322 803 3439 867 per

1935 880 2108 942 aliud
2167 889 2365 942 entes.
2432 880 2495 942 Si
2556 899 2707 944 vero
2764 880 3181 943 substantiale
3240 881 3436 943 susci-

1935 979 2150 1060 piatur
2180 996 2295 1060 pro
2326 997 2401 1041 eo
2431 999 2507 1040 cu
2512 979 2616 1059 jus
2647 999 2787 1042 esse
2818 998 2943 1041 non
2986 979 3253 1042 inhaeret
3288 997 3435 1041 con-

1935 1077 2277 1157 tingenter,
2323 1078 2611 1158 quaedam
2660 1078 3087 1140 secundorum
3137 1078 3438 1142 dicuntur

1935 1175 2110 1238 entia
2180 1182 2243 1236 et
2316 1175 2481 1238 bona
2558 1174 3018 1238 substantialia.
3094 1174 3438 1238 Enimvero

1937 1291 2136 1354 quum
2187 1272 2355 1334 Deus
2402 1273 2485 1334 sit
2534 1272 2908 1335 naturaliter
2964 1272 3103 1355 ipsa
3159 1291 3273 1336 sua
3328 1273 3441 1337 bo-

1937 1369 2123 1444 nitas,
2168 1370 2260 1432 nil
2303 1370 2562 1434 malitiae
2608 1370 2731 1453 ipsi
2778 1371 2987 1434 inesse
3032 1378 3258 1454 potest.
3293 1372 3439 1435 Ideo

1938 1486 2172 1550 nempe
2220 1469 2302 1531 ab
2349 1468 2740 1551 Alphorabio
2799 1477 2863 1532 et
2919 1469 3221 1552 Dionysio
3278 1489 3441 1553 pura
3498 1487 3733 1546 cf.t.xv1.

1937 1565 2188 1629 bonitas
2218 1567 2473 1629 dicitur.
2510 1568 2745 1630 Purum
2777 1568 2947 1629 enim
2982 1566 3239 1642 dicitur,
3270 1569 3439 1650 quod
3468 1567 3511 1608 Ρ·
3532 1552 3669 1596 ¹¹⁹⁶·

1936 1665 2163 1728 alienae
2194 1671 2439 1729 naturae
2472 1664 2955 1748 impermixtum
2987 1673 3103 1728 est.
3140 1666 3441 1740 Quamvis

1938 1781 2090 1826 vero
2135 1765 2379 1826 malum
2426 1771 2720 1827 naturam
2766 1782 2893 1826 non
2937 1764 3187 1837 habeat,
3227 1774 3441 1828 tamen

329 1860 834 1924 substantialiter
871 1869 936 1924 et
971 1863 1326 1926 secundum
1357 1863 1680 1946 propriam
1718 1882 1825 1925 na·
1865 1863 1912 1926 B
1940 1879 2068 1943 quo
2099 1880 2199 1924 res
2236 1880 2275 1923 a
2314 1861 2713 1944 plenitudine
2755 1862 2957 1944 ipsius
2988 1879 3127 1925 esse
3165 1862 3444 1945 amplius

331 1966 534 2020 turam
607 1959 702 2022 eis
763 1960 1022 2034 inesset,
1081 1978 1208 2023 non
1268 1961 1490 2042 utique
1550 1961 1830 2024 secunda

331 2057 640 2119 distarent
660 2075 699 2119 a
724 2057 1126 2139 plenitudine
1152 2058 1558 2141 perfectaque
1589 2058 1830 2122 ratione

331 2155 870 2237 bonitatis,quum
901 2173 1028 2218 non
1061 2165 1274 2239 posset
1303 2158 1366 2219 in
1398 2157 1492 2219 eis
1525 2157 1836 2220 minorata

333 2272 466 2316 esse
497 2253 806 2317 bonitatis
837 2260 1080 2316 natura.
1116 2256 1334 2337 ltaque
1365 2263 1580 2318 essent
1617 2257 1834 2318 omnia

335 2371 506 2434 purae
535 2351 872 2416 bonitates.
911 2352 1038 2415 Hoc
1069 2361 1280 2416 autem
1316 2353 1580 2416 omnino
1609 2353 1832 2436 insipi-

331 2451 682 2514 entissimae
715 2451 947 2514 mentis
977 2458 1072 2512 est
1102 2451 1335 2514 dicere.
1368 2452 1631 2524 RursuS‚
1664 2452 1833 2535 quod

334 2548 709 2611 naturaliter
772 2556 834 2612 et
891 2549 1246 2612 secundum
1303 2552 1584 2632 speciem
1645 2551 1832 2624 inest,

337 2647 622 2710 excludit
681 2647 745 2708 id
802 2648 972 2728 quod
1028 2646 1152 2710 sibi
1216 2649 1606 2711 contrarium
1663 2654 1760 2710 est
1817 2666 1832 2710 ε

336 2745 879 2826 quemadmodum
917 2745 1166 2808 homini
1207 2746 1416 2808 inesse
1459 2763 1584 2808 non
1631 2753 1836 2828 potest

339 2843 808 2916 irrationalitas,
841 2862 1042 2925 quum
1075 2843 1196 2906 sibi
1233 2862 1344 2926 per
1375 2862 1442 2906 se
1473 2844 1626 2906 insit
1655 2845 1840 2907 ratio-

337 2943 582 3004 nalitas.
619 2942 686 3004 Si
717 2942 912 3022 igitur
941 2943 1222 3005 secunda
1251 2951 1464 3004 essent
1495 2941 1838 3006 substanti·

1943 1960 2154 2034 distat,
2206 1977 2283 2022 eo
2332 1960 2500 2023 malo
2546 1979 2659 2022 seu
2710 1977 2837 2022 non
2886 1979 3025 2023 esse
3071 1961 3446 2043 permixtior

1939 2065 2058 2131 est,
2111 2048 2413 2140 tan'quam
2464 2076 2543 2120 ex
2592 2058 2850 2140 propria
2906 2065 3133 2120 natura
3190 2058 3447 2122 defecti-

1943 2156 2072 2219 bile
2132 2163 2196 2218 et
2256 2156 2705 2238 imperfectum
2767 2155 3099 2219 exsistens.
3153 2157 3329 2220 Unde
3378 2157 3442 2220 in

1943 2255 2179 2318 Timaeo
2221 2254 2310 2316 ait
2354 2255 2575 2317 Plato:
2610 2254 2971 2317 Fabricator
3018 2255 3241 2317 mundi
3286 2256 3448 2338 opti-

1945 2371 2088 2414 mus
2119 2360 2258 2431 est;
2290 2361 2353 2414 et
2392 2353 2621 2415 iterum
2660 2369 2674 2413 :
2710 2353 2899 2415 Porro
2928 2371 2963 2414 a
2996 2353 3205 2434 primo
3234 2353 3445 2416 omnis

1944 2468 2207 2533 prorsus
2239 2451 2479 2512 invidia
2512 2451 2696 2531 longe
2730 2451 3001 2531 relegata
3040 2459 3155 2513 est.
3188 2451 3449 2533 Propter

1945 2549 2116 2631 quod
2164 2549 2375 2632 primo
2420 2549 2645 2612 Primae
2692 2549 3113 2631 philosophiae
3153 2549 3449 2631 antiquos

1948 2655 2165 2730 poetas
2217 2648 2503 2729 increpat
2549 2647 2941 2721 AristoteleS,
2993 2647 3104 2728 qui
3154 2646 3454 2710 dicebant

1946 2745 2116 2827 quod
2176 2743 2469 2807 divinum
2529 2763 2643 2806 ens
2706 2744 2970 2808 invidet.
3038 2745 3307 2826 Insuper
3362 2761 3454 2806 se-

1947 2843 2168 2924 quitur
2208 2843 2409 2904 Deum
2457 2842 2941 2925 quomodolibet
2977 2842 3216 2906 bonum
3262 2861 3399 2905 esse
3435 2859 3449 2904 :

1947 2948 2010 3002 et
2056 2941 2600 3023 quemadmodum
2660 2959 2738 3002 ex
2797 2941 3098 3004 omnibus
3157 2940 3455 3004 secundis

336 3039 518 3103 aliter
576 3040 770 3112 bona,
821 3039 983 3102 nihil
1035 3040 1292 3104 malitiae
1350 3048 1414 3103 et
1472 3040 1838 3122 indigentiae
1875 3039 1916 3103 C
1948 3040 2126 3102 nulla
2170 3039 2423 3102 bonitas
2472 3040 2531 3102 ei
2583 3039 2863 3112 advenit,
2910 3041 3001 3102 sic
3046 3059 3161 3122 per
3201 3040 3452 3103 nullum

337 3139 760 3201 commixtum
792 3137 886 3200 eis
916 3136 1084 3201 foret
1117 3155 1132 3200 τ
1165 3145 1332 3200 esset
1369 3139 1544 3200 enim
1585 3139 1836 3201 bonitas

337 3245 560 3298 natura
589 3237 906 3318 ipsorum.
940 3236 1159 3317 Itaque
1187 3243 1402 3298 essent
1429 3237 1692 3299 omnino
1721 3257 1838 3320 pu·

337 3353 402 3396 ra
457 3343 524 3397 et
583 3333 870 3417 perfecta
923 3351 937 3396 :
991 3335 1162 3417 quod
1220 3335 1481 3415 cogitari
1543 3335 1840 3416 prohibet

337 3435 512 3496 rati0.
555 3433 822 3496 Nullum
864 3449 1016 3514 ergo
1059 3451 1174 3494 ens
1211 3433 1369 3495 citra
1413 3433 1696 3515 primum
1743 3443 1838 3496 est

337 3531 841 3594 substantialiter
883 3531 1144 3593 bonum.

413 3630 476 3693 si
507 3631 774 3705 dixeris,
805 3627 1310 3692 substantiarum
1349 3627 1664 3692 bonitates
1695 3630 1839 3692 sub—

339 3729 666 3791 stantiales
713 3735 884 3800 sunt,
935 3727 1104 3789 sicut
1151 3734 1214 3788 et
1260 3744 1481 3789 earum
1533 3735 1772 3790 naturae
1818 3744 1833 3790 t

340 3833 486 3889 sunt
523 3843 680 3908 ergo
728 3824 1176 3888 substantialia
1225 3825 1412 3887 bona.
1456 3824 1702 3898 Adhuc,
1743 3845 1836 3888 se-

337 3925 620 3987 cundum
666 3921 1040 4005 praehabita,
1072 3922 1288 3985 omnia
1329 3923 1610 3986 secunda
1653 3931 1841 3985 erunt

336 4022 753 4086 accidentalia
811 4019 977 4082 bona
1029 4039 1044 4083 :
1105 4038 1233 4084 non
1291 4027 1387 4082 est
1441 4021 1616 4082 enim
1675 4021 1843 4083 inter

337 4119 756 4182 substantiale
813 4126 877 4180 et
925 4118 1317 4181 accidentale
1369 4118 1673 4180 medium.
1728 4119 1842 4182 Ite-

336 4238 498 4293 rum,
543 4218 724 4281 entia
765 4223 978 4280 creata
1018 4218 1308 4300 quaedam
1354 4224 1504 4280 sunt
1550 4216 1840 4280 substan-
1867 4223 1916 4286 D

337 4317 528 4391 tialia‚
563 4316 858 4398 quaedam
893 4315 1308 4378 accidentalia
1339 4333 1354 4376 z
1387 4333 1488 4378 res
1519 4316 1694 4377 enim
1725 4335 1840 4398 per

339 4435 400 4478 se
443 4423 690 4478 stantes
733 4413 1185 4476 substantiales
1231 4421 1401 4475 sunt.
1449 4413 1576 4476 Ens
1624 4421 1838 4478 autem

338 4523 396 4576 et
444 4513 692 4576 bonum
745 4519 1208 4576 convertuntur
1241 4529 1254 4574 :
1291 4519 1438 4574 sunt
1475 4529 1628 4592 ergo
1673 4511 1841 4576 inter

339 4621 544 4676 creata
587 4611 882 4695 quaedam
925 4610 1370 4674 substantialia
1409 4610 1593 4672 bona.

415 4711 536 4774 Sed
583 4709 956 4784 dicendum,
989 4709 1158 4791 quod
1203 4707 1622 4770 substantiale
1668 4727 1838 4770 nunc

339 4817 661 4892 sumptum
697 4815 795 4870 est
826 4825 942 4889 pro
965 4825 1080 4889 per
1112 4825 1181 4868 se
1211 4814 1274 4868 et
1302 4805 1725 4868 essentialiter
1753 4814 1840 4867 ta·

341 4908 400 4970 li.
437 4907 508 4970 Ei
541 4915 762 4970 autem
811 4906 982 4987 quod
1011 4911 1109 4967 est
1139 4923 1255 4987 per
1285 4923 1351 4966 se
1381 4912 1444 4966 et
1474 4923 1588 4986 per
1630 4923 1840 4966 essen·

339 5007 514 5080 tiam,
563 5005 915 5086 opponitur
969 5003 1136 5084 quod
1186 5009 1284 5064 est
1327 5021 1439 5084 per
1485 5001 1678 5063 aliud.
1727 5004 1840 5065 Ac-

340 5104 558 5166 cidens
589 5102 870 5184 denique
903 5117 1031 5162 uno
1061 5099 1251 5162 modo
1279 5098 1688 5161 accidentalis
1718 5098 1841 5162 sor·

339 5221 434 5264 ma
461 5201 872 5282 dicitur,quae
903 5199 968 5260 in
997 5187 1226 5278 gener'e
1255 5196 1602 5259 accidentis
1630 5196 1841 5280 aliquo

343 5301 604 5385 ponitur
651 5317 664 5362 :
711 5299 805 5360 sic
848 5305 1062 5360 autem
1107 5295 1419 5359 bonitates
1462 5295 1843 5359 substantia-

1948 3137 2381 3201 extrinsecum
2431 3137 2783 3220 quidquam
2835 3139 3339 3222 imperfectionis
3395 3138 3454 3202 ei

1949 3237 2321 3317 contingere
2367 3243 2617 3318 potest3
2650 3244 2714 3298 et
2757 3254 2957 3318 quum
2997 3237 3081 3298 sit
3120 3237 3257 3320 ipse
3288 3239 3453 3300 Deus

1947 3335 2161 3396 omnis
2208 3335 2509 3397 bonitatis
2552 3333 2999 3396 inenarrabilis
3044 3353 3253 3409 causa,
3295 3336 3455 3417 opti-

1951 3451 2053 3495 me
2095 3432 2727 3515 supersubstantialis
2772 3431 3023 3495 bonitas
3070 3435 3447 3517 appellatur.

2302 3693 2796 3758 ARTICULUS
2844 3694 3095 3759 XXVI.

1951 3843 2134 3910 Quod
2176 3841 2615 3901 necessarium
2658 3841 2768 3910 sit,
2816 3841 2989 3900 hunc
3029 3843 3347 3901 mundum
3388 3851 3450 3902 et

2029 3931 2359 4008 quidquid
2399 3930 2467 3986 in
2512 3930 2819 3987 universo
2862 3938 3231 3988 contentum
3261 3938 3378 4000 est,
3408 3949 3450 3989 a

2019 4021 2241 4094 primo
2282 4018 2682 4094 processisse.

2095 4214 2385 4280 L'ONIAM
2434 4215 2697 4298 quidem
2756 4213 2821 4276 in
2884 4213 3293 4280 universitate
3352 4235 3448 4281 re-

1957 4213 2086 4416 Q
2123 4332 2265 4376 rum
2325 4313 2481 4377 ordo
2530 4320 2625 4376 est
2690 4312 2770 4375 ab
2825 4311 3055 4376 infimo
3110 4332 3313 4395 usque
3367 4314 3449 4379 ad

1950 4433 2325 4496 supremum
2395 4431 2511 4496 per
2585 4410 2873 4475 ordinata
2941 4411 3171 4486 media,
3238 4413 3447 4476 eluce-

1949 4513 2069 4574 scit
2125 4519 2189 4574 et
2244 4513 2506 4576 omnino
2556 4510 2765 4592 palam
2817 4517 2913 4572 est
2966 4510 3447 4575 universitatem

1950 4611 2377 4673 secundorum
2428 4609 2646 4670 reduci
2698 4608 2761 4670 in
2806 4607 3109 4690 primum.
3157 4610 3225 4671 In
3272 4609 3449 4674 omni

1950 4727 2228 4790 namque
2276 4707 2499 4770 ordine
2558 4705 2936 4787 ignobiliora
2992 4715 3451 4772 convertuntur

1947 4808 2026 4870 ad
2070 4805 2469 4878 sublimiora,
2501 4812 2805 4886 tanquam
2847 4803 2923 4866 ad
2964 4805 3060 4866 sui
3102 4805 3450 4887 perfectiva

1951 4905 2270 4988 principia
2312 4920 2325 4964 :
2373 4901 2917 4984 quemadmodum
2962 4901 3027 4964 in
3073 4904 3447 4984 corporibus

1949 5003 2165 5066 omnia
2194 5001 2387 5082 hujus
2420 4999 2642 5062 mundi
2674 5016 2937 5081 corpora
2966 4999 3042 5061 ad
3075 5019 3450 5083 supermun-

1950 5103 2187 5164 danum
2263 5116 2497 5180 eorpus
2564 5105 3071 5178 convertuntur;
3142 5101 3445 5180 quoniam

1949 5203 2199 5280 oportet
2256 5193 2429 5257 hunc
2488 5195 2799 5257 mundum
2867 5195 3239 5277 contiguum
3306 5217 3446 5262 esse

1951 5292 2297 5358 lationibus
2328 5293 2754 5375 superiorum,
2788 5300 2858 5354 ut
2894 5298 3026 5356 tota
3063 5294 3204 5376 ejus
3242 5297 3447 5364 virtus
