4300 6259
159 3047 318 3076 “1111
323 3065 338 3075 .

1201 521 1622 568 anNTA'rlo
1661 521 2058 570 Tnuotooica.
2105 539 2187 551 —-
2228 521 2307 570 DE
2350 523 2770 572 sacuaum'rls

3422 507 3537 571 211

422 685 857 751 confessionis
876 689 1206 752 audaciam
1230 691 1450 772 :cujus
1474 691 1934 773 impedimenta
1959 690 2012 755 A
2041 691 2212 764 ldeo,
2235 691 2403 754 sicut
2434 693 2633 756 semel
2663 712 2731 756 se
2762 693 2827 755 in
2863 709 3053 755 cruce
3074 691 3419 756 visibiliter
3438 691 3545 756 ob-

424 794 584 848 sunt
639 787 834 849 timor
881 794 945 849 et
993 788 1220 870 pudor,
1273 789 1385 870 qui
1437 777 1500 850 in
1550 789 1758 852 fronte
1819 807 1934 871 per

425 883 636 966 ipsius
669 884 974 967 pallorem
1004 893 1068 948 et
1098 885 1398 949 ruborem
1441 889 1825 969 panduntur.
1861 888 1929 949 ln

426 981 686 1044 Ordinis
723 990 938 1045 autem
981 984 1390 1066 susceptione
1437 985 1511 1047 fit
1549 985 1768 1048 unctio
1814 985 1933 1047 ista

427 1079 500 1142 in
522 1079 933 1154 manibuS,ad
967 1080 1376 1163 figurandum
1411 1083 1760 1164 potentiam
1791 1099 1935 1146 con-

429 1178 808 1241 secrationis
867 1178 1178 1242 dominici
1237 1181 1547 1263 corporis,
1607 1181 1760 1264 quia
1817 1199 1932 1263 per

431 1295 698 1339 manum
739 1276 1108 1358 designatur
1149 1285 1446 1360 potestas.

723 1485 1248 1554 PROPOSITIO
1295 1487 1626 1552 CXXXV.

514 1671 610 1737 In
691 1669 880 1736 aliis
957 1669 1481 1736 sacramentis
1559 1669 1932 1736 christus

431 1769 900 1834 virtualiter
927 1782 1071 1848 per
1111 1780 1296 1832 suos
1333 1767 1794 1834 continetur
1821 1766 1930 1834 ef-

2042 789 2189 851 tulit
2219 788 2347 851 Deo
2387 789 2554 852 Patri
2594 807 2711 871 pro
2749 796 2965 853 nostra
3001 789 3542 864 reconciliatione,

2039 886 2243 967 gratia
2273 894 2336 949 et
2367 886 2602 966 salute3
2636 887 2723 949 ita
2756 887 3032 950 instituit
3061 906 3129 949 se
3158 887 3446 970 quotidie
3477 888 3545 949 in

2041 983 2162 1046 hoc
2218 993 2617 1048 sacramento
2675 983 3089 1048 invisibiliter
3137 1003 3254 1067 pro
3299 986 3545 1049 eisdem

2042 1081 2253 1144 causis
2312 1100 2515 1163 usque
2564 1083 2628 1145 in
2680 1082 2882 1146 finem
2931 1083 3146 1146 saeculi
3209 1083 3545 1147 immolan-

2041 1179 2220 1253 dum,
2254 1181 2783 1256 consecrandum,
2824 1180 3247 1254 tractandum,
3288 1199 3546 1245 sumen-

2044 1277 2222 1351 dum,
2270 1278 2617 1352 edendum,
2668 1279 2746 1342 ad
2797 1279 3149 1342 maximum
3210 1287 3275 1342 et
3332 1279 3543 1343 excel-

2043 1374 2473 1438 lentissimum
2555 1376 2667 1440 Dei
2743 1377 3075 1451 honorem,
3149 1377 3403 1441 laudem
3482 1385 3546 1442 et

2039 1472 2333 1554 gloriam,
2366 1474 2690 1557 totiusque
2720 1493 2852 1539 suae
2881 1475 2959 1538 ad
3000 1493 3116 1539 nos
3156 1475 3543 1550 dilectionis,

2043 1571 2319 1654 pietatis,
2366 1571 2827 1638 munificentiae
2870 1575 3546 1638 commemorationem

2041 1676 2106 1730 et
2150 1670 2687 1752 regratiationem,
2730 1670 2814 1734 ob
2864 1670 3255 1754 multiplices
3292 1690 3549 1755 quoque

2041 1767 2403 1830 animarum
2456 1774 2817 1831 nostrarum
2872 1768 3222 1851 profectus,
3272 1786 3427 1852 opes
3484 1777 3549 1832 et

431 1866 734 1948 fectum
780 1867 864 1932 in
923 1865 1448 1933 Eucharistiae
1503 1867 1772 1932 autem
1819 1880 1930 1934 sa-
1963 1869 2012 1934 B
2042 1866 2277 1949 gratias
2308 1865 2727 1930 ineffabiliter
2754 1868 3025 1948 grandes
3055 1875 3120 1933 et
3148 1868 3456 1951 copiosas.

431 1968 841 2032 eramento
880 1979 1094 2044 vere,
1131 1963 1774 2030 substantialiter
1815 1965 1934 2031 in·

433 2062 1418 2144 comprehensibiliterque
1460 2064 1850 2130 consistit.

518 2163 692 2236 Quod
736 2169 854 2234 est,
885 2161 1037 2242 quia
1081 2161 1145 2222 in
1191 2161 1367 2224 omni
1413 2161 1827 2224 universitate
1871 2169 1937 2224 et

431 2278 690 2342 genere,
741 2259 852 2322 ubi
911 2259 1096 2341 plura
1155 2257 1575 2320 inveniuntur
1621 2259 1772 2321 talia
1821 2278 1936 2341 per

435 2357 1015 2439 participationem,
1057 2363 1152 2417 est
1191 2373 1392 2417 unum
1443 2355 1568 2418 tale
1607 2374 1722 2438 per
1763 2375 1827 2418 se
1871 2363 1936 2418 et

431 2474 620 2518 suam
665 2454 1030 2518 essentiam.
1078 2453 1298 2518 Cetera
1342 2470 1495 2516 vero
1541 2461 1936 2517 sacramenta

431 2561 588 2616 sunt
615 2561 852 2626 sancta,
886 2571 1014 2616 non
1046 2552 1328 2635 perfecte
1359 2551 1752 2615 formaliter:
1786 2551 1938 2635 quia

433 2651 802 2732 subjectum
833 2651 1050 2732 gratiae
1079 2669 1152 2713 ac
1183 2651 1438 2713 virtutis
1468 2659 1532 2712 et
1561 2650 1932 2724 sanctitatis,

433 2767 566 2812 non
631 2756 726 2811 est
781 2749 908 2811 nisi
969 2748 1294 2810 rationalis
1353 2747 1936 2830 intellectualisque

431 2855 744 2910 creatura.
791 2848 1246 2910 Verumtamen
1287 2847 1490 2927 gratia
1537 2847 1601 2908 in
1651 2847 1796 2910 aliis
1840 2865 1936 2910 sa-

391 2946 779 3012 .cramentis
826 2945 1044 3028 aliquo
1089 2944 1278 3007 modo
1324 2953 1444 3018 est,
1493 2945 1663 3008 sicut
1718 2952 1937 3027 praeta-

2123 1965 2205 2026 At
2242 1983 2395 2027 vero
2434 1965 2697 2027 materia
2736 1965 3119 2028 sacramenti
3158 1965 3355 2047 hujus
3399 1973 3549 2030 sunt

2045 2063 2229 2145 panis
2292 2062 2582 2125 triticeus
2641 2071 2704 2126 et
2747 2064 2973 2126 vinum
3022 2064 3195 2138 vitis,
3244 2064 3331 2127 ita
3378 2064 3547 2147 quod

2046 2162 2231 2243 panis
2260 2159 2898 2225 transsubstantiatur
2924 2162 3379 2244 omnipotentis
3404 2163 3547 2227 Cre-

2044 2260 2241 2322 atoris
2272 2259 2509 2322 virtute
2553 2260 2619 2322 in
2661 2260 2897 2324 Christi
2933 2277 3189 2344 corpuS,
3222 2268 3285 2324 et
3322 2261 3547 2325 vinum

2047 2356 2112 2420 in
2164 2357 2541 2439 sanguinem
2592 2357 2733 2438 ejus
2778 2374 2792 2420 ε
2837 2359 2930 2421 sic
2980 2358 3152 2440 quod
3198 2359 3439 2422 directe
3486 2366 3553 2422 et

2049 2473 2165 2538 per
2192 2475 2260 2518 se
2290 2475 2368 2518 ex
2398 2457 2463 2519 vi
2495 2456 3091 2531 conversionis‚sub
3122 2458 3337 2540 specie
3370 2458 3553 2541 panis

2049 2560 2297 2616 tantum
2343 2561 2440 2616 est
2482 2571 2715 2636 corpus
2767 2555 3187 2630 dominicum,
3234 2555 3553 2619 concomi-

2046 2658 2255 2715 tanter
2312 2669 2465 2715 vero
2522 2660 2587 2714 et
2640 2652 2883 2716 directa
2928 2653 3210 2735 sequela,
3262 2661 3413 2716 sunt
3462 2653 3553 2718 ibi

2046 2750 2307 2831 sanguis
2356 2757 2421 2812 et
2460 2751 2675 2814 anima
2723 2751 2979 2826 Christi,
3025 2769 3099 2814 ac
3143 2752 3343 2814 deitas
3386 2752 3550 2834 ejus,

2046 2866 2160 2910 seu
2212 2848 2493 2911 increata
2540 2848 2732 2912 Verbi
2778 2849 3000 2912 aeterni
3050 2867 3361 2932 persona;
3406 2868 3552 2914 con-

2050 2947 2345 3010 formiter
2392 2947 2513 3010 sub
2562 2946 2779 3030 specie
2828 2947 2987 3022 vini,
3040 2967 3119 3010 ex
3164 2949 3230 3010 vi
3289 2967 3552 3012 conver-

431 3052 613 3106 etum
653 3051 772 3116 est,
807 3061 922 3125 per
965 3061 1106 3105 esse
1151 3043 1516 3117 remissum,
1551 3043 1822 3106 virtuale
1861 3063 1934 3107 ac
1966 3042 2010 3106 C
2047 3045 2247 3108 sionis
2296 3051 2361 3108 et
2408 3045 2816 3120 sacramenti,
2860 3053 2957 3108 est
2994 3046 3253 3128 sanguis
3293 3046 3549 3122 Christi,

431 3141 666 3205 debile.
697 3142 890 3205 Porro
919 3140 986 3203 in
1017 3141 1135 3204 hoc
1167 3148 1587 3215 sacramente,
1621 3141 1764 3204 fons
1801 3159 1934 3205 om-

429 3241 534 3302 nis
573 3239 792 3321 gratias
836 3258 912 3301 ac
959 3238 1216 3301 virtutis
1265 3239 1554 3302 Christus
1601 3239 1932 3315 Dominus,

427 3339 598 3401 Deus
647 3355 840 3400 verus
889 3344 954 3400 et
1001 3337 1196 3400 homo
1243 3335 1585 3419 perfectus,
1640 3355 1790 3401 vere
1839 3357 1934 3402 re·

427 3434 615 3497 aliter
669 3435 849 3498 adest
891 3450 906 3497 :
949 3434 1134 3515 cujus
1192 3434 1406 3497 anima
1465 3434 1932 3516 plenitudinem

429 3533 718 3595 continet
773 3531 1122 3614 gratiarum
1183 3529 1555 3594 formaliter.
1604 3533 1930 3609 Praeterea,

425 3639 906 3694 sacramentum
935 3629 1056 3692 hoc
1087 3628 1270 3692 cibus
1299 3636 1396 3692 est
1433 3636 1624 3711 atque
1670 3630 1934 3696 refectio

427 3729 968 3792 communicantis
1021 3744 1035 3790 ε
1078 3727 1298 3790 cibum
1349 3745 1502 3791 vero
1547 3736 1799 3810 oportet
1845 3729 1932 3792 ci-

427 3828 642 3890 bando
669 3826 928 3890 realiter
954 3826 1290 3908 applicari,
1317 3825 1510 3900 uniri,
1536 3826 1928 3892 inviscerari.

425 3926 750 4009 Amplius,
783 3924 956 3988 istud
1003 3931 1098 3987 est
1144 3931 1614 3988 sacramentum
1663 3945 1932 3990 summae

425 4032 490 4088 et
537 4023 1026 4107 perfectissimae
1075 4021 1392 4102 caritatis3
1425 4030 1800 4105 certumque
1837 4032 1935 4088 est

425 4122 600 4205 quod
633 4119 1082 4202 hujuscemodi
1125 4119 1354 4182 caritas
1398 4119 1622 4183 talisve
1664 4129 1929 4196 amator,

2049 3143 2555 3206 concomitanter
2591 3161 2745 3206 vero
2782 3161 3039 3228 corpus,
3072 3145 3289 3208 anima
3326 3152 3392 3208 et
3420 3145 3553 3208 dei-

2045 3250 2141 3304 tas
2185 3241 2345 3323 ejus.
2384 3241 2671 3324 Denique
2710 3242 3001 3306 Christus
3041 3243 3109 3305 in
3152 3252 3553 3308 sacramento

2045 3338 2191 3414 hoc,
2244 3347 2339 3402 est
2400 3339 2771 3422 corporalis,
2832 3340 3359 3418 dimensionatus,
3422 3342 3553 3406 imo

2047 3445 2263 3500 tantus
2310 3444 2382 3499 ut
2429 3437 2495 3499 in
2546 3437 2733 3500 terris
2784 3455 3190 3512 conversans,
3244 3439 3312 3502 in
3361 3458 3552 3503 cruce

2046 3536 2357 3618 pendens,
2407 3543 2599 3618 atque
2648 3536 2715 3598 in
2763 3553 3019 3599 summo
3064 3537 3228 3601 coelo
3270 3537 3405 3618 jam
3462 3556 3557 3601 re·

2047 3633 2285 3708 sidens,
2334 3651 2455 3696 nec
2514 3633 2728 3696 minus
2778 3633 2987 3697 clarus
3046 3641 3113 3697 et
3171 3634 3423 3716 fulgens
3483 3635 3549 3699 in

2047 3731 2345 3795 manibus
2404 3731 2772 3806 sacerdotis,
2822 3750 3017 3814 quam
3076 3733 3141 3796 in
3198 3733 3429 3797 throno
3486 3741 3553 3796 et

2045 3830 2190 3893 sinu
2234 3829 2530 3892 altissimi
2575 3830 2792 3892 Patris,
2838 3831 3289 3893 Verumtamen
3342 3831 3405 3893 in
3454 3851 3552 3894 sa-

2045 3936 2371 3991 cramento
2428 3946 2557 3992 non
2605 3936 2701 3990 est
2746 3929 3190 4010 quantitativO,
3242 3946 3548 4011 corporeo

2043 4045 2118 4089 ac
2168 4024 2481 4089 divisibili
2532 4026 2739 4089 modo.
2791 4025 3033 4107 Nempe
3081 4027 3159 4089 ad
3212 4027 3543 4108 proprium

2045 4125 2259 4189 locum
2318 4133 2743 4206 comparatur,
2794 4130 2861 4186 et
2918 4124 2985 4186 in
3042 4141 3120 4187 eo
3176 4123 3543 4200 collocatur,

426 4237 841 4303 nequaquam
884 4225 1220 4282 contentus
1270 4224 1365 4280 est
1413 4236 1527 4280 sua
1577 4221 1930 4282 communi·
1963 4223 2012 4286 D
2045 4222 2619 4296 circumscribitur,
2654 4221 3019 4285 continetur
3061 4241 3177 4306 per
3218 4222 3545 4307 propriam

423 4337 575 4384 carc
621 4317 898 4392 dilectis,
946 4317 1070 4380 nisi
1115 4317 1568 4392 communicet,
1621 4318 1814 4382 donet
1856 4337 1932 4382 ac

423 4418 657 4482 intime
686 4417 868 4478 uniat
897 4415 1026 4478 illis
1057 4415 1251 4478 etiam
1282 4415 1720 4497 semetipsum.
1756 4416 1933 4480 Chri-

421 4525 566 4581 stus
595 4533 750 4597 ergo
778 4515 845 4577 in
873 4513 996 4578 hoc
1027 4513 1504 4596 supermirabili
1535 4522 1934 4579 sacramento

423 4623 524 4680 est
571 4615 754 4676 dator
800 4621 868 4676 et
908 4612 1174 4686 donum,
1233 4612 1526 4676 sacerdos
1581 4620 1646 4676 et
1703 4613 1926 4677 hostia.

421 4715 634 4788 Quum
679 4711 920 4774 etenim
963 4717 1222 4793 propter
1264 4727 1378 4772 nos
1421 4709 1786 4774 incarnatus
1825 4711 1930 4786 sit,

423 4821 490 4876 et
539 4812 758 4874 omnia
807 4829 1032 4893 passus
1077 4827 1152 4872 ac
1198 4816 1518 4891 operatus,
1564 4811 1937 4874 decentissi-

427 4930 612 4975 mum
667 4916 732 4972 et
777 4907 1413 4972 rationabilissimum
1461 4907 1587 4970 fuit
1635 4915 1708 4970 ut
1751 4910 1934 4991 quid-

429 5010 592 5094 quid
622 5011 700 5073 de
729 5015 951 5072 nostro
979 5008 1328 5090 assumpsit
1369 5014 1432 5070 et
1470 5007 1714 5082 habuit,
1751 5008 1936 5073 nobis

431 5109 948 5173 communicaret
995 5113 1058 5169 et
1103 5107 1482 5188 rependeret
1527 5107 1604 5170 ad
1655 5115 1932 5171 nostram

434 5205 1055 5288 salutem,omnique
1086 5205 1274 5268 modo
1304 5205 1597 5287 possibili
1629 5205 1939 5270 liberalis-

433 5307 604 5372 sime
633 5310 1056 5378 converteret,
1089 5303 1420 5366 exhiberet
1459 5323 1534 5366 ac
1579 5303 1934 5387 largiretur.

2044 4323 2489 4405 quantitatem,
2549 4320 3040 4397 dimensionem,
3099 4320 3418 4404 figuram3
3466 4323 3546 4386 ad

2044 4421 2483 4484 exsistentiam
2525 4437 2675 4484 vero
2724 4419 2791 4482 in
2840 4430 3258 4496 sacramento,
3300 4421 3545 4487 ratione

2045 4518 2505 4594 conversionis,
2538 4526 2603 4582 et
2641 4538 2757 4601 per
2794 4518 3041 4602 species
3080 4519 3319 4582 alienas
3360 4520 3545 4602 panis

2045 4619 2311 4700 vinique
2360 4625 2784 4692 remanentes,
2833 4636 2977 4700 quae
3025 4618 3331 4699 quamdiu
3380 4637 3549 4683 vera·

2047 4718 2207 4780 citer
2257 4723 2537 4790 manent,
2586 4723 2844 4778 manent
2893 4715 3013 4779 sub
3062 4717 3155 4778 eis
3205 4735 3437 4800 corpus
3482 4724 3549 4782 et

2047 4815 2305 4897 sanguis
2374 4813 2835 4896 Redemptoris.
2899 4815 2992 4877 Ad
3064 4833 3223 4896 quas
3298 4816 3545 4898 species

2048 4932 2163 4997 per
2203 4913 2381 4995 prius
2420 4920 2827 4994 comparatur
2862 4911 3221 4976 substantia
3261 4915 3547 4997 corporis

2049 5011 2282 5076 Christi
2329 5029 2404 5072 ac
2450 5009 2781 5091 sanguinis
2829 5010 2992 5091 ejus,
3044 5029 3238 5092 quam
3286 5013 3549 5096 propria

2047 5110 2369 5194 quantitas
2428 5125 2693 5187 eorum3
2746 5109 2977 5172 deinde
3036 5112 3296 5193 propria
3350 5131 3549 5196 quan·

2048 5209 2197 5271 titas
2236 5208 2461 5271 horum
2500 5207 3021 5283 concomitanter,
3054 5227 3252 5290 quum
3290 5229 3419 5274 non
3462 5213 3548 5276 sit

2054 5307 2311 5370 realiter
2366 5312 2653 5389 separata
2706 5304 2788 5368 ab
2846 5305 2973 5370 illis
3026 5323 3041 5370 ε
3093 5315 3429 5392 propterea
3476 5311 3545 5381 in
