4300 6259
1298 514 1721 562 naalma-rio
1760 513 2161 562 mmmmm.
2206 531 2288 545 -
2325 513 2406 562 ns
2447 515 2707 564 anesus
3443 500 3560 566 173

436 685 939 748 conversionem
990 685 1065 748 ad
1126 685 1325 746 Deum
1384 703 1501 767 per
1556 685 1882 747 caritatem
1934 699 1949 745 :
1984 683 2035 746 A
2067 695 2260 766 queat
2289 686 2418 749 Deo
2448 687 2732 771 placer03
2759 704 2876 750 nec
2907 685 3042 750 sola
3069 685 3344 748 naturali
3373 685 3560 748 ratio-

434 801 685 866 nempe
714 783 794 847 ad
824 785 998 868 quod
1028 802 1095 847 se
1126 783 1335 866 primo
1363 789 1839 856 converterunt,
1872 782 1951 844 ad

428 881 511 942 id
540 901 613 944 se
640 882 921 945 totaliter
961 889 1025 945 et
1067 883 1311 963 integre
1350 889 1823 945 converterunt.
1859 879 1951 942 Ad

426 980 621 1060 quod
664 979 769 1042 isti
816 980 1225 1062 respondent,
1258 979 1427 1062 quod
1473 980 1683 1061 primo
1728 994 1951 1040 omnes

424 1094 514 1138 se
565 1086 1019 1140 converterunt
1066 1095 1144 1140 ex
1192 1077 1453 1139 caritate
1498 1077 1578 1138 ad
1628 1077 1854 1150 Deum,
1886 1081 1951 1138 et

423 1173 913 1238 beatitudinem
943 1183 1351 1253 meruerunt3
1386 1193 1513 1238 non
1554 1183 1769 1237 tamen
1806 1191 1948 1256 pro-

424 1273 625 1334 tinus
670 1291 891 1336 omnes
942 1273 1109 1336 beati
1160 1271 1379 1335 effecti
1428 1280 1600 1346 sunt,
1642 1272 1947 1354 quoniam

422 1372 709 1452 quidam
742 1390 965 1436 eorum
1002 1390 1147 1435 mox
1174 1377 1613 1454 apposuerunt
1656 1369 1947 1433 obstacu-

426 1468 587 1532 lum
656 1470 1195 1551 transgrediendo,
1267 1469 1442 1544 Quod
1510 1485 1636 1531 non
1694 1467 1951 1531 videtur

426 1567 679 1630 idonee
706 1568 951 1630 dictum
984 1585 999 1630 ε
1034 1567 1335 1650 quoniam
1366 1568 1533 1630 Deus
1564 1566 1784 1630 influit
1814 1566 1950 1628 uni-

424 1666 689 1749 cuique
733 1667 1087 1728 secundum
1136 1684 1319 1728 suam
1368 1665 1808 1748 capacitatem,
1860 1665 1952 1728 di·

422 1765 759 1845 gnitatem
805 1773 869 1827 et
918 1765 1240 1827 meritum.
1285 1764 1349 1828 Si
1398 1781 1551 1845 ergo
1596 1764 1803 1847 angeli
1856 1783 1949 1826 re-

2063 802 2143 846 ne
2191 793 2539 867 potuerunt
2591 803 2972 868 cognoscere
3023 784 3398 867 mysterium
3457 804 3558 847 su-

2064 882 2566 963 perbeatissimae
2609 885 2955 948 Trinitatis.

2391 1090 2911 1156 PROPOSITIO
2960 1091 3230 1155 LXXV.

2141 1274 2424 1356 A11qu1
2474 1275 2944 1354 angelornm
2986 1291 3170 1343 mox
3212 1277 3392 1358 post
3432 1292 3558 1343 su-

2059 1385 2192 1438 am
2222 1375 2704 1442 creationem
2739 1389 2882 1457 per
2912 1373 3368 1456 superbiam
3396 1390 3562 1442 cor-

2059 1473 2422 1538 ruerunt.

2140 1570 2317 1643 Quod
2367 1577 2484 1644 est,
2527 1571 2830 1652 quoniam
2881 1571 3322 1652 cognoscendo
3370 1589 3438 1634 se
3494 1578 3560 1634 et

2060 1685 2318 1731 omnem
2367 1669 2812 1733 excellentiam
2861 1671 2956 1733 eis
3004 1671 3280 1752 desuper
3328 1671 3558 1734 condo-

2060 1775 2298 1839 natam,
2349 1785 2476 1830 non
2537 1768 2895 1832 retulerunt
2943 1788 3010 1832 se
3059 1769 3138 1831 ad
3196 1768 3554 1832 Creatorem

426 1863 639 1945 probi
715 1863 1048 1927 actualiter
1116 1864 1501 1926 meruissent
1574 1861 1947 1926 felicitatem
1976 1863 2025 1926 B
2060 1883 2208 1926 cum
2241 1864 2470 1928 humili
2503 1867 2936 1948 recognitione
2961 1875 3026 1930 et
3054 1886 3204 1930 vera
3231 1868 3561 1948 gratitudi-

420 1970 775 2036 aeternam,
828 1963 1015 2036 Deus,
1066 1969 1135 2024 ut
1181 1969 1467 2045 apparet,
1516 1961 1609 2024 eis
1658 1961 1949 2042 protinus

424 2059 811 2123 influxisset
838 2059 1309 2134 salutem,sicut
1336 2067 1401 2121 et
1428 2059 1589 2122 aliis.
1606 2059 1743 2122 Non
1774 2060 1947 2122 enim

418 2159 675 2221 eodem
722 2159 985 2222 instanti
1028 2165 1375 2241 potuerunt
1428 2157 1659 2220 mereri
1721 2165 1787 2219 et
1846 2157 1949 2220 de-

422 2257 683 2320 mereri
716 2275 731 2318 :
764 2274 917 2338 ergo
954 2257 1007 2318 si
1042 2263 1488 2339 peccaverunt,
1522 2263 1663 2338 post
1705 2255 1947 2319 instans

422 2355 790 2419 meritoriae
821 2353 1259 2418 conversionis
1289 2359 1731 2436 peccaverunt,
1764 2360 1827 2415 et
1859 2353 1946 2415 ita

422 2455 515 2515 in
566 2452 663 2515 eis
711 2451 1047 2534 praemium
1104 2469 1233 2514 non
1290 2449 1521 2514 fuisset
1576 2450 1945 2514 immediate

420 2557 743 2613 secutum
792 2549 1187 2613 meritoriam
1235 2549 1741 2613 conversionem.
1790 2549 1947 2612 Prae-

420 2657 645 2722 terea,
684 2648 737 2710 si
776 2648 1033 2711 Lucifer
1072 2665 1141 2710 se
1184 2648 1602 2712 convertisset
1630 2647 1841 2731 primo
1868 2647 1947 2710 ad

419 2747 805 2810 Creatorem
862 2765 940 2808 ex
998 2747 1280 2819 caritate,
1340 2745 1668 2809 habuisset
1726 2747 1947 2829 utique

420 2843 951 2906 intensissimam
980 2844 1295 2906 actualem
1340 2843 1830 2907 delectationem
1866 2844 1946 2906 ad

416 2943 685 3024 ipsum,
728 2950 789 3003 et
830 2949 1007 3004 tanto
1052 2960 1182 3024 prae
1224 2941 1454 3006 ceteris
1496 2941 1945 3023 perfectiorem

2060 1981 2176 2042 ne;
2219 1965 2328 2026 sed
2369 1965 2435 2026 in
2475 1983 2544 2028 se
2581 1965 2738 2048 ipsis
2769 1966 3298 2048 complacentiam
3329 1985 3557 2030 vanam

2058 2061 2390 2134 habenteS,
2423 2062 2755 2144 proprium
2786 2064 3196 2146 appetierunt
3225 2063 3554 2140 bonorem,

2060 2159 2370 2222 malentes
2397 2160 2580 2241 juxta
2607 2162 2932 2244 propriam
2962 2163 3356 2227 voluntatem
3387 2163 3558 2228 vive-

2058 2272 2125 2317 re
2155 2262 2219 2317 et
2251 2274 2537 2337 regnare,
2562 2275 2754 2339 quam
2787 2277 2856 2321 se
2885 2259 3013 2322 Deo
3042 2259 3329 2322 ordinate
3358 2259 3560 2341 subji-

2056 2371 2224 2426 cere,
2247 2353 2518 2438 ejusque
2550 2355 2688 2438 lege
2717 2363 2908 2440 atque
2939 2357 3212 2439 imperio
3243 2359 3556 2421 moderari

2056 2469 2131 2514 ac
2175 2452 2538 2534 gubernari.
2573 2454 2732 2517 Hinc
2775 2455 3034 2538 proprie
3075 2455 3416 2538 loquendo,
3457 2473 3559 2520 eo-

2058 2569 2204 2612 rum
2237 2559 2570 2634 peccatum
2602 2551 2726 2616 fuit
2752 2554 3020 2617 ambitio
3053 2573 3068 2616 ε
3101 2555 3168 2617 in
3199 2572 3326 2637 quo
3357 2555 3556 2618 conti-

2058 2655 2294 2711 nentur
2321 2656 2385 2710 et
2423 2651 3054 2732 comprehenduntur
3093 2653 3342 2717 aversio
3385 2671 3559 2716 men·

2056 2745 2139 2807 tis
2197 2763 2418 2809 eorum
2469 2767 2505 2811 a
2555 2749 2703 2823 Deo,
2755 2750 3218 2832 complacentia
3274 2771 3436 2814 vana
3493 2753 3557 2814 in

2057 2862 2147 2916 se,
2212 2845 2600 2928 negligentia
2645 2847 2876 2912 debitas
2923 2849 3450 2914 considerationis
3497 2858 3562 2914 et

2056 2942 2381 3006 relationis
2427 2945 2526 3007 sui
2571 2945 2856 3028 ipsorum
2897 2965 3370 3032 munerumque
3419 2966 3562 3012 suo-

413 3049 503 3104 et
533 3040 987 3114 ardentiorem,
1022 3047 1260 3122 quanto
1288 3040 1417 3102 illis
1447 3040 1515 3102 in
1544 3040 1943 3104 naturalibus
1972 3039 2017 3104 C
2056 3059 2200 3102 rum
2251 3041 2328 3105 ad
2379 3042 2662 3125 primum
2721 3043 2990 3120 fontem,
3042 3046 3566 3110 munificentissi—

410 3148 641 3221 atque
665 3139 957 3219 gratuitis
990 3136 1117 3200 fuit
1144 3138 1489 3222 perfectior
1522 3139 1786 3221 :sicque
1816 3158 1945 3222 prae

409 3237 623 3303 omni
663 3244 951 3299 creatura
998 3244 1153 3300 tunc
1198 3235 1707 3319 perfectissimus
1754 3238 1944 3301 exsti-

412 3338 646 3398 tisset.
678 3335 1007 3408 Quomodo
1038 3352 1188 3417 ergo
1232 3335 1525 3417 protinus
1568 3337 1635 3398 in
1680 3335 1941 3399 instanti

408 3442 501 3498 et
532 3433 903 3496 immediate
934 3442 1079 3516 post
1108 3439 1347 3496 tantam
1380 3433 1659 3496 caritatis
1701 3441 1765 3496 et
1806 3451 1943 3515 gra-

410 3535 545 3596 tiae
592 3531 1077 3604 sublimitatem,
1110 3532 1189 3594 ad
1226 3539 1415 3594 tantae
1458 3531 1803 3614 impietatis
1842 3531 1946 3594 ba-

412 3631 733 3694 rathrum
790 3631 1179 3693 corruisset?
1238 3630 1589 3712 praesertim
1650 3649 1851 3712 quum
1910 3649 1949 3694 a

416 3729 707 3794 distanti
741 3729 805 3791 in
834 3728 1077 3790 distans
1106 3746 1233 3791 non
1256 3727 1369 3790 fiat
1387 3735 1597 3791 motus
1618 3738 1727 3791 aut
1748 3737 1946 3794 trans-

422 3833 578 3893 itus
632 3827 755 3890 nisi
814 3846 929 3910 per
988 3826 1295 3900 medium,
1356 3835 1427 3889 ut
1484 3827 1543 3891 S.
1608 3829 1947 3912 Dionysius

76 3964 163 4016 cf,
187 3961 257 4002 «ι,
276 3959 387 4001 coe-
424 3933 869 4012 protestatum
900 3932 1091 4008 atque
1121 3931 1193 3987 ut
1222 3924 1287 3986 in
1326 3924 1703 3990 Periarchon
1745 3927 1949 4010 loqui·

50 4028 168 4070 ¹⁴³²·
182 4026 385 4067 '‘m-⁶·
426 4036 556 4089 tur
586 4023 1141 4105 OrigeneS,nullus
1171 4039 1394 4086 eorum
1425 4023 1535 4105 qui
1568 4023 1633 4086 in
1666 4025 1950 4107 perfecto

52 4103 249 4132 'ffum-

422 4123 767 4188 exstiterit
805 4122 1027 4203 gradu,
1070 4121 1264 4184 simul
1308 4139 1381 4184 ac
1426 4120 1639 4184 subito
1682 4123 1948 4207 dissipa-

2056 3157 2236 3202 mum
2286 3140 2508 3204 Deum.
2553 3140 2839 3225 Denique
2893 3161 2970 3206 ex
3019 3163 3134 3208 sua
3179 3145 3454 3208 elatione
3499 3153 3564 3209 et

2056 3236 2472 3301 vitiosissima
2537 3238 2890 3304 ambitione
2959 3251 3426 3325 consequenter
3480 3245 3559 3306 ad

2060 3333 2482 3399 invidentiam
2517 3344 2670 3399 sunt
2700 3338 3002 3422 prolapsi.
3028 3339 3293 3422 Nempe,
3329 3347 3399 3402 ut
3429 3359 3564 3404 mo-

2057 3432 2145 3494 ris
2176 3440 2275 3496 est
2301 3435 2790 3499 ambitiosorum
2837 3444 3056 3500 contra
3087 3439 3362 3520 majores
3393 3459 3562 3502 mur-

2058 3549 2334 3604 murare,
2386 3540 2451 3594 et
2499 3533 2756 3597 illorum
2807 3535 3202 3601 excellentiae
3247 3537 3557 3613 invidere,

2056 3646 2130 3690 ac
2191 3629 2319 3692 illis
2376 3632 2698 3694 adversari
2757 3651 2794 3696 a
2851 3633 3088 3715 quibus
3155 3636 3562 3700 considerant

2058 3727 2218 3809 ipsis
2265 3745 2453 3809 posse
2499 3729 2732 3804 resisti,
2779 3749 2976 3813 seque
3017 3741 3235 3814 optato
3281 3734 3560 3814 primatu

2058 3843 2246 3907 posse
2279 3825 2612 3906 frustrari3
2648 3828 2732 3890 ita
2771 3829 3037 3911 spiritus
3083 3830 3174 3893 illi
3223 3832 3484 3912 maligni
3525 3852 3562 3894 a

2060 3924 2190 3987 Deo
2235 3926 2465 3999 aversi,
2517 3933 2581 3988 et
2627 3928 2705 3989 ad
2755 3945 2936 3990 suam
2999 3929 3560 3993 honorificentiam

2058 4023 2636 4106 excellentiamque
2683 4025 2930 4100 reflexi,
2975 4027 3236 4109 proprio
3280 4027 3557 4091 Creatori

2062 4119 2431 4183 inviderunt
2459 4121 2948 4203 quodammodo,
2983 4122 3104 4185 boc
3133 4129 3231 4184 est
3266 4125 3558 4207 omnipo-

420 4232 557 4287 tur
584 4239 661 4283 ac
690 4220 997 4304 perditur,
1020 4220 1131 4282 sed
1163 4219 1467 4302 paulatim
1500 4227 1565 4282 et
1596 4239 1709 4302 per
1739 4229 1947 4302 partes
1981 4221 2029 4284 D
2060 4217 2276 4281 tentiae
2305 4219 2468 4299 ejus,
2501 4237 2582 4281 ne
2612 4219 2706 4282 eis
2747 4219 3107 4296 obsisteret,
3139 4221 3408 4305 ejusque
3453 4223 3560 4287 bo-

424 4327 663 4405 potest
698 4318 1009 4381 evacuari.
1043 4318 1307 4381 Interim
1346 4326 1590 4381 constat
1628 4319 1797 4400 quod
1839 4338 1949 4382 an-

420 4417 577 4501 geli
622 4435 739 4499 per
779 4416 913 4478 sola
949 4416 1265 4479 naturalia
1300 4433 1427 4478 non
1468 4424 1815 4499 potuerunt
1852 4438 1951 4481 su-

424 4515 921 4601 pernaturalem
984 4513 1355 4578 felicitatem
1405 4516 1777 4596 promereri,
1828 4536 1947 4581 nec

424 4619 581 4681 Deo
610 4633 749 4676 esse
786 4613 1055 4695 accepti,
1088 4631 1207 4675 nec
1250 4612 1391 4676 sine
1433 4620 1609 4678 veste
1649 4616 1943 4697 nuptiali,

422 4731 595 4797 quae
642 4712 866 4774 caritas
913 4717 1031 4784 est,
1082 4711 1339 4794 nuptias
1396 4711 1613 4794 gloriae
1660 4713 1941 4777 introire.

424 4813 616 4890 Ergo
644 4810 697 4871 si
730 4810 793 4872 in
833 4809 1035 4890 gratia
1070 4826 1197 4872 non
1236 4807 1499 4871 fuerunt
1536 4811 1753 4882 creati,
1786 4811 1947 4873 obti-

422 4915 732 4975 nuerunt
778 4915 1277 4990 merueruntque
1320 4926 1463 4970 eam
1512 4907 1591 4970 de
1639 4925 1943 4989 congruo,

420 5008 623 5093 quod
655 5007 718 5068 in
752 5006 911 5088 ipsis
940 5011 1074 5068 erat
1100 5007 1521 5087 agend0,ante
1554 5006 1945 5070 meritoriam

418 5125 632 5173 suam
690 5105 1173 5168 conversionem
1222 5105 1301 5166 ad
1348 5104 1550 5166 Deum
1604 5121 1619 5166 ε
1672 5104 1823 5178 imo,
1874 5114 1947 5168 ut

416 5206 709 5292 quidam
774 5202 1123 5276 affirmant,
1182 5201 1543 5264 habuerunt
1599 5209 1664 5264 et
1720 5200 1941 5278 fidem,

422 5323 650 5394 quum
680 5302 927 5367 fuerint
956 5301 1244 5376 viatoreS‚
1262 5319 1381 5364 nec
1411 5301 1549 5364 sine
1580 5299 1713 5364 fide
1740 5300 1945 5365 viator

2062 4316 2200 4379 nori
2241 4335 2314 4378 ac
2353 4315 2592 4397 gloriae,
2625 4337 2707 4380 ne
2749 4319 2886 4402 ipse
2924 4319 3097 4383 solus
3135 4321 3440 4386 omnibus
3477 4324 3557 4386 ad

2061 4413 2366 4497 placitum
2399 4415 2853 4492 dominaretur,
2877 4426 2942 4481 et
2973 4419 3092 4501 ipsi
3124 4418 3560 4501 obligarentur

2060 4513 2200 4593 ejus
2235 4511 2482 4594 legibus
2513 4515 2648 4596 regi
2676 4534 2750 4578 ac
2781 4518 3111 4580 coarctari.
3145 4517 3306 4582 Hinc
3350 4521 3558 4602 priva-

2060 4618 2220 4686 tum,
2263 4620 2638 4696 usurpatum
2671 4614 3416 4701 inordinatissimumque
3456 4637 3562 4682 vo-

2061 4710 2318 4772 luerunt
2381 4730 2705 4774 assumere
2774 4713 3230 4796 principatum,
3293 4717 3557 4800 impiam

2060 4808 2444 4882 libertatem,
2524 4811 2928 4891 tyrannicum
3009 4830 3264 4896 quoque
3351 4816 3556 4898 impe·

2058 4927 2248 4971 rium.

2135 5006 2420 5080 Interim,
2453 5006 2748 5087 quamvis
2779 5009 3070 5070 nonnulli
3101 5010 3390 5074 doctores
3421 5013 3556 5096 opi-

2058 5105 2188 5168 nati
2229 5105 2378 5178 sint,
2414 5122 2936 5187 unumquemque
2981 5107 3399 5188 reproborum
3444 5130 3552 5174 an-

2054 5203 2342 5286 gelorum
2391 5221 2469 5264 ex
2519 5221 2586 5264 se
2641 5201 2780 5284 ipso
2834 5203 2972 5266 sine
3019 5205 3279 5269 alterius
3329 5227 3554 5292 sugge-

2054 5301 2260 5366 stione
2329 5307 2392 5364 et
2461 5301 2866 5384 instigatione
2932 5321 3115 5367 suam
3177 5308 3548 5392 concepisse
