4300 6259
536 960 663 1006 Rom.
699 971 758 1010 ιι,

495 1029 563 1072 ¹5.

784 463 902 531 150

862 651 1153 732 Insuper,
1196 657 1415 713 contra
1446 649 1925 733 responsionem
1960 666 2155 730 quam
2186 666 2280 710 se·
2311 648 2364 711 A

782 747 1005 830 quitur
1046 748 1339 822 ThomaS,
1385 747 1479 812 sic
1526 747 1736 830 arguit
1776 746 2218 810 Bonaventura
2266 763 2280 808 ε

782 846 1181 921 Ambrosius,
1242 848 1309 909 in
1364 847 1475 910 Dei
1528 845 1793 928 loquens
1842 862 2135 927 persona,
2186 863 2285 906 su-

786 962 901 1026 per
938 944 1273 1026 epistolam
1315 945 1393 1007 ad
1432 945 1743 1008 Romanos
1787 943 2011 1004 asserit
2054 959 2067 1004 :
2112 941 2286 1014 Dabo

783 1043 1052 1124 gratiam
1092 1043 1152 1106 ei
1192 1063 1385 1126 quem
1425 1044 1556 1106 scio
1594 1050 1725 1106 toto
1769 1042 1959 1106 corde
1997 1061 2284 1105 reversu-

784 1159 929 1202 rum
979 1142 1058 1203 ad
1103 1160 1205 1204 me
1254 1150 1397 1223 post
1447 1159 1749 1203 errorem.
1800 1140 2017 1221 ltaque
2062 1140 2284 1202 adver-

782 1239 1071 1313 tendum,
1104 1239 1275 1320 quod
1308 1239 1373 1302 in
1405 1239 1522 1301 hac
1565 1239 1913 1320 quaestione
1950 1255 2079 1300 non
2119 1257 2287 1319 quae·

782 1337 965 1410 ritur,
990 1344 1206 1398 utrum
1238 1345 1545 1400 aeternum
1583 1337 1692 1399 Dei
1726 1335 2146 1418 propositum,
2172 1354 2285 1397 seu

779 1433 1008 1498 electio
1063 1442 1174 1496 aut
1232 1435 1593 1517 reprobatio
1652 1435 1815 1514 ejuS,
1867 1433 2094 1496 habeat
2143 1452 2286 1494 cau-

780 1551 916 1594 sam
980 1540 1289 1614 quantum
1358 1533 1435 1594 ad
1502 1532 1895 1594 voluntatem
1967 1531 2101 1603 Dei,
2171 1549 2283 1592 seu

779 1639 995 1693 actum
1038 1631 1202 1710 ejuS,
1248 1650 1439 1712 quem
1482 1638 1729 1693 constat
1766 1648 1906 1691 esse
1950 1636 2282 1699 aeternum,

780 1729 891 1792 sed
950 1737 1258 1810 quantum
1320 1730 1397 1791 ad
1456 1729 1922 1792 ordinationem
1971 1728 2154 1790 voliti
2207 1728 2284 1790 ad

1453 482 1876 530 ELEMENTATIO
1916 480 2314 528 Tnnotomca.
2363 497 2441 510 ··-
2484 480 2564 526 DE
2605 479 2724 527 DEO
2765 478 2886 527 UNO
2928 477 3004 524 m·
3044 478 3228 526 'ramo

2821 649 3341 716 PROPOSITIO
3385 651 3466 714 L.

2474 845 2634 911 Nec
2665 845 3172 926 providentia
3189 843 3339 911 Dei
3367 841 3906 910 mutabilibus

2391 957 2485 1009 ac
2533 941 3184 1021 contingentibus
3224 941 3486 1022 imbue,
3516 956 3662 1007 nec
3706 955 3904 1022 pree·

2394 1040 2822 1107 destinatio
2851 1042 3146 1107 aeterna
3175 1038 3706 1106 rationalibus
3735 1052 3904 1104 cre·

2393 1139 2652 1205 aturis
2691 1140 3255 1206 necessitatem
3299 1138 3671 1220 imponit.

2473 1235 2649 1310 Quod
2694 1243 2810 1308 est,
2858 1236 3159 1318 quoniam
3205 1236 3518 1318 sapientia
3561 1236 3672 1298 Dei
3717 1242 3906 1299 aeter-

2393 1353 2493 1409 na,
2525 1341 2622 1396 est
2649 1334 2844 1396 totius
2873 1334 3116 1397 ordinis
3147 1353 3360 1398 rerum
3399 1352 3474 1396 ac
3512 1332 3906 1396 differentiae

2395 1432 2684 1494 omnium
2719 1432 3078 1513 specierum
3125 1451 3314 1495 causa
3353 1431 3635 1505 fontalia,
3667 1440 3732 1494 et
3759 1431 3910 1512 ipsa

2394 1528 2670 1591 instituit
2711 1529 3066 1592 naturalem
3114 1530 3361 1593 entium
3405 1548 3668 1592 cursum
3701 1545 3717 1591 ε
3753 1529 3908 1591 ideo

2395 1627 2533 1689 vult
2561 1634 2631 1688 ut
2664 1627 3167 1710 unumquodque
3202 1627 3522 1709 procedat,
3543 1634 3903 1700 moveatur,

2394 1725 2786 1806 gubernetur
2834 1734 2898 1789 et
2952 1734 3253 1807 operetur
3308 1726 3664 1789 secundum
3714 1743 3904 1787 suam

778 1826 1171 1890 voluntatem
1214 1827 1517 1890 divinam.
1554 1827 1630 1888 Et
1668 1826 1722 1888 si
1762 1833 2156 1909 quaereretur
2191 1844 2288 1888 ra-
2320 1823 2366 1886 B
2397 1831 2710 1896 naturam,
2786 1825 3200 1905 capacitatem
3276 1831 3340 1886 et
3417 1824 3901 1906 proprietatem.

777 1925 869 1986 tio
914 1925 1187 1988 causalis
1235 1933 1344 1987 aut
1395 1925 1742 1998 meritoria,
1794 1923 2288 2006 responderetur

780 2022 953 2104 quod
1012 2039 1139 2085 non
1199 2022 1428 2085 habeat
1486 2040 1766 2084 causam.
1818 2057 1900 2066 —
1949 2021 2013 2084 Si
2071 2029 2286 2083 autem

664 2197 667 2201 Ι
781 2127 1103 2201 quaeratur
1136 2121 1295 2182 ratio
1332 2119 1747 2202 congruitatis
1789 2127 1898 2182 aut
1936 2119 2286 2182 condecen-

491 4983 681 5036 Romm,
694 4987 760 5028 3³.

782 2217 909 2290 tiae,
971 2217 1235 2298 quidam
1296 2219 1703 2300 respondent,
1765 2217 1935 2299 quod
1992 2218 2287 2280 voluntas

784 2314 896 2376 Dei
943 2322 1039 2376 est
1081 2315 1204 2378 sibi
1247 2315 1371 2397 ipsi
1418 2334 1604 2378 causa
1648 2317 1759 2378 se'u
1807 2315 1989 2388 ratio,
2032 2334 2149 2378 nec
2194 2323 2291 2378 est

784 2412 911 2475 alia
966 2413 1127 2475 ratio
1183 2432 1298 2475 cur
1346 2414 1539 2476 istum
1591 2413 1805 2494 elegit,
1857 2413 1980 2476 nisi
2031 2413 2183 2494 quia
2230 2413 2288 2476 ei

788 2511 882 2572 sic
922 2509 1131 2592 placet
1165 2528 1179 2572 :
1213 2518 1278 2572 et
1320 2511 1456 2574 haec
1500 2518 1597 2574 est
1636 2510 1970 2572 sufficiens
2013 2529 2126 2592 per
2157 2527 2289 2572 om-

790 2607 896 2670 nia
954 2608 1137 2682 ratio,
1197 2609 1501 2691 quoniam
1565 2609 1703 2691 ipsa
1761 2617 1858 2672 est
1906 2627 2096 2670 causa
2144 2627 2293 2670 cau-

788 2726 1025 2781 sarum,
1059 2713 1123 2770 et
1153 2707 1311 2770 ratio
1349 2709 1665 2770 rationum
1692 2725 1709 2786 ;
1740 2716 1803 2770 et
1832 2725 1909 2771 eo
1938 2707 2079 2788 ipso
2120 2707 2289 2789 quod

788 2805 845 2867 ei
878 2805 973 2867 sic
1004 2804 1231 2887 placet,
1265 2814 1508 2868 rectum
1539 2812 1636 2869 est
1670 2814 1931 2889 propter
1968 2825 2288 2868 summam

786 2903 1237 2966 rectitudinem
1287 2903 1451 2984 ejuS,
1505 2923 1647 2985 quae
1697 2905 1889 2967 etiam
1946 2911 2043 2966 est
2099 2922 2291 2965 causa

2395 1921 2657 2002 Propter
2725 1921 2894 2002 quod
2957 1921 3238 1984 increata
3294 1921 3619 2003 Sapientia
3684 1920 3905 2003 perbi-

2397 2018 2585 2081 betur
2645 2019 2956 2100 attingere
3016 2038 3052 2081 a
3107 2019 3242 2082 fine
3299 2036 3504 2101 usque
3559 2019 3638 2082 ad
3695 2018 3902 2082 finem
3935 2031 4122 2088 εφη,

2397 2115 2664 2191 fortiter,
2715 2125 2906 2198 atque
2951 2117 3292 2200 disponere
3338 2117 3637 2180 universa
3692 2117 3906 2179 suavi-

2397 2222 2515 2289 ter,
2552 2215 2614 2277 id
2646 2221 2742 2277 est
2786 2215 3140 2277 secundum
3182 2215 3507 2297 propriam
3537 2233 3760 2278 eorum
3793 2229 3906 2276 na-

2398 2319 2629 2392 turam.
2691 2313 3028 2394 Quumque
3085 2312 3472 2376 differentiae
3536 2312 3701 2376 entis
3769 2313 3908 2375 sint

2397 2411 2831 2473 necessarium
2881 2418 2944 2473 et
3001 2411 3398 2493 contingenS,
3450 2410 3734 2473 naturale
3783 2430 3902 2473 seu

2399 2509 2888 2571 determinatum
2938 2509 3016 2571 ad
3069 2528 3292 2582 unum,
3338 2517 3402 2570 et
3449 2507 3908 2571 indetermina-

2400 2613 2536 2668 tum
2585 2625 2661 2668 ac
2711 2607 3012 2680 liberum,
3063 2606 3387 2669 uniforme
3434 2615 3497 2671 et
3546 2606 3903 2685 mutabile;

2400 2705 2597 2785 exigit
2639 2705 2793 2768 ordo
2833 2723 3071 2779 rerum,
3115 2704 3247 2767 imo
3295 2712 3359 2767 et
3395 2712 3615 2768 auctor
3657 2713 3904 2768 naturae

2401 2803 2464 2865 id
2520 2802 2727 2883 jubet,
2777 2811 2846 2864 ut
2905 2803 3194 2884 quaedam
3253 2804 3614 2866 necessario
3658 2802 3906 2865 unifor-

2401 2900 2718 2981 miterque
2765 2901 3162 2982 proveniant,
3212 2901 3504 2983 quaedam
3553 2918 3706 2964 vero
3751 2918 3904 2963 con-

784 3007 849 3062 et
880 3000 1097 3082 regula
1134 3001 1345 3063 omnis
1385 3001 1539 3064 recti
1580 3001 1861 3064 alterius.
1898 3001 2019 3064 Sed
2063 3019 2288 3063 caven·
2325 2997 2368 3060 C
2399 2998 2717 3078 tingenter
2765 3016 2840 3060 ac
2888 2998 3109 3072 libere,
3154 2999 3437 3080 itemque
3485 2998 3898 3062 difformiter.

783 3097 937 3159 dum
999 3116 1079 3159 ne
1138 3098 1290 3160 dum
1355 3099 1463 3161 Dei
1522 3099 1916 3162 voluntatem
1985 3098 2287 3161 volumus

783 3196 1255 3270 commendare,
1300 3196 1679 3276 derogemus
1724 3197 1955 3259 eidem.
2004 3196 2067 3258 Si
2110 3197 2285 3258 enim

782 3311 910 3356 non
967 3301 1135 3356 esset
1190 3292 1315 3354 alia
1373 3311 1562 3356 causa
1620 3313 1817 3376 quare
1864 3294 2032 3356 Deus
2090 3295 2285 3356 istum

782 3391 994 3472 elegit,
1028 3408 1155 3453 non
1189 3391 1396 3465 illum,
1445 3392 1569 3454 nisi
1617 3393 1767 3473 quia
1810 3391 1867 3454 ei
1915 3391 2006 3454 sic
2053 3391 2284 3473 placet,

779 3487 912 3569 jam
960 3488 1072 3550 Dei
1122 3488 1368 3568 judicia
1415 3507 1539 3552 non
1590 3496 1805 3551 essent
1851 3489 2121 3562 occulta,
2175 3489 2284 3551 sed

784 3586 1145 3658 manifesta,
1218 3605 1420 3668 quum
1494 3587 1937 3669 unusquisque
2010 3585 2286 3648 faciliter

782 3685 947 3747 hanc
987 3683 1189 3766 possit
1229 3684 1585 3766 intelligere
1627 3685 1978 3764 rationem3
2014 3703 2131 3747 nec
2174 3683 2287 3747 Dei

779 3782 1025 3864 judicia
1081 3782 1448 3845 dicerentur
1506 3782 1847 3856 mirabilia,
1898 3784 2007 3846 sed
2066 3783 2290 3845 volun-

784 3880 963 3944 taria.
1012 3880 1099 3944 De
1146 3880 1263 3942 hac
1309 3899 1375 3943 re
1420 3880 1644 3942 scribit
1685 3881 2127 3944 Bonaventura
2173 3881 2291 3944 dif-

785 3978 929 4041 fuse
964 3996 989 4041 :.
1012 3979 1090 4041 de
1139 3979 1375 4060 quibus
1421 3987 1813 4060 pertranseo,
1852 3979 2154 4061 quoniam
2188 3999 2290 4041 su-

706 4108 761 4146 u,
788 4096 904 4160 per
935 4077 1215 4158 primum
1248 4077 1718 4140 Sententiarum
1750 4085 1879 4138 tam
1919 4077 2059 4157 ejus
2099 4098 2290 4159 quam

2399 3097 2706 3178 Denique,
2743 3097 2946 3158 virtus
2993 3103 3056 3158 et
3104 3097 3443 3160 influentia
3490 3098 3900 3179 superiorum

2400 3212 2760 3267 causarum,
2805 3194 2870 3256 in
2917 3194 3330 3258 inferioribus
3379 3203 3444 3256 et
3491 3196 3764 3258 causatis
3807 3214 3904 3258 re-

2399 3292 2638 3373 cipitur
2687 3293 3040 3354 secundum
3097 3292 3583 3374 dispositionem
3642 3300 3703 3355 et
3763 3311 3902 3356 mo-

2399 3390 2551 3452 dum
2614 3389 3012 3462 inferiorum,
3069 3391 3135 3452 in
3194 3390 3432 3473 quibus
3481 3392 3746 3454 materia
3803 3400 3902 3455 est

2397 3487 2846 3569 contingentiae
2875 3488 3074 3561 radix,
3093 3497 3154 3551 et
3185 3489 3360 3551 varia
3387 3488 3904 3563 habitudo,com-

2398 3585 2631 3666 plexio,
2676 3585 3060 3648 difformitas
3109 3593 3172 3649 et
3220 3586 3528 3658 influxus,
3573 3587 3904 3650 diversita-

2397 3690 2527 3746 tem
2559 3692 2823 3746 causant
2855 3685 3278 3766 multiplicem
3309 3703 3383 3748 ac
3411 3671 3786 3749 differentes
3813 3686 3903 3749 ef·

2397 3781 2627 3854 fectus,
2676 3782 2761 3844 ita
2807 3783 2976 3864 quod
3022 3782 3361 3846 influentia
3404 3803 3530 3846 una
3575 3783 3896 3848 interdum

2402 3879 2670 3960 impedit
2700 3879 3005 3942 effectum
3049 3880 3332 3944 alterius.
3367 3882 3502 3944 Imo
3543 3900 3658 3964 per
3693 3891 3898 3946 artem

2401 3979 2697 4041 obviatur
2724 3987 2786 4042 et
2827 3978 3206 4060 praevaletur
3243 3979 3586 4043 influxioni
3626 3980 3894 4045 coelesti.

2401 4077 2660 4158 Propter
2706 4077 2875 4158 quod
2927 4076 3171 4140 dictum
3221 4085 3337 4150 est,
3384 4078 3650 4161 Sapiens
3695 4080 3898 4143 domi-

788 4175 1061 4238 aliorum
1112 4174 1352 4256 scripta
1397 4174 1737 4255 diligenter
1783 4193 1855 4237 ac
1903 4175 2162 4256 copiose
2204 4176 2292 4237 in·
2320 4177 2370 4239 D
2403 4175 2659 4236 nabitur
2695 4175 2883 4236 astris
2916 4192 2930 4236 :
2965 4184 3038 4237 ut
3075 4175 3126 4236 si
3169 4174 3569 4257 planetarum
3609 4177 3900 4240 influxus

788 4273 965 4335 duxL

868 4370 1214 4442 Postrem0,
1251 4369 1553 4431 omnibus
1598 4369 1750 4431 hinc
1791 4369 1939 4432 inde
1977 4388 2094 4451 pro
2140 4372 2288 4434 viri-

786 4468 909 4531 bus
966 4466 1237 4530 sollicite
1286 4467 1936 4549 perscrutatis·atque
1984 4469 2286 4550 pensatiS,

787 4585 935 4629 cum
981 4566 1167 4629 Scoto
1210 4564 1522 4627 concludo
1565 4565 1645 4627 de
1690 4564 1825 4626 istis
1876 4565 2288 4647 opinionibus

782 4685 857 4727 ac
908 4665 1028 4727 ista
1078 4663 1343 4726 materia
1386 4680 1399 4725 :
1443 4663 1519 4726 Ut
1566 4663 1905 4744 Apostolus
1954 4663 2286 4745 disputans

784 4764 863 4827 ad
922 4763 1259 4836 RomanoS,
1324 4779 1441 4844 ego
1499 4762 1565 4824 in
1637 4761 1771 4824 fine
1834 4761 2286 4845 disputationis

786 4869 991 4925 totum
1038 4868 1341 4942 tanquam
1403 4858 1960 4943 imperscrutabile
2016 4859 2287 4922 derelin-

786 4978 935 5043 qu0,
1000 4978 1147 5021 cum
1208 4959 1348 5041 ipso
1405 4959 1769 5021 exclamans
1825 4957 2127 5040 Apostolo
2175 4975 2189 5019 :
2237 4958 2284 5022 Ο

784 5058 1054 5120 altitudo
1096 5056 1465 5119 divitiarum
1510 5055 1837 5138 sapientiae
1888 5061 1952 5117 et
1998 5055 2283 5119 scientiae

786 5155 938 5218 Dei!
975 5173 1167 5236 quam
1200 5153 1880 5235 incomprehensibilia
1922 5159 2073 5214 sunt
2110 5152 2280 5233 judi-

788 5253 887 5316 cia
916 5252 1058 5332 ejus
1084 5259 1097 5312 1

2401 4273 2697 4353 disponat
2738 4272 2816 4334 ad
2863 4272 3096 4346 febreS,
3143 4273 3386 4354 peritus
3432 4275 3720 4338 medicus
3767 4294 3897 4339 me·

2399 4370 2701 4432 dicinalia
2758 4370 3162 4451 applicando,
3205 4371 3347 4433 illas
3394 4372 3684 4454 repellet.
3735 4373 3898 4437 Hinc

2398 4475 2463 4529 et
2505 4467 2633 4529 fata
2671 4467 2964 4549 quamvis
3004 4467 3337 4542 inclinent,
3369 4487 3497 4532 non
3535 4477 3748 4534 tamen
3786 4491 3898 4534 ne-

2397 4566 2699 4628 cessitant
2733 4584 2746 4628 :
2782 4567 2911 4628 imo
2944 4585 3058 4647 per
3095 4567 3356 4630 rationis
3390 4587 3749 4643 censuram,
3783 4589 3902 4652 per

2398 4671 2639 4725 metum
2675 4681 3005 4745 poenarum
3037 4670 3101 4726 et
3132 4665 3536 4746 praemiorum
3565 4668 3896 4749 promissa,

2398 4780 2511 4843 per
2543 4761 3062 4825 informationem
3096 4763 3450 4845 prudentiae
3481 4766 3897 4849 studiumque

2394 4859 2730 4932 virtutum,
2792 4861 3147 4942 praesertim
3209 4879 3323 4942 per
3378 4863 3616 4926 auxilia
3679 4867 3899 4946 gratim

2391 4975 2465 5019 ac
2514 4976 2627 5038 per
2673 4957 2893 5019 divina
2932 4958 3335 5034 charismata,
3381 4961 3638 5042 penitus
3675 4963 3896 5027 devin-

2392 5061 2626 5117 cuntur
2665 5055 3166 5119 immoderantiae
3209 5059 3600 5138 passionum,
3635 5060 3898 5125 inclina·

2389 5153 2596 5217 tiones
2663 5153 2967 5216 vitiorum
3039 5154 3271 5218 innatae
3339 5175 3417 5218 ex
3485 5159 3896 5242 corruptione

2389 5259 2652 5327 naturis,
2703 5259 2768 5315 et
2822 5252 3063 5316 scelera
3118 5271 3193 5315 ac
3251 5263 3532 5336 peccata,
3585 5257 3673 5322 ita
3719 5260 3894 5341 quod
