4300 6259
956 476 1379 523 saeuiturum
1418 471 1877 521 rumosormcx.
1924 489 2005 500 —-
2047 469 2127 516 na
2169 469 2312 526 uuo,
2356 468 2514 514 vano
2555 468 2630 512 m·
2671 466 2830 512 nouo
3367 443 3450 506 95

1177 894 1319 978 DE
1388 891 1653 990 UNO,
1714 888 2020 974 VERO
2096 887 2236 971 ET
2313 884 2620 971 BONO

745 1241 1261 1310 PROPOSITIO
1308 1240 1449 1304 XC.

440 1426 1011 1508 multiplieiter
1116 1423 1419 1490 dicitur

344 1541 617 1593 unum.

428 1623 605 1696 Quod
646 1629 767 1695 est,
802 1619 1105 1702 quoniam
1152 1637 1351 1680 unum
1392 1623 1489 1679 est
1534 1623 1851 1678 transcen-

346 1722 527 1794 dens,
560 1719 1105 1802 quemadmodum
1136 1736 1269 1779 ens.
1306 1715 1549 1777 ldcirco
1582 1715 1851 1776 diversis

347 1818 781 1881 diversimode
811 1815 1131 1888 convenit,
1150 1813 1361 1896 primo
1390 1820 1603 1875 autem
1634 1820 1697 1873 et
1728 1831 1853 1873 ma·

348 1917 523 1979 xime
568 1916 665 1978 illi
710 1914 883 1996 quod
929 1914 992 1975 in
1039 1932 1107 1974 se
1150 1911 1531 1983 subsisten8‚
1564 1909 1741 1971 nulla
1787 1909 1849 1970 in

350 2035 418 2078 se
458 2014 733 2076 includit
779 2031 922 2094 quae
969 2011 1049 2074 ab
1099 2011 1377 2072 invicem
1426 2007 1683 2070 realiter
1730 2007 1853 2069 dis-

350 2115 745 2194 tinguantur,
796 2112 927 2174 imo
976 2129 1095 2172 nee
1139 2109 1383 2190 aliquid
1434 2107 1625 2169 habet
1670 2107 1735 2168 in
1784 2124 1851 2167 se

348 2212 521 2295 quod
563 2211 647 2272 ab
694 2211 835 2292 ipso
876 2209 1131 2271 realiter
1170 2207 1253 2268 sit
1291 2206 1686 2268 distinctum.
1723 2205 1853 2266 Sic-

351 2330 479 2394 que
508 2310 717 2372 solum
751 2327 864 2371 ens
895 2307 1177 2390 primum
1220 2312 1316 2368 est
1354 2323 1555 2366 unum
1594 2322 1667 2366 ac
1708 2303 1856 2365 sim-

1542 1422 1847 1503 aliquid

1878 1233 1925 1294 Α
1960 1233 2025 1294 in
2082 1250 2151 1294 se
2210 1230 2630 1293 subsistentes
2685 1248 2760 1292 ae
2817 1229 3144 1312 simplices
3195 1228 3457 1306 formae3

1958 1349 2168 1413 neque
2219 1329 2407 1390 realis
2457 1327 2792 1390 diversitas
2842 1327 3008 1389 inter
3049 1330 3222 1407 quod
3265 1335 3354 1386 est
3399 1334 3463 1388 et

1958 1449 2083 1507 quo
2114 1437 2230 1498 est,
2261 1447 2373 1489 seu
2419 1427 2585 1488 inter
2614 1444 2754 1488 esse
2785 1433 2849 1488 et
2885 1425 3250 1496 essentiam,
3280 1424 3462 1505 juxta

1960 1525 2455 1608 probabiliorem
2499 1523 2594 1604 (ni
2639 1523 2854 1604 fallor)
2890 1523 3299 1606 opinionem3
3343 1540 3460 1584 nec

1958 1630 2132 1686 tanta
2181 1623 2344 1686 sicut
2389 1623 2454 1685 in
2501 1623 2728 1684 ceteris
2772 1621 3140 1684 differentia
3179 1639 3252 1683 ac
3293 1620 3460 1682 mul·-

1960 1721 2266 1804 tiplieitas
2297 1722 2727 1803 potentiarum
2767 1727 2956 1803 atque
2996 1719 3353 1792 habituum,
3386 1735 3460 1780 ac

1960 1819 2428 1902 operationum,
2449 1825 2579 1881 tam
2612 1818 3100 1880 immanentium
3135 1835 3324 1898 quam
3360 1835 3461 1878 ex-

1962 1925 2057 1979 tra
2100 1917 2589 1980 transeuntium.

2041 2015 2330 2096 Denique
2389 2023 2534 2098 post
2596 2033 2795 2076 unum
2870 2029 3160 2085 numero,
3225 2012 3462 2074 dicitur

1965 2132 2166 2176 unum
2211 2114 2445 2195 specie.
2483 2113 2559 2176 Et
2603 2113 2668 2175 in
2716 2112 2952 2195 quibus
2995 2119 3146 2174 sunt
3189 2118 3280 2172 tot
3323 2129 3462 2191 spe-

1964 2213 2095 2274 cies
2140 2219 2298 2294 quot
2343 2211 2694 2283 individua,
2739 2209 3058 2292 loquendo
3101 2209 3180 2271 de
3223 2208 3466 2290 specie·

1968 2310 2085 2372 bus
2136 2309 2641 2392 specialissimis,
2688 2327 2814 2371 non
2867 2315 3014 2371 sunt
3063 2307 3246 2390 plura
3293 2313 3468 2368 actu-

354 2410 525 2492 plex,
586 2408 759 2490 quod
823 2404 1327 2468 substantialiter
1392 2410 1487 2464 est
1552 2402 1616 2464 id
1684 2401 1855 2483 quod
1884 2406 1931 2469 B
1965 2409 2151 2470 aliter
2194 2427 2394 2470 unum
2443 2407 2682 2490 specie,
2726 2407 3022 2489 quamvis
3067 2406 3315 2488 species
3361 2406 3470 2468 illa

354 2508 572 2582 habet,
620 2513 774 2589 puta
816 2524 931 2567 sua
976 2503 1280 2586 potentia,
1328 2521 1443 2564 sua
1486 2500 1736 2581 justitia
1783 2516 1857 2560 ac

358 2606 677 2688 sapientia
716 2623 851 2676 sua,
893 2610 957 2665 et
993 2603 1079 2665 ita
1117 2603 1197 2664 de
1238 2600 1557 2662 universis
1594 2597 1861 2661 attribu-

362 2706 447 2766 tis
487 2711 555 2766 et
597 2701 1101 2786 perfectionibus
1143 2698 1304 2780 ejus.
1349 2697 1859 2779 Unumquodque

362 2805 557 2866 etiam
600 2803 830 2863 horum
879 2800 1132 2862 realiter
1168 2799 1337 2860 idem
1378 2804 1475 2858 est
1516 2814 1665 2857 cum
1706 2810 1862 2875 quo·

366 2901 523 2963 libet
561 2901 687 2962 alio
724 2897 1031 2961 attributo
1064 2913 1077 2958 ε
1112 2895 1351 2958 etenim
1396 2912 1510 2956 sua
1551 2892 1864 2975 sapientia

364 3008 464 3062 est
517 3019 635 3060 sua
685 2997 957 3078 Justitia,
1006 3013 1121 3056 sua
1177 2994 1539 3066 clementia,
1588 3009 1703 3053 sua
1759 3008 1867 3072 po-

365 3107 577 3160 testas.
616 3097 807 3158 Porro
858 3093 1027 3156 istud
1074 3092 1237 3155 nulli
1281 3090 1589 3173 competit
1624 3096 1867 3150 creatu·

366 3215 453 3260 rae
505 3213 519 3256 :
572 3195 724 3276 quia
773 3211 891 3255 nec
943 3190 1399 3272 intelligentiae‚
1454 3190 1519 3250 in
1576 3206 1704 3269 qua
1760 3204 1865 3248 ne-

368 3293 647 3357 cessario
692 3291 947 3353 realiter
993 3289 1305 3352 differunt
1352 3306 1490 3350 esse
1538 3293 1602 3348 et
1657 3303 1865 3366 agere,

368 3392 649 3455 essentia
687 3397 751 3452 et
790 3389 1122 3472 sapientia,
1156 3388 1471 3470 sapientia
1508 3401 1765 3467 quoque
1804 3389 1869 3444 et

364 3490 639 3571 justitia,
692 3497 757 3550 et
811 3487 1173 3550 consimilia
1232 3485 1453 3557 multa,
1505 3491 1577 3544 ut
1634 3481 1867 3543 intelli-

1965 2506 2280 2569 abstracte
2323 2506 2718 2568 considerata
2757 2505 3006 2568 dicatur
3031 2505 3372 2586 (quantum
3402 2504 3466 2565 in

1968 2623 2035 2667 se
2095 2606 2219 2685 est)
2277 2602 2832 2667 communicabilis
2894 2603 3130 2665 multis.
3183 2603 3466 2665 Tertium

1970 2710 2067 2766 est
2126 2721 2326 2766 unum
2384 2721 2635 2783 genere.
2691 2701 2924 2783 Sicque
2972 2701 3187 2782 plures
3239 2701 3470 2763 intelli-

1970 2801 2200 2881 gentiae
2231 2820 2432 2863 unum
2473 2808 2642 2872 sunt,
2677 2801 2812 2862 sive
2851 2799 2985 2862 solo
3025 2816 3296 2862 numero
3333 2799 3468 2861 sive

1973 2908 2036 2961 et
2073 2899 2288 2981 specie
2327 2899 2802 2978 distinguantur
2835 2915 2848 2959 :
2893 2898 3042 2980 quia
3081 2898 3201 2959 sub
3239 2914 3471 2978 genere

1973 2996 2093 3059 hoc
2136 2997 2306 3078 quod
2353 3004 2450 3058 est
2491 2996 2846 3058 substantia
2890 2995 3282 3077 incorporea,
3325 3014 3472 3058 con-

1975 3097 2284 3168 tinentur,
2339 3095 2466 3158 imo
2515 3102 2577 3156 et
2624 3094 2745 3156 sub
2791 3112 3022 3175 genere
3073 3094 3472 3176 proximiori,

1976 3193 2270 3276 quamvis
2331 3193 2489 3256 illud
2559 3210 2674 3255 nos
2736 3193 2941 3254 lateat.
3005 3192 3311 3265 Quartum
3377 3199 3476 3254 est

1978 3311 2180 3355 unum
2224 3291 2532 3372 analogia,
2580 3299 2771 3372 prout
2809 3289 3167 3352 substantia
3210 3297 3274 3351 et
3315 3288 3478 3351 acci-

1977 3391 2134 3453 dens
2178 3390 2584 3472 appellantur
2623 3407 2824 3450 unum
2865 3389 2929 3450 in
2971 3397 3135 3450 ente.
3172 3388 3476 3461 Quintum

1978 3497 2075 3552 est
2104 3507 2306 3550 unum
2339 3487 2805 3569 aggregatione,
2839 3487 3006 3549 sicut
3034 3486 3375 3548 exercitus.

367 3606 543 3669 gere,
575 3587 1087 3667 velle,gaudere,
1110 3583 1487 3654 substantia,
1520 3579 1867 3652 beatitudo,
1898 3591 1943 3655 c
2058 3587 2234 3662 Quod
2303 3595 2518 3650 autem
2587 3585 2872 3648 affirmat
2939 3585 3216 3659 Boetius,
3279 3585 3478 3648 Omne

370 3686 665 3749 intentio.
712 3685 1043 3758 Quomodo
1085 3699 1235 3762 ergo
1282 3679 1654 3742 verificatur
1699 3677 1869 3759 quod

372 3784 619 3868 praefati
670 3781 1068 3864 Peripatetici
1124 3778 1511 3852 asserebant,
1572 3796 1609 3838 a
1667 3777 1873 3858 prima

372 3881 657 3964 simplici
705 3889 771 3942 et
827 3878 1189 3942 invariabili
1236 3896 1426 3939 causa
1471 3893 1597 3938 non
1660 3891 1874 3957 proce-

372 3983 525 4044 dere
556 3979 926 4043 immediate
956 3977 1079 4040 nisi
1108 3995 1309 4038 unum
1342 3973 1639 4056 simplex,
1670 3989 1873 4054 quum

376 4081 443 4142 in
475 4081 686 4161 prima
713 4075 1136 4157 intelligentia
1172 4080 1343 4137 tanta
1381 4073 1745 4136 inveniatur
1781 4070 1873 4132 di-

376 4179 667 4251 versitas»,
718 4183 891 4238 tanta
939 4173 1329 4254 conjunctio,
1374 4170 1727 4253 praesertim
1777 4187 1873 4230 se·

375 4277 661 4338 cundum
692 4275 1081 4336 Avicennam
1115 4278 1179 4334 et
1216 4289 1385 4342 suoS,
1416 4269 1702 4331 dicentes
1735 4285 1875 4330 esse

375 4383 442 4438 et
482 4373 825 4436 essentiam
861 4372 925 4433 in
961 4368 1402 4450 intelligentiis
1436 4367 1689 4429 realiter
1728 4383 1873 4428 con-

378 4472 731 4553 distingui?
762 4471 888 4532 Nec
928 4469 1196 4532 dubium
1238 4467 1396 4550 quin
1440 4467 1649 4548 prima
1686 4484 1877 4527 causa

378 4570 823 4652 intelligentiis
852 4568 1215 4632 concreavit
1248 4583 1505 4628 omnem
1548 4583 1739 4646 quam
1768 4565 1877 4625 ha-

382 4671 535 4734 bent
580 4668 1061 4752 perfectionem,
1114 4673 1178 4728 et
1224 4663 1661 4727 diversitatem
1712 4662 1875 4744 sapi·

380 4769 569 4833 entiae
618 4775 683 4830 et
727 4767 1062 4839 virtutum,
1110 4783 1184 4826 ac
1237 4763 1432 4827 simul
1482 4763 1546 4825 in
1594 4762 1688 4824 eis
1736 4779 1876 4843 pro·
1904 4771 1955 4834 D
1987 4768 2184 4830 mixta

380 4868 565 4932 duxit
610 4865 955 4929 essentiam
1008 4863 1576 4944 exsistentiamque
1633 4879 1872 4922 earum.

382 4968 835 5030 Verumtamen
883 4969 1023 5045 post
1066 4962 1341 5044 primam
1380 4979 1637 5022 causam
1676 4957 1881 5038 maior

382 5065 593 5129 unitas
622 5065 689 5124 in
722 5061 1164 5142 intelligentiis
1196 5059 1570 5142 perhibetur
1604 5058 1707 5120 :in
1739 5055 1877 5139 qui·

380 5165 503 5228 bus
550 5181 681 5226 non
732 5168 832 5224 est
878 5158 1315 5222 essentialium
1376 5157 1677 5239 partium,
1728 5163 1879 5237 puta

382 5263 667 5330 materioe
714 5279 793 5325 ac
841 5259 1084 5333 formae,
1123 5255 1471 5330 distinctio,
1512 5275 1713 5338 quum
1752 5257 1883 5321 sint

1981 3686 2149 3769 quod
2181 3693 2292 3758 est,
2328 3685 2471 3747 ideo
2500 3693 2596 3746 est
2625 3685 2926 3767 quoniam
2967 3701 3170 3746 unum
3209 3699 3480 3746 numero

1980 3791 2098 3857 est,
2132 3783 2337 3865 accipi
2380 3791 2590 3865 potest
2627 3783 2704 3845 de
2744 3781 2920 3845 omni
2960 3781 3481 3844 exsistentialiter

1982 3890 2127 3945 ente
2174 3899 2186 3944 :
2241 3882 2544 3963 quoniam
2597 3900 2734 3943 esse
2785 3879 3192 3952 exsistentiae,
3245 3897 3480 3961 suppo-

1982 3982 2252 4043 sitorum
2285 3987 2380 4042 est
2415 3987 2525 4042 aut
2562 3978 3003 4058 singularium.
3037 3978 3326 4059 Insuper,
3361 3977 3480 4038 sic-

1984 4088 2055 4141 ut
2105 4078 2396 4162 quaedam
2448 4084 2544 4138 est
2603 4075 2982 4157 simplicitas
3043 4074 3478 4156 perfectioniS,

1984 4198 2109 4260 qua
2138 4178 2304 4239 Deus
2344 4184 2408 4238 et
2446 4174 2883 4254 intelligentiae
2923 4173 3252 4255 simplices
3281 4175 3483 4237 nomi-

1985 4283 2219 4338 nantur
2247 4294 2364 4357 per
2391 4272 2828 4336 exclusionem
2861 4271 3344 4353 potentialitatis
3374 4281 3484 4334 aut

1988 4375 2298 4439 materiae:
2331 4373 2620 4454 quaedam
2653 4389 2805 4433 vero
2835 4377 2932 4433 est
2960 4370 3340 4452 simplicitas
3373 4372 3482 4434 im·

1988 4472 2398 4556 perfectionis
2446 4489 2560 4552 per
2606 4470 3042 4532 exclusionem
3097 4470 3481 4533 actualitatis

1984 4579 2048 4634 et
2078 4571 2320 4642 formae,
2355 4588 2479 4650 qua
2517 4568 2782 4630 materia
2821 4569 3028 4650 prima
3066 4575 3126 4629 et
3167 4569 3482 4631 elementa

1984 4670 2287 4731 dicuntur
2314 4665 2896 4748 simplicia‚quibus
2925 4665 3306 4749 perfectiora
3333 4673 3484 4730 sunt

2244 4785 2258 4828 :
2319 4766 2411 4827 sic
2471 4765 2708 4847 duplex
2768 4772 2864 4827 est
2921 4765 3148 4826 unitas.
3203 4764 3359 4826 Nam
3418 4773 3482 4828 et

1984 4865 2302 4928 elementa
2359 4871 2423 4924 et
2481 4862 2747 4924 materia
2803 4862 3006 4941 magis
3065 4869 3212 4922 sunt
3280 4881 3478 4925 unum

1988 4965 2228 5026 unitate
2268 4961 2798 5043 imperfectioniS,
2842 4979 3032 5043 quam
3077 4960 3292 5022 mixta.
3339 4961 3481 5024 Cer·

1984 5069 2123 5122 tum
2168 5065 2264 5120 est
2306 5075 2476 5137 erg0‚
2511 5058 2680 5138 quod
2723 5075 2912 5119 omne
2957 5075 3158 5118 unum
3199 5064 3481 5120 creatum

1989 5157 2366 5230 subsistenS,
2419 5156 2502 5218 sit
2549 5174 2751 5216 unum
2799 5162 2864 5216 et
2911 5172 3038 5218 non
3087 5175 3311 5231 unum,
3362 5156 3484 5220 hoc

1988 5263 2107 5330 est,
2138 5254 2504 5337 aliqualiter
2533 5271 2757 5328 unum,
2791 5260 2854 5314 et
2882 5253 3099 5338 aliquo
3129 5253 3318 5319 modo
3357 5273 3485 5322 non
