4300 6259
863 502 944 566 36
1426 521 1853 568 maxumum
1891 516 2352 567 mansorum.
2395 535 2476 545 —
2516 516 2596 563 DE
2636 516 3066 565 nErAPHYsch
3106 518 3411 565 GRNERAU

867 696 1045 751 extra
1081 706 1315 753 ceram.
1349 689 1454 754 Sic
1490 708 1748 773 quoque
1791 692 1980 765 Deus,
2019 697 2083 753 et
2125 688 2359 752 intelli·
2388 686 2440 750 A
2469 687 2756 770 ticipant.
2808 687 3111 751 Vitalium
3158 688 3419 752 demum
3466 686 3757 771 quaedam
3816 690 3967 748 sunt

867 787 1119 866 gentian,
1152 795 1217 850 et
1264 788 1422 853 ideae
1469 789 1705 852 mentis
1747 789 1980 852 divinae
2019 807 2092 851 ac
2137 787 2360 851 formae

868 885 1164 967 practicae
1210 887 1798 969 intelligentiarum,
1843 906 1954 969 per
2001 906 2160 969 quas
2210 884 2367 948 inse-

867 983 1038 1046 riora
1083 992 1494 1064 cognoscunt,
1549 986 1907 1067 producunt
1949 993 2015 1047 et
2063 984 2363 1055 formant,

867 1080 1090 1144 formae
1131 1090 1448 1144 vocantur
1477 1082 1874 1146 inferiorum.
1921 1083 2095 1146 Unde
2142 1081 2365 1145 formae

867 1197 1012 1261 quae
1053 1188 1204 1241 sunt
1244 1180 1311 1242 in
1353 1180 1637 1255 materia,
1671 1201 1707 1243 a
1736 1181 1959 1243 formis
2003 1199 2144 1262 quae
2188 1187 2365 1243 extra

869 1277 1201 1340 materiam
1231 1285 1400 1352 sunt,
1434 1278 1737 1341 dicuntur
1777 1278 2059 1342 fluxisse.
2093 1277 2235 1341 Alia
2268 1285 2366 1341 est

866 1373 1074 1438 forma
1101 1375 1478 1450 informanS,
1512 1384 1583 1440 ut
1621 1385 1770 1440 sunt
1810 1375 2034 1441 formae
2077 1376 2365 1439 materia-

865 1472 1027 1535 lium
1058 1492 1293 1538 rerum.
1329 1475 1407 1537 Et
1449 1474 1575 1539 illae
1615 1484 1766 1537 sunt
1803 1475 2118 1558 duplices,
2150 1483 2307 1557 puta
2344 1492 2359 1536 τ

863 1572 1334 1647 substantialeS,
1370 1582 1434 1636 et
1463 1574 1908 1637 accidentales.
1944 1574 2213 1655 Insuper
2239 1573 2364 1636 for·

862 1688 968 1733 ma
1021 1671 1460 1734 substantialis
1520 1680 1617 1734 est
1674 1672 1934 1755 duplex,
1986 1672 2288 1734 videlicet
2346 1687 2361 1732 τ

859 1768 1068 1832 forma
1108 1770 1326 1852 partis,
1361 1778 1434 1833 ut
1473 1771 1708 1843 anima,
1750 1791 1893 1853 quae
1936 1779 2033 1834 est
2074 1771 2363 1853 corporis

2471 786 2889 861 irrationales,
2915 795 2983 848 ut
3011 786 3235 850 formae
3264 786 3621 858 brutorum,
3644 804 3786 867 quae
3816 789 3969 845 sunt

2471 885 2733 947 omnino
2792 885 3110 948 immersae
3162 884 3481 964 materiae3
3532 883 3821 967 quaedam
3871 899 3967 942 ra-

2472 982 2917 1064 tionaleS,quae
2947 1000 3073 1046 non
3105 990 3255 1045 sunt
3282 982 3559 1045 totaliter
3590 978 3967 1062 corporibus

2474 1080 2607 1143 suis
2650 1080 2985 1144 immersae.

2838 1289 3359 1355 PROPOSITIO
3404 1290 3591 1354 XXI.

2554 1472 2893 1539 Materia
2933 1474 3411 1557 appellatur,
3454 1489 3628 1555 quae
3674 1474 3967 1555 recipit

2473 1584 2641 1637 esse
2684 1586 2731 1637 a
2772 1569 3046 1639 forma.

2552 1667 2729 1741 Quod
2757 1676 2875 1741 est,
2901 1670 3052 1750 quia
3082 1671 3345 1733 materia
3374 1678 3470 1733 est
3498 1678 3802 1752 tanquam
3834 1688 3973 1751 pas-

2474 1765 2609 1828 siva
2651 1766 2938 1848 potentia
2978 1786 3207 1850 expers
3248 1769 3655 1842 actualitatis,
3702 1778 3767 1831 et
3813 1768 3976 1830 indi·

861 1865 1068 1929 forma
1126 1867 1512 1945 intrinseca3
1563 1875 1627 1930 et
1681 1867 1888 1932 forma
1945 1868 2161 1942 totius,
2194 1868 2362 1931 sicut
2396 1869 2445 1933 B
2471 1882 2629 1944 gens
2662 1864 2887 1938 forma,
2921 1884 2994 1927 ac
3024 1867 3296 1930 naturali
3334 1868 3624 1948 appetitu
3662 1874 3974 1949 appetens

862 1964 1226 2027 humanitas
1256 1974 1356 2029 est
1383 1966 1590 2030 forma
1618 1967 1935 2029 individui
1966 1968 2266 2030 hominis

941 2062 1149 2136 Porro,
1166 2063 1336 2144 quod
1368 2064 1610 2145 aliquid
1640 2064 1873 2127 format
1901 2072 2011 2128 aut
2042 2063 2359 2139 informat,

865 2159 1132 2239 largitur
1157 2168 1222 2222 et
1252 2160 1567 2243 imprimit
1597 2162 1654 2224 ei
1695 2162 1953 2244 aliquod
1993 2182 2133 2225 esse
2169 2180 2183 2224 :
2220 2164 2363 2225 ideo

863 2254 1072 2319 forma
1113 2257 1546 2321 substantialis
1591 2260 1696 2322 dat
1735 2279 1865 2323 suae
1905 2262 2185 2323 materiae
2224 2279 2364 2324 esse

865 2354 1283 2418 substantiale
1331 2356 1748 2437 specificum3
1796 2357 2016 2421 formae
2061 2377 2215 2421 vero
2263 2378 2363 2421 ae-

865 2453 1210 2516 cidentales
1255 2455 1407 2517 dant
1448 2455 1580 2517 suis
1620 2454 1926 2536 subJectis
1964 2476 2104 2519 esse
2144 2476 2366 2519 secun—

865 2551 1020 2613 dum
1050 2551 1226 2633 quid,
1260 2554 1431 2635 quod
1463 2562 1558 2616 est
1588 2572 1730 2616 esse
1758 2555 2170 2617 accidentale.
2208 2554 2366 2617 Hinc

862 2650 1069 2713 forma
1098 2651 1483 2714 describitur
1515 2653 1599 2714 ita
1635 2670 1648 2714 :
1683 2653 1908 2716 Forma
1937 2661 2054 2727 est,
2089 2674 2231 2737 quae
2261 2655 2369 2716 dat

862 2767 1020 2811 esse.
1056 2748 1230 2821 Quod
1274 2750 1352 2812 de
1395 2750 1621 2813 formis
1666 2750 2164 2814 informantibus
2210 2771 2365 2833 prae-

861 2847 1052 2928 cipue
1098 2848 1350 2910 dicitur.
1399 2849 1587 2911 Porro
1632 2848 1841 2913 forma
1884 2850 2121 2912 dicitur
2171 2849 2366 2912 infor·

863 2964 1036 3008 mare
1086 2946 1448 3028 dupliciter.
1499 2947 1732 3023 Primo,
1788 2967 1901 3031 per
1951 2948 2364 3012 intrinsecam

2474 1981 2639 2037 eam,
2673 1964 3215 2044 quemadmodum
3245 1973 3431 2047 turpe
3472 1964 3837 2048 pulchrum.
3872 1967 3975 2028 Di-

2473 2060 2715 2122 viditur
2764 2079 3021 2143 quoque
3073 2062 3136 2124 in
3190 2064 3519 2127 materiam
3578 2064 3853 2145 primam
3912 2072 3975 2127 et

2474 2159 2840 2221 secundam.
2876 2160 3134 2223 Materia
3166 2161 3371 2242 prima
3402 2181 3732 2244 nunquam
3775 2163 3841 2223 in
3883 2182 3976 2224 re-

2474 2274 2617 2317 rum
2680 2266 2904 2320 natura
2964 2277 3078 2340 per
3134 2277 3202 2321 se
3260 2267 3377 2332 est,
3431 2278 3549 2321 nec
3608 2260 3780 2322 nude
3828 2278 3974 2323 con-

2474 2352 2681 2431 sistit3
2714 2355 2824 2416 sed
2857 2374 2971 2436 per
3011 2356 3319 2419 rationem
3361 2356 3759 2419 considerata
3795 2358 3977 2439 quasi

2473 2450 2792 2515 abstracta
2840 2452 2919 2515 ab
2969 2453 3145 2516 omni
3196 2452 3401 2516 forma
3450 2454 3853 2517 substantiali
3911 2463 3975 2518 et

2474 2550 2875 2625 accidentali,
2938 2553 3305 2615 nominatur
3366 2554 3575 2636 prima
3632 2554 3897 2617 materia
3956 2570 3971 2616 :

2476 2667 2618 2729 quae
2648 2656 2719 2710 ut
2755 2649 2924 2725 talis,
2957 2667 3082 2713 non
3115 2659 3211 2713 est
3251 2651 3427 2733 quid,
3454 2651 3605 2733 quia
3634 2652 3977 2715 substanti-

2475 2744 2573 2806 ale
2605 2764 2744 2809 esse
2775 2764 2902 2810 non
2950 2747 3180 2826 habet;
3214 2768 3331 2811 nec
3362 2758 3619 2830 quanta,
3662 2769 3861 2831 quum
3910 2758 3979 2811 ut

2477 2843 2569 2906 sic
2607 2864 2643 2906 a
2686 2844 3197 2909 dimensionibus
3238 2848 3322 2909 sit
3359 2856 3643 2927 remota3
3677 2866 3795 2911 nec
3830 2868 3979 2930 qua-

2478 2940 2579 3014 lis,
2605 2942 2755 3023 quia
2787 2942 2867 3004 ab
2896 2944 3071 3006 omni
3105 2945 3406 3026 qualitate
3438 2953 3533 3007 est
3562 2954 3969 3028 sequestrata.

859 3044 1164 3107 unionem
1193 3061 1206 3106 :
1234 3052 1304 3106 ut
1331 3045 1538 3108 forma
1565 3045 2022 3108 substantialis.
2049 3046 2362 3121 Secunde,
2399 3043 2443 3107 C
2478 3038 2713 3101 Eadem
2746 3057 2896 3103 vero
2930 3042 3193 3104 materia
3226 3051 3295 3104 ut
3325 3042 3548 3106 formis
3588 3043 3879 3125 subjecta
3914 3051 3976 3106 et

863 3161 979 3225 per
1015 3142 1482 3222 subjectionem
1523 3152 1587 3205 et
1626 3144 2040 3207 inhaesionem
2076 3161 2090 3205 :
2132 3153 2202 3206 ut
2242 3144 2364 3207 for-

865 3260 984 3304 mae
1011 3241 1454 3303 accidentales
1491 3241 1866 3322 Subjectum
1896 3251 2110 3307 autem
2144 3242 2367 3307 formae

861 3338 1320 3412 substantialiS,
1362 3339 1598 3402 dicitur
1639 3341 1903 3403 materia
1941 3340 2191 3422 prima;
2224 3340 2367 3403 sub-

858 3437 1102 3517 jectum
1163 3454 1313 3500 vero
1381 3436 1602 3501 formae
1665 3439 2098 3512 accidentaliS,
2162 3446 2365 3502 totum

860 3534 1310 3616 compositum.
1344 3534 1917 3618 Quumqueforma
1954 3536 2242 3600 conferat
2271 3556 2367 3600 es-

859 3651 950 3706 se,
1000 3632 1420 3714 proprietates
1466 3639 1530 3695 et
1571 3641 1752 3696 actus
1797 3633 1937 3714 ejus
1981 3642 2131 3696 sunt
2179 3653 2365 3715 agere

859 3738 924 3793 et
974 3748 1256 3804 movere,
1308 3729 1640 3811 perficere,
1691 3740 1969 3805 actuare,
2020 3732 2253 3794 fulcire
2304 3741 2370 3796 et

861 3846 1258 3893 conservare.
1292 3828 1652 3910 Propterea,
1686 3848 1888 3911 quum
1922 3830 2250 3912 loquimur
2289 3832 2367 3894 de

862 3946 930 3991 re
970 3946 1378 4010 quacumque
1415 3929 1770 3990 secundum
1814 3928 1956 4010 ejus
2000 3928 2368 3993 distinctam

862 4034 928 4089 et
973 4026 1299 4109 propriam
1349 4026 1684 4100 rationem,
1735 4027 2014 4089 dicimur
2065 4027 2237 4109 loqui
2289 4029 2368 4092 de

863 4144 938 4187 ea
982 4124 1383 4188 formaliter:
1417 4132 1488 4186 ut
1529 4124 1584 4185 si
1631 4124 1939 4198 dicamus»,
1971 4124 2207 4187 Album
2247 4126 2369 4188 dis·

2476 3144 2746 3210 actuata,
2791 3146 3053 3200 vocatur
3102 3142 3399 3203 secunda.
3446 3142 3677 3223 Sicque
3725 3142 3974 3205 realiter

2478 3243 2627 3297 sunt
2668 3256 2793 3298 una
2837 3238 3101 3299 materia
3142 3255 3157 3300 :
3201 3240 3741 3320 quemadmodum
3786 3241 3973 3305 bomo

2475 3332 2605 3413 jam
2639 3334 2871 3408 nudus,
2904 3335 3134 3399 deinde
3163 3338 3452 3412 vestime,
3474 3338 3974 3402 substantialiter

2478 3430 2649 3494 idem
2698 3440 2795 3494 est
2842 3433 3053 3496 homo.
3106 3434 3375 3517 Insuper
3422 3436 3688 3499 materia
3735 3438 3970 3520 duplex

2478 3537 2594 3604 est,
2641 3539 2796 3612 puta
2842 3548 2857 3593 τ
2905 3533 3246 3614 privationi
3297 3553 3564 3608 annexa,
3612 3541 3681 3598 ut
3720 3554 3975 3617 genera-

2468 3626 2708 3694 bilium
2770 3629 3417 3714 corruptibiliumque
3474 3632 3778 3712 materia3
3827 3633 3974 3707 alia,

2479 3725 2663 3807 cujus
2706 3728 3020 3808 capacitas
3068 3730 3326 3811 propria
3368 3749 3483 3792 sua
3526 3730 3733 3794 forma
3774 3731 3981 3795 fertur

2478 3824 2742 3905 repleta,
2792 3834 2862 3887 ut
2906 3828 3170 3889 materia
3214 3828 3569 3891 coelestium
3611 3847 3973 3912 corporum.

2479 3922 2745 3995 Quidam
2817 3923 3073 3987 interim
3148 3927 3480 3989 materiam
3550 3928 3847 3992 dividunt
3909 3931 3978 3993 in

2480 4021 2873 4103 corporalem
2935 4031 2998 4086 et
3055 4024 3456 4106 spiritualem
3520 4044 3534 4089 :
3586 4028 3667 4090 de
3724 4046 3852 4109 qua
3910 4048 3977 4091 re

2480 4119 2646 4182 infra
2686 4128 2998 4201 tangetur.

864 4229 1083 4303 gregat
1129 4222 1360 4283 visum.
1407 4222 1626 4304 Itaque
1675 4221 1882 4284 forma
1931 4222 2367 4286 substantialis
2398 4228 2447 4290 D
2561 4218 2649 4279 Ex
2680 4218 2779 4280 his
2810 4219 3174 4295 innotescit,
3195 4223 3364 4303 quod
3398 4224 3819 4306 proprietates
3851 4244 3979 4288 ma-

863 4328 962 4383 est
992 4320 1173 4403 quasi
1205 4319 1451 4383 rivulus
1488 4319 1684 4382 fontis
1716 4319 1930 4401 primi,
1965 4330 2028 4383 et
2065 4329 2367 4404 tanquam

863 4418 1215 4481 scintillula
1260 4417 1426 4499 ignis
1471 4418 1793 4491 immensi,
1827 4426 1890 4481 et
1932 4419 2109 4481 velut
2153 4421 2367 4483 radius

865 4517 1030 4581 lucis
1087 4534 1447 4599 supremae3
1507 4523 1733 4598 estque
1791 4526 2239 4581 ornamentum
2304 4528 2369 4582 et

862 4614 1276 4698 pulchritudo
1315 4613 1456 4693 ejus
1495 4613 1682 4693 cujus
1722 4621 1820 4676 est
1851 4614 2072 4677 forma.
2106 4616 2367 4697 Propter

860 4712 1032 4797 quod
1066 4713 1238 4776 Plato
1281 4712 1714 4793 metaphorice
1755 4712 2044 4795 loquenS,
2078 4715 2363 4778 datorem

857 4812 1210 4886 formarum
1261 4810 1512 4873 vocavit
1569 4818 1839 4893 patrem,
1890 4811 2163 4874 formam
2212 4831 2365 4877 vero

859 4909 1128 4993 prolem,
1163 4907 1495 4971 materiam
1526 4916 1739 4971 autem
1771 4910 2205 4973 materculam.
2225 4912 2363 4974 Ari-

859 5006 1117 5070 stoteles
1183 5024 1441 5088 quoque
1507 5005 1810 5069 disseruit
1876 5007 2150 5071 formam
2223 5026 2364 5071 esse

863 5104 1018 5187 quid
1047 5104 1338 5165 divinum
1367 5110 1432 5165 et
1459 5104 1774 5185 optimum
1806 5123 1880 5166 ac
1909 5106 2279 5187 appetibile.

943 5200 1258 5283 AmpliuS‚
1290 5200 1642 5264 formarum
1691 5202 2209 5265 substantialium
2248 5203 2361 5266 ali-

862 5320 1006 5389 quae
1035 5304 1183 5363 s‘unt
1212 5298 1458 5373 vitaleS‚
1490 5298 1721 5382 aliquae
1752 5299 1914 5361 nibil
1943 5300 2022 5362 de
2061 5300 2191 5363 vita
2219 5318 2359 5381 par-

2478 4316 2652 4379 teriae
2696 4326 2865 4391 sunt,
2900 4319 3051 4399 pati,
3088 4320 3354 4395 moveri,
3387 4321 3677 4385 substare
3722 4331 3785 4386 et
3829 4324 3975 4387 sub-

2473 4414 2609 4495 jici,
2635 4415 2941 4496 recipere,
2968 4416 3217 4499 persici,
3240 4419 3505 4493 actuari,
3532 4419 3839 4501 indigere,
3872 4424 3977 4486 de·

2478 4514 2777 4594 pendere,
2824 4517 3186 4578 conservari
3232 4516 3295 4578 in
3341 4536 3500 4579 esse.
3546 4519 3705 4582 Hinc
3744 4539 3975 4585 nomen

2477 4612 2759 4675 materiae
2818 4630 2946 4675 non
3006 4613 3209 4677 solum
3265 4615 3642 4680 attribuitur
3698 4621 3976 4683 materiae

2476 4711 2701 4794 primae
2760 4720 2823 4774 et
2881 4714 3174 4777 secundm
3233 4723 3533 4797 praetacto
3587 4718 3721 4798 jam
3790 4721 3974 4782 modo

2476 4810 2777 4892 sumptiS,
2838 4811 2949 4873 sed
3010 4811 3201 4874 rebus
3261 4829 3518 4896 quoque
3575 4834 3652 4877 ex
3712 4818 3973 4881 materia

2475 4915 2540 4971 et
2582 4906 2787 4970 forma
2836 4908 3237 4973 substantiali
3282 4914 3678 4994 compositiS‚
3724 4934 3867 4997 quae
3912 4923 3974 4979 et

2474 5026 2690 5069 rerum
2722 5007 3157 5070 artificialium
3189 5016 3438 5072 exstant
3469 5014 3785 5077 materiae:
3810 5015 3972 5077 sicut

2474 5104 2713 5167 ferrum
2770 5114 2867 5168 est
2922 5107 3185 5169 materia
3233 5109 3437 5187 clavi3
3483 5109 3754 5192 lignum,
3802 5113 3966 5176 lecti.

2473 5204 2648 5266 Unde
2695 5211 2759 5266 et
2816 5203 3047 5285 triplex
3106 5206 3465 5287 assignatur
3515 5210 3801 5285 materia,
3850 5213 3967 5274 sci-

2472 5300 2623 5364 licet
2656 5320 2668 5363 ε
2707 5301 2772 5364 in
2802 5321 2948 5385 qua,
2980 5320 3059 5365 ex
3089 5321 3235 5384 qua,
3269 5311 3333 5365 et
3360 5304 3530 5369 circa
3558 5326 3773 5389 quam.
3806 5310 3967 5376 Hinc
