4300 6259
843 461 964 526 290

844 649 1286 714 relucentiam.
1320 649 1565 714 Clarius
1595 667 1826 731 nempe
1867 647 1932 710 in
1979 645 2215 710 unione
2261 645 2337 707 ad
2370 645 2417 708 A
2451 645 2577 709 lem
2632 661 2647 707 ε

847 749 1252 831 intelligibile
1301 750 1518 812 lumen
1568 747 2003 828 intelligentiae
2051 747 2217 818 imae,
2271 751 2341 805 ut

843 848 975 929 jam
1033 855 1359 911 ostensum
1407 855 1524 922 est,
1577 846 1868 909 ordinem
1926 852 1990 907 et
2046 851 2339 906 naturam

846 948 1042 1010 totius
1071 948 1236 1010 entis
1267 947 1634 1030 speculatur
1662 946 1877 1007 anima
1907 950 2215 1026 separata.

914 1045 1086 1119 Quod
1121 1045 1174 1108 si
1207 1043 2032 1118 dixeriszQuemadmodum
2067 1042 2340 1104 felicitas

846 1151 942 1205 est
972 1143 1328 1225 perfectum
1359 1143 1625 1216 bonum,
1658 1143 1750 1204 sic
1791 1143 2035 1223 quietat
2074 1140 2344 1202 felicita-

845 1249 974 1304 tam
1021 1249 1321 1304 mentem.
1375 1242 1478 1305 Sic
1529 1241 1721 1322 igitur
1761 1241 1851 1302 nil
1892 1240 2057 1301 ultra
2107 1238 2340 1301 intelli-

844 1341 1122 1422 gentiam
1182 1341 1424 1406 ordinis
1485 1341 1598 1402 imi
1657 1339 2048 1401 desideraret
2102 1339 2337 1409 anima,

845 1440 955 1501 sed
988 1439 1118 1501 illic
1149 1439 1404 1502 sisteret
1427 1439 1631 1520 :quod
1665 1456 1924 1520 prorsus
1955 1436 2189 1498 falsum
2220 1443 2335 1498 est.

845 1537 966 1600 Sed
1015 1538 1135 1600 hoc
1183 1555 1357 1598 nunc
1405 1536 1686 1599 solutum
1747 1543 1861 1598 est.
1917 1535 2344 1614 Intelligentia

845 1654 1122 1717 namque
1159 1634 1251 1697 sic
1291 1635 1536 1716 quietat
1573 1641 1635 1696 et
1677 1633 1946 1696 felicitat
1985 1639 2342 1714 separatam

843 1735 1147 1807 animam,
1181 1733 1331 1815 quia
1362 1751 1476 1814 per
1505 1732 1646 1812 ejus
1677 1732 1983 1794 unionem
2014 1730 2090 1792 fit
2129 1729 2344 1791 anima

1414 479 1495 524 DE
1537 479 1764 525 Lunum
1806 475 2193 524 CHRISTIANAE
2237 475 2539 533 TnEomAE,
2584 475 2760 522 Lmen
2802 476 2841 520 1.
2888 493 2969 503 ·-
3010 475 3149 520 ART.
3196 475 3386 522 xtvnl

2699 645 2763 706 in
2826 645 2935 708 illo
2992 650 3090 707 est
3135 661 3289 726 ergo
3334 642 3611 706 felicitas
3668 641 3930 706 finaliter

2451 744 2802 807 statuenda.
2853 744 3203 826 Responsio
3245 762 3417 805 nunc
3464 744 3608 804 data
3650 750 3756 804 est.
3796 742 3929 804 Non

2450 843 2623 904 enim
2677 842 2951 905 intendit
2997 841 3329 914 articulus,
3380 841 3551 922 quod
3602 840 3667 902 in
3716 841 3935 902 unione

2451 942 2529 1003 ad
2563 941 2779 1003 lumen
2815 940 3254 1021 intelligentiae
3285 940 3430 1001 imae
3470 948 3535 1001 et
3576 939 3767 1020 ipsius
3794 955 3937 1000 con-

2451 1040 2865 1122 templatione
2933 1039 3239 1100 consistat
3301 1037 3744 1118 hujuscemodi
3802 1035 3941 1098 feli-

2455 1139 2609 1200 citas
2666 1139 2897 1200 animae
2946 1145 3272 1219 separatae,
3326 1137 3450 1198 nisi
3501 1155 3615 1218 pro
3662 1153 3735 1198 eo
3777 1135 3941 1216 quod

2455 1239 2735 1320 primum
2782 1235 3186 1317 intelligibile
3230 1235 3550 1318 speculari
3600 1235 3813 1317 nequit
3846 1253 3942 1296 se-

2455 1336 2738 1398 cundum
2779 1335 3121 1417 puritatem
3172 1353 3298 1416 qua
3337 1334 3402 1395 in
3440 1352 3511 1396 se
3562 1334 3700 1415 ipso
3744 1332 3941 1394 subsi-

2456 1433 2586 1508 stit,
2640 1435 2749 1496 sed
2810 1452 2923 1514 per
2981 1433 3339 1514 proximam
3390 1432 3941 1512 immediatamque

2456 1532 2761 1594 unionem
2804 1532 2889 1593 ‘ad
2941 1530 3431 1610 intelligentiam
3484 1529 3944 1611 contemplatur

2454 1631 2669 1692 anima
2710 1629 2983 1712 primam
3028 1629 3359 1692 veritatem
3412 1629 3763 1691 secundum
3806 1645 3947 1709 pro·

2458 1729 2612 1810 priae
2661 1747 2791 1791 suae
2838 1727 3077 1809 speciei
3132 1726 3489 1808 analogiam
3547 1735 3613 1789 et
3670 1727 3940 1788 modum.

845 1829 1022 1902 felix,
1052 1837 1358 1910 tanquam
1391 1828 1683 1890 omnium
1725 1826 2215 1909 contemplatrix
2248 1825 2339 1886 lu-
2370 1822 2417 1884 B
2456 1828 2585 1890 Hoc
2615 1846 2846 1908 nempe
2874 1825 3245 1888 intendebat
3265 1825 3573 1888 articulus
3598 1824 3945 1896 ostendere,

843 1927 1159 1990 culentior
1188 1926 1442 2000 effecta,
1459 1944 1589 1989 non
1620 1926 1803 2007 quasi
1835 1926 1900 1986 in
1935 1925 2138 2006 ipsius
2172 1924 2343 1986 nuda

843 2026 1277 2108 speculatione
1318 2025 1568 2088 sistens.
1614 2023 1790 2086 Licet
1839 2024 2075 2086 etenim
2117 2041 2341 2084 secun-

844 2124 998 2185 dum
1057 2122 1629 2205 praedeterminata,
1682 2123 1746 2183 in
1806 2120 2343 2202 contemplatione

844 2223 978 2283 veri
1011 2222 1094 2283 sit
1121 2222 1332 2284 omnis
1363 2221 1816 2283 intellectualis
1856 2228 2097 2282 naturae
2139 2220 2341 2282 felici-

844 2328 960 2394 taS,
984 2337 1110 2382 non
1141 2328 1356 2382 tamen
1386 2320 1478 2380 sic
1508 2326 1579 2380 ut
1607 2319 1914 2399 gaudium
1943 2327 2009 2381 et
2036 2336 2338 2394 amorem,

843 2438 983 2501 quae
1022 2418 1370 2481 voluntatis
1419 2425 1587 2492 sunt,
1635 2417 2013 2500 praescindat
2059 2425 2343 2480 contem-

841 2517 1059 2600 platio,
1093 2517 1204 2580 sed
1248 2517 1551 2598 quoniam
1597 2516 2065 2598 perfectissima
2107 2535 2181 2578 ac
2224 2533 2338 2578 no-

840 2614 1154 2677 bilissima
1203 2614 1434 2676 mentis
1482 2613 1646 2676 actio
1705 2621 1802 2677 est
1860 2613 2333 2695 contemplatiO,

840 2731 1040 2794 quum
1090 2731 1204 2794 per
1253 2731 1393 2776 eam
1444 2720 1670 2776 ceterae
1719 2712 2146 2794 perfectiones
2194 2730 2337 2774 ena-

839 2818 1118 2873 scantur.

919 2908 982 2970 Si
1033 2906 1227 2989 igitur
1275 2927 1497 2970 rursus
1556 2909 1794 2971 dixeris
1843 2926 1856 2970 :
1904 2908 2191 2970 Nobilior
2242 2916 2339 2970 est

835 3007 1068 3070 animae
1109 3013 1413 3090 separatae
1462 3005 1916 3088 contemplatio
1964 3025 2088 3088 qua
2135 3007 2336 3068 Deum
2370 3012 2412 3075 C

836 3104 1336 3187 adspicit,quam
1369 3123 1443 3167 ea
1473 3123 1598 3186 qua
1629 3104 2115 3184 intelligentiam
2148 3122 2338 3185 agno-

835 3202 958 3264 scit
999 3220 1013 3265 :
1058 3220 1184 3265 non
1217 3221 1369 3284 ergo
1408 3202 1471 3263 in
1514 3203 2051 3284 contemplatione
2098 3202 2335 3265 intelli-

833 3302 1064 3382 gentiae
1103 3310 1272 3364 recte
1309 3302 1451 3383 ejus
1501 3301 1772 3364 felicitas
1822 3301 2027 3383 posita
2073 3309 2186 3364 est.
2236 3302 2333 3364 Di-

834 3401 1132 3475 cendum,
1180 3400 1350 3483 quod
1401 3401 1752 3482 unicuique
1801 3400 2155 3462 secundum
2205 3419 2335 3464 suae

821 3500 1070 3584 *speciei
1102 3500 1476 3582 qualitatem
1514 3499 1782 3561 debetur
1821 3499 2112 3562 felicitas.
2150 3501 2218 3562 In
2259 3517 2334 3562 eo

832 3615 984 3678 ergo
1014 3597 1404 3678 intelligibili
1445 3605 1540 3660 est
1581 3597 2097 3679 uniuscujusque
2130 3597 2334 3660 felici-

833 3703 1080 3777 ta8‚per
1111 3695 1295 3777 cujus
1327 3695 1632 3758 unionem
1665 3695 1971 3776 pertingit
1999 3695 2076 3757 ad
2111 3697 2333 3777 primae

834 3793 1119 3856 veritatis
1187 3794 1792 3876 contemplationem
1863 3793 2134 3876 propriae
2207 3815 2337 3859 suae

834 3900 1073 3954 naturae
1105 3892 1732 3972 congruentem.Non
1761 3892 1937 3954 enim
1969 3892 2338 3955 naturaliter

835 3991 1161 4070 cognoscit
1190 4009 1370 4052 mens
1414 3999 1622 4054 creata
1664 3991 2084 4072 quidditatem
2132 3991 2335 4053 divini

833 4089 1020 4161 entis,
1073 4096 1330 4171 propter
1388 4089 1590 4170 ipsius
1649 4089 2337 4171 incircumscriptibili-

2456 1925 2625 2006 quod
2676 1925 2983 1986 naturalis
3032 1923 3306 1986 felicitas
3364 1926 3597 1988 animae
3654 1932 3948 2006 separatae

2455 2040 2581 2085 non
2606 2022 2687 2084 sit
2712 2022 2775 2083 in
2796 2021 3120 2102 agnitione
3144 2021 3337 2103 primi
3370 2021 3948 2103 intellectus,quasi

2455 2122 2593 2204 ipsa
2622 2121 2705 2182 sit
2735 2120 2829 2182 illi
2863 2119 3229 2183 immediate
3260 2121 3637 2182 naturaliter
3666 2119 3946 2182 unibilis.

2532 2219 2676 2282 Haec
2708 2236 2896 2300 porro
2940 2219 3017 2280 de
3064 2217 3339 2281 naturali
3385 2218 3779 2281 beatitudine
3808 2236 3947 2280 san-

2454 2325 2701 2380 ctarum
2732 2317 3093 2379 animarum
3125 2317 3294 2378 dicta
3332 2324 3499 2379 sunt.
3535 2317 3697 2390 Quid
3736 2325 3945 2380 autem

2453 2416 2529 2477 de
2570 2417 2798 2479 ceteris
2840 2414 3177 2477 animabus
3218 2415 3797 2496 philosophandum
3834 2416 3943 2490 sit,

2450 2535 2526 2578 ex
2572 2514 2989 2597 sequentibus
3034 2512 3294 2597 patebit.

2775 2733 3262 2798 ARTICULUS
3310 2733 3624 2798 XLVIII.

2446 2861 2542 2920 De
2580 2859 2903 2934 positione
2950 2858 3303 2918 Avicenme
3348 2859 3525 2917 circa
3572 2861 3949 2920 naturalem

2806 2947 3045 3006 animoe
3093 2947 3583 3007 beatitudinem.

2450 3109 2455 3113 ’
2573 3105 3049 3170 RAEINDUCTIS
3068 3106 3363 3187 equidem
3385 3108 3790 3170 consentiens
3811 3109 3953 3171 Avi-

2604 3223 2806 3267 cenna
2834 3203 3315 3285 Peripateticus,
3334 3205 3689 3268 naturalem
3721 3207 3955 3270 animae

2448 3311 2750 3386 separatae
2780 3302 3149 3365 felicitatem
3181 3303 3246 3364 in
3280 3304 3515 3366 unione
3544 3305 3623 3366 ad
3656 3304 3958 3386 intelligi·

2447 3402 2578 3464 bile
2603 3402 2819 3463 lumen
2852 3401 2996 3464 imae
3028 3401 3771 3485 intelligentiae,ejusque
3804 3422 3957 3467 con-

2446 3501 2861 3582 templatione
2900 3499 3255 3562 secundum
3294 3501 3554 3562 modum
3589 3520 3759 3563 nunc
3792 3522 3954 3584 prae·

2447 3606 2799 3672 ostensum,
2834 3597 3167 3661 constituit
3214 3615 3229 3659 t
3276 3598 3396 3660 hoc
3442 3599 3685 3671 dicenS,
3718 3601 3953 3664 auimae

2446 3697 2893 3760 felicissimam
2972 3696 3107 3759 fore
3179 3697 3377 3759 vitam
3455 3697 3955 3762 exuberantissi-

2448 3814 2749 3876 mamque
2788 3803 2852 3857 et
2894 3794 3344 3857 incessabilem
3389 3794 3679 3876 gloriam,
3714 3803 3783 3857 ut
3830 3797 3954 3860 hoc

2448 3894 2639 3956 modo
2710 3892 3017 3975 separatis
3086 3892 3463 3955 substantiis
3530 3893 3951 3958 assimiletur.

2446 3991 2634 4054 Porro
2666 3999 2733 4053 ut
2764 3991 2933 4052 idem
2963 3990 3070 4064 ait,
3103 3991 3326 4052 unitur
3354 3991 3568 4053 anima
3597 3993 3851 4073 corpori
3886 4003 3959 4056 ut

2446 4089 2889 4152 sanctificetur
2926 4096 2990 4150 et
3025 4088 3413 4150 emundetur
3451 4105 3466 4150 :
3510 4089 3961 4154 sanctificetur

832 4193 1047 4248 tatem.
1111 4187 1236 4249 Hoc
1302 4195 1516 4249 autem
1576 4187 1876 4267 convenit
1933 4188 2163 4250 animae
2224 4207 2337 4270 per
2366 4189 2413 4250 D
2446 4187 2707 4269 quidem
2740 4187 2805 4248 in
2845 4186 3082 4248 affectu
3126 4203 3241 4267 per
3278 4185 3580 4249 virtutem
3620 4205 3637 4266 3
3683 4189 3959 4252 munde-

836 4283 1323 4365 intelligentiam
1368 4284 1491 4346 sibi
1535 4285 2084 4367 propinquiorem,
2120 4293 2190 4347 ut
2232 4286 2336 4348 ba-

837 4382 1044 4445 bitum
1093 4391 1208 4445 est.
1264 4383 1426 4444 Dum
1478 4401 1626 4464 ergo
1683 4383 1936 4456 dicitur,
1989 4384 2337 4447 Perfectior

837 4489 934 4543 est
992 4481 1184 4563 primi
1252 4481 1752 4562 contemplati03
1803 4481 2331 4562 distinguendum

837 4587 951 4642 est.
985 4579 1220 4642 Verum
1261 4578 1560 4661 equidem
1608 4588 1704 4641 est
1735 4580 1854 4642 hoc
1895 4598 1974 4642 ex
2005 4588 2183 4662 parte
2225 4581 2333 4644 ob-

833 4677 1009 4758 jecti,
1057 4695 1182 4740 non
1227 4685 1440 4739 autem
1485 4696 1562 4739 ex
1609 4685 1784 4759 parte
1829 4679 2271 4758 cognoscentis
2316 4696 2329 4740 :

837 4775 1091 4858 plenius
1139 4776 1312 4838 enim
1364 4775 1665 4855 intelligit
1713 4775 1928 4837 anima
1975 4776 2333 4857 intelligen-

833 4872 990 4936 tiam
1037 4893 1230 4956 quam
1278 4873 1580 4956 primum.

918 4971 994 5034 Et
1031 4973 1084 5034 si
1129 4973 1360 5034 iterum
1391 4971 1628 5034 dixeris
1665 4989 1678 5034 :
1715 4971 2211 5034 Desiderabilius
2242 4981 2340 5035 est

838 5071 902 5133 id
948 5089 1226 5153 paucum
1270 5071 1439 5152 quod
1481 5070 1558 5132 de
1598 5071 1824 5153 primae
1862 5070 2148 5133 veritatis
2190 5089 2337 5134 con-

838 5169 1253 5251 templatione
1302 5167 1636 5241 habemus,
1686 5169 1864 5230 omni
1913 5186 1989 5231 eo
2039 5170 2209 5250 quod
2258 5169 2335 5232 de

841 5266 1138 5329 secundis
1182 5265 1612 5348 speculamur,
1645 5267 1999 5328 secundum
2038 5267 2337 5331 Aristote-

2446 4295 2549 4348 tur
2605 4295 2820 4348 autem
2883 4287 2947 4347 in
2999 4284 3331 4347 intellectu
3382 4304 3497 4366 per
3544 4287 3955 4368 sapientiam.

2447 4385 2563 4446 Eas
2595 4403 2745 4466 ergo
2773 4385 3017 4446 animas
3048 4402 3190 4465 quae
3230 4403 3361 4446 suae
3402 4384 3657 4448 unionis
3694 4385 3773 4447 ad
3820 4405 3964 4451 cor-

2448 4503 2567 4564 pus
2599 4483 2843 4565 adeptae
2876 4489 3023 4544 sunt
3052 4481 3546 4555 finem,sanctas
3574 4483 3859 4565 appellat
3891 4496 3959 4548 et

2445 4581 2770 4645 felicitatis
2804 4589 3117 4663 praetactae
3160 4588 3305 4662 post
3345 4582 3811 4663 separationem
3854 4603 3959 4648 ca-

2449 4697 2639 4761 paces
2692 4696 2706 4740 :
2759 4687 2822 4740 et
2869 4696 2997 4760 quo
3048 4677 3338 4759 puriores
3396 4678 3955 4762 sapientioresque

2449 4777 2629 4840 factae
2658 4776 2899 4839 fuerint
2930 4777 2993 4838 in
3026 4792 3313 4857 corpore,
3348 4793 3423 4838 eo
3462 4776 3955 4843 multiformiori

2447 4876 2689 4938 lumine
2749 4884 2937 4957 atque
2983 4873 3385 4956 jucun-ditate
3435 4875 3604 4957 ipsas
3654 4876 3955 4943 irradiari

2446 4994 2482 5035 a
2526 4981 2817 5055 separato
2868 4973 3195 5035 intellectu
3246 4972 3552 5053 profatur.
3604 4974 3957 5040 Enimvero

2446 5072 2716 5152 injustas
2764 5071 3009 5133 animas
3072 5070 3189 5132 hac
3242 5071 3331 5132 ait
3380 5070 3775 5135 beatitudine
3818 5076 3957 5155 pri-

2445 5170 2579 5232 vari
2636 5188 2649 5232 :
2707 5189 2896 5251 quam
2942 5168 3165 5250 utique
3216 5169 3643 5250 privationem
3700 5171 3795 5233 eis
3858 5173 3957 5235 in-

2441 5268 2705 5350 justitiae
2742 5266 3097 5330 commissae
3140 5266 3629 5330 retributionem
3670 5267 3807 5333 fore
3852 5269 3955 5336 in·
