4300 6259
909 497 988 544 DE
1032 496 1258 546 mmmm
1299 494 1682 544 cnmsnANAE
1721 492 2024 550 THEORIAE,
2072 495 2251 543 LIBER
2294 497 2339 544 1.
2382 515 2463 526 -
2505 497 2643 542 ART.
2690 497 2880 544 Lxxm

349 669 512 732 Deus
583 669 1076 752 providentiam,
1135 667 1494 732 necessaria
1557 665 1840 728 illatione
1869 665 1924 728 A

347 767 656 830 inferetur
693 769 772 831 de
811 785 1196 851 unoquoque
1235 767 1406 849 quod
1451 765 1660 848 ipsum
1702 783 1842 827 eve-

345 867 491 929 niet.
525 866 686 929 Nam
718 867 796 929 de
825 866 1112 949 quolibet
1141 866 1250 928 tali
1285 883 1414 927 una
1445 883 1592 926 cum
1622 863 1842 925 divina

345 965 742 1047 providentia
801 964 1061 1028 formari
1122 971 1329 1048 potest
1391 961 1836 1044 hujuscemodi

345 1063 808 1127 conditionalis

420 1161 738 1244 AmpliuS‚
779 1162 834 1225 si
877 1161 1096 1224 omnia
1138 1160 1391 1243 provisa
1435 1167 1584 1221 sunt
1621 1177 1660 1220 a
1689 1159 1838 1230 Dee,

345 1269 548 1323 certus
579 1269 646 1323 et
674 1260 1136 1324 indissolubilis
1165 1266 1262 1322 est
1288 1259 1442 1320 ordo
1467 1273 1837 1321 causarum:

345 1377 470 1441 quo
500 1359 668 1432 dato,
697 1359 916 1423 omnia
944 1358 1366 1440 disponentur
1397 1355 1544 1418 sato.
1579 1355 1754 1428 Quod
1787 1355 1840 1416 si

345 1458 559 1519 omnia
619 1457 748 1520 l'ato
803 1464 1100 1538 aguntur,
1161 1455 1254 1516 nil
1311 1454 1708 1535 relinquetur
1776 1453 1840 1514 iu

345 1563 559 1618 nostra
617 1555 908 1617 libertate
965 1559 1074 1616 aut
1131 1559 1462 1636 potestate,
1513 1560 1576 1614 et
1625 1551 1842 1614 omnia

345 1653 558 1716 futura
583 1652 943 1716 necessario
981 1651 1285 1714 orientur.
1318 1649 1416 1712 Nil
1456 1647 1628 1711 enim
1667 1647 1841 1709 aliud

344 1759 442 1813 est
485 1751 710 1824 latum,
757 1769 950 1832 quam
995 1747 1356 1832 complexio
1399 1754 1462 1810 et
1504 1746 1660 1810 ordo
1699 1763 1844 1807 cau-

3327 478 3451 543 319

2280 727 2768 792 ARTICULUS
2814 727 3125 792 LXXIII.

1957 873 2141 940 Quod
2184 877 2403 950 fatum
2452 884 2513 934 ec
2557 877 2982 952 providencia
3034 895 3148 935 nec
3196 877 3457 935 liberta-

2037 972 2187 1032 tem,
2233 983 2439 1042 neque
2485 966 3023 1042 concinyentiam,
3074 985 3189 1025 nec
3234 985 3455 1024 casum

2035 1060 2096 1110 et
2137 1053 2482 1128 fortunam
2526 1055 2605 1113 ab
2648 1055 2905 1114 entibus
2940 1057 3409 1130 proescindant.

2091 1257 2181 1320 ST
2228 1265 2441 1320 autem
2491 1258 2797 1341 sapientis
2846 1259 3253 1341 potentisque
3312 1277 3454 1341 pro-

2115 1357 2367 1431 visoriS,
2422 1357 2773 1438 gubernata
2819 1357 3063 1439 singula
3112 1359 3456 1420 secundum

1955 1454 2457 1536 uniuscujusque
2504 1457 2951 1537 proprietatem
3004 1457 3457 1539 propriamque

1959 1561 2249 1614 naturam
2278 1553 2649 1634 gubernare.
2668 1555 2873 1617 Prima
2900 1563 3110 1616 autem
3140 1555 3303 1616 entis
3336 1556 3459 1618 dis-

1958 1651 2203 1724 tinctio,
2238 1653 2589 1714 secundum
2632 1653 3086 1734 Philosophum
3128 1660 3307 1716 sexto
3340 1653 3457 1716 Me·

1957 1748 2323 1831 taphysicae,
2368 1758 2463 1811 est
2506 1769 2621 1832 per
2657 1751 3031 1831 contingens
3070 1759 3132 1813 et
3172 1771 3459 1814 necessa—

345 1869 558 1912 sarum
591 1851 658 1911 in
689 1849 880 1911 rebus
909 1849 1192 1929 digestus
1233 1847 1414 1928 juxta
1441 1845 1676 1909 divinae
1705 1862 1846 1926 pro-
1881 1846 1930 1910 B
1961 1847 2146 1908 rium.
2166 1847 2413 1909 Summi
2443 1867 2593 1928 ergo
2622 1849 2881 1911 rectoris
2910 1857 3007 1911 est
3038 1850 3459 1931 contingentia

350 1948 646 2012 videntiae
675 1947 1096 2010 certissimam
1127 1945 1542 2008 sanctionem.
1577 1943 1653 2005 Et
1683 1945 1845 2004 hanc

349 2048 662 2110 rationem
710 2047 956 2108 Marcus
1003 2044 1248 2107 Tullius
1297 2043 1360 2105 in
1413 2043 1576 2106 libro
1623 2043 1702 2104 de
1751 2041 1848 2104 Di-

349 2145 786 2209 vinationibus
829 2142 1198 2206 introduxit.

431 2244 742 2326 Denique,
775 2243 1052 2324 cognitio
1091 2259 1258 2314 vera,
1291 2249 1388 2303 est
1419 2249 1710 2303 naturam
1743 2257 1843 2301 co-

347 2342 510 2424 gniti
540 2341 956 2424 contemplari
999 2357 1124 2422 non
1155 2339 1340 2402 aliter
1366 2357 1558 2420 quam
1591 2345 1708 2412 est,
1731 2357 1846 2400 seu

351 2459 466 2523 per
490 2440 818 2522 oppositas
863 2439 1303 2522 proprietateS,
1335 2437 1446 2500 sed
1491 2437 1844 2500 secundum

351 2540 678 2622 propriam
707 2539 806 2601 sui
839 2538 1296 2612 conditionem,
1327 2545 1391 2598 et
1427 2537 1594 2598 sicut
1634 2535 1844 2617 ipsum

347 2648 464 2701 est.
517 2639 644 2700 Aut
699 2654 850 2719 ergo
905 2637 1162 2698 divinus
1221 2635 1583 2698 intellectus
1633 2642 1850 2697 censet

347 2739 566 2800 omnia
623 2737 1080 2799 inevitabiliter
1141 2743 1470 2808 eventura,
1529 2743 1637 2798 aut
1695 2751 1842 2796 non.

348 2838 412 2899 Si
473 2837 782 2918 primum,
843 2835 1080 2918 duplex
1137 2835 1428 2916 sequitur
1485 2833 1851 2896 inconveni-

347 2955 486 2997 enS.
539 2934 846 3006 Primum,
889 2933 1058 3015 quod
1107 2951 1208 2995 res
1253 2949 1378 2994 non
1427 2939 1852 3013 agnoscantur

1960 1964 2084 2008 non
2129 1947 2221 2008 sic
2266 1946 2329 2008 in
2362 1947 2459 2008 sui
2494 1947 2692 2010 finem
2734 1947 3009 2029 dirigere
3050 1949 3459 2030 quemadmo-

1960 2045 2112 2106 dum
2154 2045 2547 2106 necessaria:
2582 2047 2937 2108 necessaria
2968 2047 3209 2128 quippe
3238 2067 3275 2110 a
3305 2048 3457 2110 finis

1959 2143 2297 2225 adeptione
2336 2161 2463 2205 non
2505 2143 2836 2206 deficiunt.
2883 2145 3059 2209 Cadit
3106 2147 3299 2227 igitur
3339 2146 3459 2210 sub

1963 2243 2315 2304 intentione
2354 2242 2588 2304 divinae
2620 2243 3055 2324 providentiae,
3090 2251 3159 2304 ut
3198 2246 3458 2326 quidam

1960 2340 2233 2403 effectus
2264 2339 2577 2402 stabiliter
2604 2359 2677 2402 ac
2708 2341 3111 2404 uniformiter
3140 2343 3457 2418 eveniant,

1963 2457 2080 2500 nec
2110 2438 2295 2501 aliter
2325 2456 2393 2500 se
2424 2437 2659 2502 habere
2692 2439 2937 2522 possint
2964 2458 2979 2520 3
3014 2448 3076 2502 et
3114 2460 3357 2514 rursuS,
3392 2450 3463 2505 ut

1961 2537 2251 2619 quaedam
2292 2537 2579 2599 vicissim
2609 2537 2809 2600 asine
2852 2557 2969 2602 suo
3011 2549 3361 2614 cassentur,
3397 2549 3461 2604 et

1961 2635 2054 2698 sic
2087 2635 2243 2698 fiant
2272 2643 2341 2696 ut
2370 2655 2551 2717 aeque
2582 2653 2703 2698 non
2738 2636 2882 2699 fieri
2915 2638 3005 2699 nil
3041 2657 3292 2721 prorsus
3327 2658 3463 2722 pro-

1961 2733 2194 2796 hibeat.
2230 2733 2365 2795 Non
2400 2751 2549 2814 ergo
2580 2734 2873 2796 divinum
2906 2737 3193 2816 regimen
3224 2745 3287 2799 et
3320 2754 3459 2820 pro·

1963 2832 2327 2894 videntialis
2378 2833 2538 2894 ratio
2587 2833 3087 2913 contingentiam
3135 2835 3457 2910 auferunt,

1961 2941 2024 2994 et
2069 2949 2183 3013 per
2220 2948 2618 3013 consequens
2663 2951 2781 2994 nec
2828 2932 3054 3006 satum,
3102 2934 3287 3014 cujus
3336 2935 3463 2998 dis-

347 3035 518 3096 sicut
555 3041 706 3094 sunt
745 3040 810 3095 et
847 3032 1200 3094 secundum
1243 3032 1530 3114 proprias
1569 3031 1668 3092 sui
1709 3049 1852 3114 pro-
1887 3037 1932 3103 C
1961 3029 2256 3093 solubilis
2322 3049 2523 3092 nexus
2589 3029 2669 3093 ab
2736 3031 2981 3113 origine
3045 3033 3461 3114 providentias

347 3134 692 3215 prietates:
727 3132 938 3213 itaque
967 3147 1094 3192 non
1125 3147 1276 3192 vere
1303 3130 1845 3212 dignoscerentur.

347 3229 920 3312 Secundum,quod
949 3227 1242 3291 sallibilis
1273 3235 1438 3290 esset
1466 3228 1684 3290 divina
1715 3246 1852 3310 pro-

349 3331 656 3395 videntia.
681 3328 874 3391 Multa
905 3345 1178 3410 namque
1211 3344 1334 3389 non
1367 3327 1848 3402 inevitabiliter,

347 3430 464 3492 sed
509 3429 954 3509 contingenter
997 3427 1186 3488 fiunt.
1231 3425 1492 3488 Fallitur
1537 3426 1752 3507 igitur,
1795 3427 1848 3488 si

344 3528 568 3592 omnia
601 3525 1059 3588 inevitabiliter
1093 3531 1310 3587 censet
1347 3531 1674 3599 eventura,
1709 3545 1850 3607 quae

345 3645 534 3710 aeque
583 3624 728 3688 l'ieri
773 3633 835 3687 et
882 3641 1010 3686 non
1057 3623 1202 3686 fieri
1253 3630 1540 3706 possunt.
1585 3624 1649 3686 Si
1697 3642 1850 3687 vero

345 3723 772 3809 praeagnoscit
799 3741 874 3784 ea
903 3729 1172 3784 ventura
1201 3722 1366 3784 sicut
1395 3728 1652 3794 sunt,ut
1681 3723 1850 3786 vide·

343 3827 502 3888 licet
530 3821 966 3902 contingentia
995 3821 1435 3902 contingenter
1464 3821 1668 3882 futura
1699 3841 1852 3903 prae-

343 3923 532 3994 sciat,
579 3928 734 3982 tunc
779 3919 888 3981 Dei
935 3917 1336 4000 praescientia
1378 3926 1546 3980 esset
1587 3919 1852 3982 omnino

346 4024 618 4084 incerta.
671 4019 952 4090 Quorum
995 4015 1329 4098 quodlibet
1367 4035 1558 4098 quam
1601 4017 1684 4078 sit
1727 4017 1852 4079 ini·

345 4138 555 4203 quum
588 4118 665 4179 de
695 4117 912 4179 divina
941 4115 1332 4198 praenotione
1361 4114 1852 4190 sentire‚barba-

343 4237 570 4282 rorum
615 4216 808 4278 etiam
855 4213 1177 4276 mentibus
1215 4213 1540 4276 elucescit.

413 4319 504 4380 At
520 4332 670 4378 vero
701 4314 909 4395 posito
937 4313 1108 4395 quod
1137 4312 1310 4374 hunc
1339 4312 1670 4374 ditandum
1695 4312 1849 4387 l'ore,

341 4416 430 4476 sit
477 4432 516 4474 a
557 4414 684 4475 Deo
729 4413 1082 4494 provisum,
1109 4419 1262 4474 tunc
1306 4410 1408 4473 vel
1457 4430 1716 4475 necesse
1759 4420 1855 4474 est

341 4513 528 4574 hunc
574 4511 785 4586 ditari,
831 4511 933 4572 vel
979 4511 1354 4590 contingens
1399 4527 1412 4571 :
1465 4511 1518 4572 si
1567 4529 1850 4582 necesse,

341 4610 570 4673 omnia
600 4611 677 4672 de
709 4609 1088 4672 necessitate
1116 4609 1455 4687 evenient3
1489 4609 1542 4670 si
1582 4627 1734 4672 vero
1773 4611 1855 4672 sit

343 4709 754 4790 contingenS,
797 4707 1102 4790 possibile
1143 4715 1240 4768 est
1287 4726 1434 4770 eum
1475 4725 1600 4770 non
1641 4709 1848 4770 ditari.

345 4810 591 4871 Ponam
621 4825 772 4889 ergo
802 4808 922 4869 hoc
953 4806 1260 4889 possibile
1293 4807 1358 4868 in
1388 4825 1528 4868 esse
1561 4823 1574 4866 ε
1608 4825 1734 4888 quo
1767 4807 1854 4868 la-

345 4919 480 4982 cto,
497 4908 746 4970 nullum
770 4914 1074 4989 sequetur
1093 4905 1507 4988 impossibile.
1531 4904 1672 4968 Haec
1704 4923 1852 4986 ergo

345 5006 618 5070 stabunt
645 5005 840 5068 simul
878 5023 892 5067 :
926 5006 1090 5070 Deus
1133 5003 1413 5086 providit
1448 5003 1619 5065 hunc
1650 5004 1852 5065 ditan-

345 5109 534 5178 dum,
567 5113 630 5168 et
660 5105 768 5168 hic
800 5122 928 5167 non
959 5103 1285 5166 ditabitur.
1315 5101 1450 5175 Quo
1489 5110 1714 5176 stante,
1747 5103 1852 5164 de·

345 5207 536 5269 ficiet
562 5212 626 5268 et
657 5205 916 5267 falletur
945 5221 1212 5266 summae
1245 5202 1477 5264 mentis
1517 5202 1852 5283 providen-

345 5308 526 5373 tialis
555 5305 718 5368 ratio
752 5322 768 5366 ε
803 5303 974 5386 quod
1005 5301 1198 5364 nimis
1230 5301 1654 5381 incongruum
1683 5308 1798 5362 est.

1965 3136 2195 3191 manat.
2248 3128 2439 3191 Porro
2490 3137 2729 3192 naturae
2788 3131 3077 3211 quaedam
3136 3150 3213 3194 ex
3262 3133 3461 3214 gradu

1963 3229 2235 3310 propriae
2267 3227 2505 3310 speciei
2539 3227 2898 3290 libertatem
2930 3230 3335 3313 participant,
3370 3232 3461 3294 sic

1961 3335 2031 3389 ut
2067 3326 2319 3408 objecto
2357 3325 2481 3388 sibi
2527 3335 2925 3409 praesentato,
2960 3327 3463 3394 indeterminatio

1961 3431 2391 3506 perseverent,
2426 3431 2805 3506 vertantque
2852 3443 2919 3486 se
2962 3444 3090 3508 quo
3136 3427 3364 3510 placet.
3398 3428 3461 3492 Si

1960 3540 2109 3604 ergo
2143 3523 2543 3606 providentia
2580 3531 2809 3585 cuncta
2848 3526 3203 3588 secundum
3243 3527 3463 3588 unius·

1961 3621 2275 3703 cujusque
2344 3621 2775 3684 conditionem
2842 3621 3189 3704 dispensat,
3251 3624 3459 3707 palam

1961 3721 2130 3802 quod
2192 3739 2309 3783 nec
2371 3720 2731 3782 libertatem
2783 3719 2967 3782 tollit.
3024 3721 3111 3782 Ex
3162 3723 3261 3784 his
3312 3741 3463 3786 vero

1963 3818 2325 3892 innotescit,
2359 3819 2529 3900 quod
2568 3836 2685 3880 nec
2728 3836 2945 3880 casum
2988 3819 3283 3900 prohibet
3326 3821 3461 3884 sive

1963 3916 2283 3979 fortunam
2341 3933 2355 3977 ε
2402 3935 2479 3977 ex
2536 3917 2655 3978 hoc
2712 3935 2991 3998 namque
3047 3918 3215 3998 quod
3275 3937 3461 3999 agen·

1961 4015 2052 4076 tia
2095 4013 2309 4096 aliqua
2360 4013 2691 4077 mutabilia
2745 4021 2915 4087 sunt,
2968 4022 3029 4076 et
3078 4035 3115 4076 a
3164 4015 3299 4078 l'ine
3346 4035 3463 4080 suo

1965 4112 2247 4174 vicissim
2308 4112 2695 4186 deficientia,
2748 4113 3123 4194 contingunt
3172 4131 3353 4176 casus
3401 4122 3463 4178 et

1883 4211 1932 4273 D
1968 4211 2239 4274 fortuna.

2045 4310 2370 4382 Praeterea,
2422 4307 2729 4390 sapientis
2788 4317 2885 4372 est
2932 4310 3245 4374 ordinare.
3300 4311 3463 4375 Ordo

1963 4416 2177 4471 autem
2238 4408 2291 4470 si
2346 4407 2701 4489 tripartitus
2749 4409 2851 4482 sit,
2908 4409 3231 4492 perfectus
3286 4417 3381 4473 est
3444 4428 3459 4474 :

1964 4507 2268 4588 quoniam
2327 4505 2679 4568 secundum
2738 4506 3193 4589 Philosophum
3254 4509 3463 4591 primo

1966 4605 2144 4680 Coeli,
2179 4622 2367 4667 omne
2411 4604 2651 4666 trinum
2698 4604 3075 4687 perfectum.
3112 4607 3285 4669 Unde
3329 4626 3462 4670 cer·

1965 4705 2179 4766 nimus
2214 4704 2278 4764 in
2309 4701 2641 4764 ordinibus
2672 4721 2912 4776 rerum,
2949 4703 3115 4784 quod
3148 4703 3315 4766 inter
3354 4725 3463 4768 na·

1963 4811 2138 4864 turas
2172 4801 2446 4864 multum
2476 4801 2781 4863 distantes
2813 4808 2908 4862 est
2939 4819 3194 4883 semper
3237 4810 3464 4866 natura

1969 4901 2179 4964 media
2224 4918 2238 4961 t
2286 4919 2427 4981 quae
2474 4899 2573 4978 (ut
2624 4899 2711 4960 ait
2759 4900 3095 4980 Averroes)
3138 4908 3232 4961 est
3280 4901 3463 4982 quasi

1967 5000 2381 5082 ligamentum
2451 4998 2825 5060 distantium
2888 5006 3277 5062 naturarum.
3341 5001 3463 5063 Sed

1964 5100 2319 5162 secundum
2358 5095 2814 5178 Philosophum
2852 5105 3029 5160 sexto
3068 5097 3291 5161 Primae
3324 5099 3463 5180 phi·

1965 5197 2292 5280 losophiae,
2336 5195 2490 5259 ordo
2528 5213 2863 5258 causarum
2905 5214 3100 5278 penes
3140 5197 3463 5279 triplicem

1963 5297 2233 5380 gradum
2263 5295 2639 5377 assignatur.
2674 5295 2971 5369 Quaedam
3001 5295 3175 5358 enim
3208 5315 3464 5380 semper
