<?xml version="1.0" encoding="UTF-8"?>
<!DOCTYPE html PUBLIC "-//W3C//DTD XHTML 1.0 Transitional//EN"
    "http://www.w3.org/TR/xhtml1/DTD/xhtml1-transitional.dtd">
<html xmlns="http://www.w3.org/1999/xhtml" xml:lang="en" lang="en">
 <head>
  <title>
</title>
<meta http-equiv="Content-Type" content="text/html;charset=utf-8" />
  <meta name='ocr-system' content='tesseract 3.04.00' />
  <meta name='ocr-capabilities' content='ocr_page ocr_carea ocr_par ocr_line ocrx_word'/>
</head>
<body>
  <div class='ocr_page' id='page_1' title='image "./doctorisecstati05unkngoog_0127.png"; bbox 0 0 4300 6259; ppageno 0'>
   <div class='ocr_carea' id='block_1_1' title="bbox 1430 976 2387 1091">
    <p class='ocr_par' dir='ltr' id='par_1_1' title="bbox 1430 976 2387 1091">
     <span class='ocr_line' id='line_1_1' title="bbox 1430 976 2387 1091; baseline 0.002 -5"><span class='ocrx_word' id='word_1_1' title='bbox 1430 976 2387 1091; x_wconf 89' lang='lat' dir='ltr'>PROOEMIUM</span> 
     </span>
    </p>
   </div>
   <div class='ocr_carea' id='block_1_2' title="bbox 348 1717 3749 3197">
    <p class='ocr_par' dir='ltr' id='par_1_2' title="bbox 576 1717 1349 1801">
     <span class='ocr_line' id='line_1_2' title="bbox 576 1717 1349 1801; baseline -0.004 -18"><span class='ocrx_word' id='word_1_2' title='bbox 576 1719 741 1801; x_wconf 88' lang='lat' dir='ltr'><strong>ejus.</strong></span> <span class='ocrx_word' id='word_1_3' title='bbox 776 1717 969 1782; x_wconf 84' lang='lat' dir='ltr'><strong>Eccli.</strong></span> <span class='ocrx_word' id='word_1_4' title='bbox 1004 1737 1083 1794; x_wconf 79' lang='lat' dir='ltr'><strong>u,</strong></span> <span class='ocrx_word' id='word_1_5' title='bbox 1114 1717 1219 1794; x_wconf 82' lang='lat'><strong>33,</strong></span> <span class='ocrx_word' id='word_1_6' title='bbox 1249 1717 1349 1783; x_wconf 74' lang='lat'><strong>34.</strong></span> 
     </span>
    </p>

    <p class='ocr_par' dir='ltr' id='par_1_3' title="bbox 348 1826 3749 3197">
     <span class='ocr_line' id='line_1_3' title="bbox 670 1826 3451 1913; baseline 0.001 -23"><span class='ocrx_word' id='word_1_7' title='bbox 670 1827 873 1902; x_wconf 80' lang='lat' dir='ltr'><strong>Quam</strong></span> <span class='ocrx_word' id='word_1_8' title='bbox 918 1826 1333 1890; x_wconf 86' lang='lat' dir='ltr'><strong>vehementer</strong></span> <span class='ocrx_word' id='word_1_9' title='bbox 1386 1845 1463 1890; x_wconf 87' lang='lat' dir='ltr'><strong>ac</strong></span> <span class='ocrx_word' id='word_1_10' title='bbox 1518 1844 1771 1891; x_wconf 84' lang='lat' dir='ltr'><strong>summe</strong></span> <span class='ocrx_word' id='word_1_11' title='bbox 1820 1827 2137 1910; x_wconf 89' lang='lat' dir='ltr'><strong>cupienda</strong></span> <span class='ocrx_word' id='word_1_12' title='bbox 2183 1834 2248 1890; x_wconf 91' lang='lat' dir='ltr'><strong>et</strong></span> <span class='ocrx_word' id='word_1_13' title='bbox 2296 1827 2678 1911; x_wconf 80' lang='lat' dir='ltr'><strong>requirenda</strong></span> <span class='ocrx_word' id='word_1_14' title='bbox 2735 1828 2820 1891; x_wconf 86' lang='lat' dir='ltr'><strong>sit</strong></span> <span class='ocrx_word' id='word_1_15' title='bbox 2875 1829 3061 1892; x_wconf 92' lang='lat' dir='ltr'><strong>nobis</strong></span> <span class='ocrx_word' id='word_1_16' title='bbox 3117 1829 3451 1913; x_wconf 86' lang='lat' dir='ltr'><strong>sapientia,</strong></span> 
     </span>
     <span class='ocr_line' id='line_1_4' title="bbox 354 1933 3452 2019; baseline 0.001 -22"><span class='ocrx_word' id='word_1_17' title='bbox 354 1935 571 1998; x_wconf 85' lang='lat' dir='ltr'><strong>docuit</strong></span> <span class='ocrx_word' id='word_1_18' title='bbox 598 1943 793 2017; x_wconf 85' lang='lat' dir='ltr'><strong>atque</strong></span> <span class='ocrx_word' id='word_1_19' title='bbox 822 1941 1089 1998; x_wconf 87' lang='lat' dir='ltr'><strong>testatus</strong></span> <span class='ocrx_word' id='word_1_20' title='bbox 1130 1942 1227 1998; x_wconf 84' lang='lat' dir='ltr'><strong>est</strong></span> <span class='ocrx_word' id='word_1_21' title='bbox 1264 1933 1551 1998; x_wconf 85' lang='lat' dir='ltr'><strong>Christus</strong></span> <span class='ocrx_word' id='word_1_22' title='bbox 1582 1933 1895 2017; x_wconf 80' lang='lat' dir='ltr'><strong>sapientia</strong></span> <span class='ocrx_word' id='word_1_23' title='bbox 1930 1934 2042 1997; x_wconf 91' lang='lat' dir='ltr'><strong>Dei</strong></span> <span class='ocrx_word' id='word_1_24' title='bbox 2082 1935 2304 2010; x_wconf 90' lang='lat' dir='ltr'><strong>Patris,</strong></span> <span class='ocrx_word' id='word_1_25' title='bbox 2335 1935 2400 1997; x_wconf 95' lang='lat' dir='ltr'><strong>in</strong></span> <span class='ocrx_word' id='word_1_26' title='bbox 2440 1942 2586 1998; x_wconf 88' lang='lat' dir='ltr'><strong>actu</strong></span> <span class='ocrx_word' id='word_1_27' title='bbox 2625 1935 2952 2019; x_wconf 85' lang='lat' dir='ltr'><strong>sapientiae</strong></span> <span class='ocrx_word' id='word_1_28' title='bbox 2993 1937 3452 2000; x_wconf 87' lang='lat' dir='ltr'><strong>beatitudinem</strong></span> 
     </span>
     <span class='ocr_line' id='line_1_5' title="bbox 356 2040 3748 2125; baseline 0.001 -20"><span class='ocrx_word' id='word_1_29' title='bbox 356 2041 685 2106; x_wconf 86' lang='lat' dir='ltr'><strong>rationalis</strong></span> <span class='ocrx_word' id='word_1_30' title='bbox 726 2049 1031 2106; x_wconf 79' lang='lat' dir='ltr'><strong>creaturae</strong></span> <span class='ocrx_word' id='word_1_31' title='bbox 1074 2040 1422 2105; x_wconf 80' lang='lat' dir='ltr'><strong>consistere</strong></span> <span class='ocrx_word' id='word_1_32' title='bbox 1466 2041 1833 2124; x_wconf 78' lang='lat' dir='ltr'><strong>perhibenS,</strong></span> <span class='ocrx_word' id='word_1_33' title='bbox 1874 2061 2075 2124; x_wconf 89' lang='lat' dir='ltr'><strong>quum</strong></span> <span class='ocrx_word' id='word_1_34' title='bbox 2120 2041 2520 2125; x_wconf 80' lang='lat' dir='ltr'>deprompsit</span> <span class='ocrx_word' id='word_1_35' title='bbox 2552 2059 2566 2104; x_wconf 77' lang='grc' dir='ltr'>ε</span> <span class='ocrx_word' id='word_1_36' title='bbox 2599 2043 2743 2106; x_wconf 79' lang='lat' dir='ltr'><strong>Haec</strong></span> <span class='ocrx_word' id='word_1_37' title='bbox 2785 2051 2884 2104; x_wconf 90' lang='lat' dir='ltr'><strong>est</strong></span> <span class='ocrx_word' id='word_1_38' title='bbox 2923 2043 3054 2106; x_wconf 87' lang='lat' dir='ltr'><strong>vita</strong></span> <span class='ocrx_word' id='word_1_39' title='bbox 3095 2051 3349 2118; x_wconf 82' lang='lat' dir='ltr'><strong>aeterna,</strong></span> <span class='ocrx_word' id='word_1_40' title='bbox 3383 2052 3453 2108; x_wconf 91' lang='lat' dir='ltr'><strong>ut</strong></span> <span class='ocrx_word' id='word_1_41' title='bbox 3477 2062 3748 2118; x_wconf 56' lang='lat' dir='ltr'><strong>harimnu,</strong></span> 
     </span>
     <span class='ocr_line' id='line_1_6' title="bbox 355 2129 3747 2244; baseline 0.001 -32"><span class='ocrx_word' id='word_1_42' title='bbox 355 2157 743 2230; x_wconf 78' lang='lat' dir='ltr'><strong>cognoscant</strong></span> <span class='ocrx_word' id='word_1_43' title='bbox 779 2157 841 2211; x_wconf 82' lang='lat' dir='ltr'><strong>te</strong></span> <span class='ocrx_word' id='word_1_44' title='bbox 878 2167 1105 2212; x_wconf 89' lang='lat' dir='ltr'><strong>verum</strong></span> <span class='ocrx_word' id='word_1_45' title='bbox 1145 2149 1369 2212; x_wconf 85' lang='lat' dir='ltr'><strong>Deum.</strong></span> <span class='ocrx_word' id='word_1_46' title='bbox 1402 2149 1563 2212; x_wconf 85' lang='lat' dir='ltr'><strong>Hinc</strong></span> <span class='ocrx_word' id='word_1_47' title='bbox 1604 2149 1831 2212; x_wconf 88' lang='lat' dir='ltr'><strong>melior</strong></span> <span class='ocrx_word' id='word_1_48' title='bbox 1868 2155 1966 2211; x_wconf 89' lang='lat' dir='ltr'><strong>est</strong></span> <span class='ocrx_word' id='word_1_49' title='bbox 2002 2149 2316 2231; x_wconf 87' lang='lat' dir='ltr'><strong>sapientia</strong></span> <span class='ocrx_word' id='word_1_50' title='bbox 2359 2150 2607 2213; x_wconf 90' lang='lat' dir='ltr'><strong>cunctis</strong></span> <span class='ocrx_word' id='word_1_51' title='bbox 2645 2149 2920 2232; x_wconf 85' lang='lat' dir='ltr'><strong>opibus3</strong></span> <span class='ocrx_word' id='word_1_52' title='bbox 2951 2158 3017 2213; x_wconf 86' lang='lat' dir='ltr'><strong>et</strong></span> <span class='ocrx_word' id='word_1_53' title='bbox 3052 2151 3268 2214; x_wconf 91' lang='lat' dir='ltr'><strong>omnia</strong></span> <span class='ocrx_word' id='word_1_54' title='bbox 3311 2171 3452 2234; x_wconf 84' lang='lat' dir='ltr'><strong>quae</strong></span> <span class='ocrx_word' id='word_1_55' title='bbox 3480 2129 3657 2234; x_wconf 43' lang='lat' dir='ltr'><strong>*prom</strong></span> <span class='ocrx_word' id='word_1_56' title='bbox 3687 2205 3747 2244; x_wconf 56' lang='lat' dir='ltr'><strong>m,</strong></span> 
     </span>
     <span class='ocr_line' id='line_1_7' title="bbox 353 2253 3749 2371; baseline 0.001 -53"><span class='ocrx_word' id='word_1_57' title='bbox 353 2256 821 2330; x_wconf 78' lang='lat' dir='ltr'><strong>desiderantur,</strong></span> <span class='ocrx_word' id='word_1_58' title='bbox 865 2255 1016 2319; x_wconf 89' lang='lat' dir='ltr'><strong>huic</strong></span> <span class='ocrx_word' id='word_1_59' title='bbox 1057 2273 1183 2319; x_wconf 89' lang='lat' dir='ltr'><strong>non</strong></span> <span class='ocrx_word' id='word_1_60' title='bbox 1221 2255 1438 2318; x_wconf 86' lang='lat' dir='ltr'><strong>valent</strong></span> <span class='ocrx_word' id='word_1_61' title='bbox 1476 2256 1849 2338; x_wconf 85' lang='lat' dir='ltr'><strong>comparari.</strong></span> <span class='ocrx_word' id='word_1_62' title='bbox 1897 2255 2182 2338; x_wconf 89' lang='lat' dir='ltr'><strong>Denique</strong></span> <span class='ocrx_word' id='word_1_63' title='bbox 2231 2257 2368 2340; x_wconf 89' lang='lat' dir='ltr'><strong>ipsa</strong></span> <span class='ocrx_word' id='word_1_64' title='bbox 2414 2264 2511 2321; x_wconf 86' lang='lat' dir='ltr'><strong>est</strong></span> <span class='ocrx_word' id='word_1_65' title='bbox 2557 2259 2908 2340; x_wconf 83' lang='lat' dir='ltr'><strong>speciosior</strong></span> <span class='ocrx_word' id='word_1_66' title='bbox 2955 2259 3109 2334; x_wconf 88' lang='lat' dir='ltr'><strong>sole,</strong></span> <span class='ocrx_word' id='word_1_67' title='bbox 3149 2267 3214 2324; x_wconf 91' lang='lat' dir='ltr'><strong>et</strong></span> <span class='ocrx_word' id='word_1_68' title='bbox 3260 2279 3454 2342; x_wconf 85' lang='lat' dir='ltr'><strong>super</strong></span> <span class='ocrx_word' id='word_1_69' title='bbox 3481 2253 3749 2371; x_wconf 50' lang='grc' dir='ltr'><strong>*εὶρξζζὲζ</strong></span> 
     </span>
     <span class='ocr_line' id='line_1_8' title="bbox 354 2363 3454 2446; baseline 0.002 -22"><span class='ocrx_word' id='word_1_70' title='bbox 354 2381 613 2426; x_wconf 90' lang='lat' dir='ltr'><strong>omnem</strong></span> <span class='ocrx_word' id='word_1_71' title='bbox 655 2363 1143 2446; x_wconf 85' lang='lat' dir='ltr'><strong>dispositionem</strong></span> <span class='ocrx_word' id='word_1_72' title='bbox 1184 2363 1513 2427; x_wconf 89' lang='lat' dir='ltr'><strong>stellarum</strong></span> <span class='ocrx_word' id='word_1_73' title='bbox 1548 2364 1673 2426; x_wconf 90' lang='lat' dir='ltr'><strong>luci</strong></span> <span class='ocrx_word' id='word_1_74' title='bbox 1706 2371 2089 2445; x_wconf 89' lang='lat' dir='ltr'><strong>comparata,</strong></span> <span class='ocrx_word' id='word_1_75' title='bbox 2126 2364 2452 2426; x_wconf 84' lang='lat' dir='ltr'><strong>invenitur</strong></span> <span class='ocrx_word' id='word_1_76' title='bbox 2495 2363 2687 2445; x_wconf 91' lang='lat' dir='ltr'><strong>prior.</strong></span> <span class='ocrx_word' id='word_1_77' title='bbox 2725 2363 2924 2440; x_wconf 87' lang='lat' dir='ltr'><strong>Quod,</strong></span> <span class='ocrx_word' id='word_1_78' title='bbox 2957 2366 3010 2428; x_wconf 92' lang='lat' dir='ltr'><strong>si</strong></span> <span class='ocrx_word' id='word_1_79' title='bbox 3055 2367 3133 2429; x_wconf 84' lang='lat' dir='ltr'><strong>de</strong></span> <span class='ocrx_word' id='word_1_80' title='bbox 3175 2367 3454 2430; x_wconf 88' lang='lat' dir='ltr'><strong>increata</strong></span> 
     </span>
     <span class='ocr_line' id='line_1_9' title="bbox 354 2470 3454 2554; baseline 0.002 -22"><span class='ocrx_word' id='word_1_81' title='bbox 354 2470 703 2553; x_wconf 77' lang='lat' dir='ltr'><strong>Sapientia,</strong></span> <span class='ocrx_word' id='word_1_82' title='bbox 754 2489 895 2552; x_wconf 79' lang='lat' dir='ltr'><strong>quae</strong></span> <span class='ocrx_word' id='word_1_83' title='bbox 952 2477 1050 2533; x_wconf 88' lang='lat' dir='ltr'><strong>est</strong></span> <span class='ocrx_word' id='word_1_84' title='bbox 1104 2471 1473 2552; x_wconf 82' lang='lat' dir='ltr'><strong>unigenitus</strong></span> <span class='ocrx_word' id='word_1_85' title='bbox 1522 2471 1719 2533; x_wconf 85' lang='lat' dir='ltr'><strong>Filius</strong></span> <span class='ocrx_word' id='word_1_86' title='bbox 1768 2471 1967 2534; x_wconf 88' lang='lat' dir='ltr'><strong>Patris</strong></span> <span class='ocrx_word' id='word_1_87' title='bbox 2023 2471 2267 2544; x_wconf 81' lang='lat' dir='ltr'><strong>aeterni,</strong></span> <span class='ocrx_word' id='word_1_88' title='bbox 2317 2471 2562 2534; x_wconf 90' lang='lat' dir='ltr'><strong>dictum</strong></span> <span class='ocrx_word' id='word_1_89' title='bbox 2613 2471 3026 2554; x_wconf 82' lang='lat' dir='ltr'><strong>intelligatur,</strong></span> <span class='ocrx_word' id='word_1_90' title='bbox 3077 2473 3322 2536; x_wconf 89' lang='lat' dir='ltr'><strong>clarum</strong></span> <span class='ocrx_word' id='word_1_91' title='bbox 3379 2493 3454 2537; x_wconf 88' lang='lat' dir='ltr'><strong>ac</strong></span> 
     </span>
     <span class='ocr_line' id='line_1_10' title="bbox 352 2575 3454 2660; baseline 0.001 -20"><span class='ocrx_word' id='word_1_92' title='bbox 352 2596 577 2640; x_wconf 88' lang='lat' dir='ltr'><strong>verum</strong></span> <span class='ocrx_word' id='word_1_93' title='bbox 612 2584 934 2650; x_wconf 86' lang='lat' dir='ltr'><strong>censetur,</strong></span> <span class='ocrx_word' id='word_1_94' title='bbox 966 2575 1269 2658; x_wconf 86' lang='lat' dir='ltr'><strong>quoniam</strong></span> <span class='ocrx_word' id='word_1_95' title='bbox 1304 2576 1443 2659; x_wconf 88' lang='lat' dir='ltr'><strong>ipsa</strong></span> <span class='ocrx_word' id='word_1_96' title='bbox 1468 2577 1895 2659; x_wconf 88' lang='lat' dir='ltr'><strong>omnipotenti</strong></span> <span class='ocrx_word' id='word_1_97' title='bbox 1926 2576 2208 2640; x_wconf 89' lang='lat' dir='ltr'><strong>Genitori</strong></span> <span class='ocrx_word' id='word_1_98' title='bbox 2241 2594 2502 2658; x_wconf 88' lang='lat' dir='ltr'><strong>prorsus</strong></span> <span class='ocrx_word' id='word_1_99' title='bbox 2541 2577 2804 2660; x_wconf 85' lang='lat' dir='ltr'><strong>aequalis</strong></span> <span class='ocrx_word' id='word_1_100' title='bbox 2841 2586 2958 2652; x_wconf 91' lang='lat' dir='ltr'><strong>est,</strong></span> <span class='ocrx_word' id='word_1_101' title='bbox 2994 2579 3124 2642; x_wconf 90' lang='lat' dir='ltr'><strong>imo</strong></span> <span class='ocrx_word' id='word_1_102' title='bbox 3161 2579 3454 2642; x_wconf 87' lang='lat' dir='ltr'><strong>substan-</strong></span> 
     </span>
     <span class='ocr_line' id='line_1_11' title="bbox 354 2683 3746 2769; baseline 0.003 -22"><span class='ocrx_word' id='word_1_103' title='bbox 354 2686 593 2748; x_wconf 87' lang='lat' dir='ltr'><strong>tialiter</strong></span> <span class='ocrx_word' id='word_1_104' title='bbox 624 2703 827 2748; x_wconf 89' lang='lat' dir='ltr'><strong>unum</strong></span> <span class='ocrx_word' id='word_1_105' title='bbox 860 2702 1007 2747; x_wconf 89' lang='lat' dir='ltr'><strong>cum</strong></span> <span class='ocrx_word' id='word_1_106' title='bbox 1038 2683 1150 2747; x_wconf 93' lang='lat' dir='ltr'><strong>illo</strong></span> <span class='ocrx_word' id='word_1_107' title='bbox 1184 2702 1198 2746; x_wconf 75' lang='grc' dir='ltr'>ε</span> <span class='ocrx_word' id='word_1_108' title='bbox 1234 2685 1364 2766; x_wconf 86' lang='lat' dir='ltr'><strong>Ego</strong></span> <span class='ocrx_word' id='word_1_109' title='bbox 1390 2683 1749 2767; x_wconf 88' lang='lat' dir='ltr'><strong>(inquiens)</strong></span> <span class='ocrx_word' id='word_1_110' title='bbox 1778 2691 1842 2747; x_wconf 86' lang='lat' dir='ltr'><strong>et</strong></span> <span class='ocrx_word' id='word_1_111' title='bbox 1868 2685 2049 2747; x_wconf 87' lang='lat' dir='ltr'><strong>Pater</strong></span> <span class='ocrx_word' id='word_1_112' title='bbox 2078 2703 2278 2748; x_wconf 90' lang='lat' dir='ltr'><strong>unum</strong></span> <span class='ocrx_word' id='word_1_113' title='bbox 2311 2703 2555 2748; x_wconf 91' lang='lat' dir='ltr'><strong>sumus.</strong></span> <span class='ocrx_word' id='word_1_114' title='bbox 2589 2686 2658 2748; x_wconf 94' lang='lat' dir='ltr'><strong>In</strong></span> <span class='ocrx_word' id='word_1_115' title='bbox 2690 2686 2878 2767; x_wconf 84' lang='lat' dir='ltr'><strong>cujus</strong></span> <span class='ocrx_word' id='word_1_116' title='bbox 2909 2687 3246 2769; x_wconf 83' lang='lat' dir='ltr'><strong>Sapientiae</strong></span> <span class='ocrx_word' id='word_1_117' title='bbox 3287 2688 3456 2750; x_wconf 88' lang='lat' dir='ltr'><strong>clara</strong></span> <span class='ocrx_word' id='word_1_118' title='bbox 3509 2712 3596 2756; x_wconf 70' lang='grc' dir='ltr'><strong>,ιω</strong></span> <span class='ocrx_word' id='word_1_119' title='bbox 3597 2726 3746 2764; x_wconf 74' lang='lat' dir='ltr'>nnnnn</span> 
     </span>
     <span class='ocr_line' id='line_1_12' title="bbox 349 2777 3550 2878; baseline 0.001 -22"><span class='ocrx_word' id='word_1_120' title='bbox 349 2813 420 2856; x_wconf 88' lang='lat' dir='ltr'><strong>ac</strong></span> <span class='ocrx_word' id='word_1_121' title='bbox 449 2793 725 2856; x_wconf 76' lang='lat' dir='ltr'><strong>fruitiva</strong></span> <span class='ocrx_word' id='word_1_122' title='bbox 754 2792 1024 2866; x_wconf 86' lang='lat' dir='ltr'><strong>visione,</strong></span> <span class='ocrx_word' id='word_1_123' title='bbox 1058 2809 1207 2856; x_wconf 86' lang='lat' dir='ltr'><strong>vera</strong></span> <span class='ocrx_word' id='word_1_124' title='bbox 1236 2800 1301 2856; x_wconf 90' lang='lat' dir='ltr'><strong>et</strong></span> <span class='ocrx_word' id='word_1_125' title='bbox 1326 2790 1517 2874; x_wconf 88' lang='lat' dir='ltr'><strong>plena</strong></span> <span class='ocrx_word' id='word_1_126' title='bbox 1556 2791 1845 2855; x_wconf 85' lang='lat' dir='ltr'><strong>consistit</strong></span> <span class='ocrx_word' id='word_1_127' title='bbox 1884 2791 2156 2854; x_wconf 81' lang='lat' dir='ltr'><strong>felicitas</strong></span> <span class='ocrx_word' id='word_1_128' title='bbox 2191 2809 2204 2854; x_wconf 92' lang='lat'>:</span> <span class='ocrx_word' id='word_1_129' title='bbox 2237 2791 2556 2874; x_wconf 90' lang='lat' dir='ltr'><strong>siquidem</strong></span> <span class='ocrx_word' id='word_1_130' title='bbox 2597 2791 2736 2875; x_wconf 88' lang='lat' dir='ltr'><strong>ipsa</strong></span> <span class='ocrx_word' id='word_1_131' title='bbox 2776 2800 2839 2856; x_wconf 91' lang='lat' dir='ltr'><strong>et</strong></span> <span class='ocrx_word' id='word_1_132' title='bbox 2868 2793 3046 2856; x_wconf 90' lang='lat' dir='ltr'><strong>Pater</strong></span> <span class='ocrx_word' id='word_1_133' title='bbox 3073 2813 3149 2857; x_wconf 90' lang='lat' dir='ltr'><strong>ac</strong></span> <span class='ocrx_word' id='word_1_134' title='bbox 3180 2795 3454 2878; x_wconf 88' lang='lat' dir='ltr'><strong>Spiritus</strong></span> <span class='ocrx_word' id='word_1_135' title='bbox 3484 2777 3550 2818; x_wconf 81' lang='lat'><strong>³⁰·</strong></span> 
     </span>
     <span class='ocr_line' id='line_1_13' title="bbox 350 2897 3452 2984; baseline 0.001 -20"><span class='ocrx_word' id='word_1_136' title='bbox 350 2901 647 2974; x_wconf 78' lang='lat' dir='ltr'><strong>SanctuS,</strong></span> <span class='ocrx_word' id='word_1_137' title='bbox 696 2918 897 2962; x_wconf 89' lang='lat' dir='ltr'><strong>unum</strong></span> <span class='ocrx_word' id='word_1_138' title='bbox 942 2897 1137 2962; x_wconf 88' lang='lat' dir='ltr'><strong>totius</strong></span> <span class='ocrx_word' id='word_1_139' title='bbox 1186 2905 1417 2962; x_wconf 81' lang='lat' dir='ltr'><strong>nostrae</strong></span> <span class='ocrx_word' id='word_1_140' title='bbox 1466 2897 1691 2961; x_wconf 89' lang='lat' dir='ltr'><strong>salutis</strong></span> <span class='ocrx_word' id='word_1_141' title='bbox 1737 2897 2063 2979; x_wconf 85' lang='lat' dir='ltr'><strong>objectum</strong></span> <span class='ocrx_word' id='word_1_142' title='bbox 2110 2906 2282 2973; x_wconf 90' lang='lat' dir='ltr'><strong>sunt,</strong></span> <span class='ocrx_word' id='word_1_143' title='bbox 2319 2918 2510 2962; x_wconf 88' lang='lat' dir='ltr'><strong>causa</strong></span> <span class='ocrx_word' id='word_1_144' title='bbox 2557 2907 2622 2962; x_wconf 92' lang='lat' dir='ltr'><strong>et</strong></span> <span class='ocrx_word' id='word_1_145' title='bbox 2669 2901 2870 2975; x_wconf 91' lang='lat' dir='ltr'><strong>dator,</strong></span> <span class='ocrx_word' id='word_1_146' title='bbox 2910 2904 3452 2984; x_wconf 88' lang='lat' dir='ltr'><strong>quemadmodum</strong></span> 
     </span>
     <span class='ocr_line' id='line_1_14' title="bbox 350 3005 3454 3093; baseline 0.001 -23"><span class='ocrx_word' id='word_1_147' title='bbox 350 3028 514 3070; x_wconf 90' lang='lat' dir='ltr'><strong>unus</strong></span> <span class='ocrx_word' id='word_1_148' title='bbox 562 3005 746 3070; x_wconf 85' lang='lat' dir='ltr'><strong>solus</strong></span> <span class='ocrx_word' id='word_1_149' title='bbox 788 3023 863 3068; x_wconf 85' lang='lat' dir='ltr'><strong>ac</strong></span> <span class='ocrx_word' id='word_1_150' title='bbox 906 3024 1097 3069; x_wconf 91' lang='lat' dir='ltr'><strong>verus</strong></span> <span class='ocrx_word' id='word_1_151' title='bbox 1138 3006 1305 3068; x_wconf 85' lang='lat' dir='ltr'><strong>Deus</strong></span> <span class='ocrx_word' id='word_1_152' title='bbox 1358 3024 1499 3068; x_wconf 88' lang='lat' dir='ltr'><strong>esse</strong></span> <span class='ocrx_word' id='word_1_153' title='bbox 1540 3012 1913 3068; x_wconf 88' lang='lat' dir='ltr'><strong>noscuntur.</strong></span> <span class='ocrx_word' id='word_1_154' title='bbox 1964 3005 2290 3080; x_wconf 82' lang='lat' dir='ltr'><strong>Praeterea,</strong></span> <span class='ocrx_word' id='word_1_155' title='bbox 2335 3007 2650 3089; x_wconf 86' lang='lat' dir='ltr'><strong>sapientia</strong></span> <span class='ocrx_word' id='word_1_156' title='bbox 2693 3007 2800 3071; x_wconf 89' lang='lat' dir='ltr'><strong>illa</strong></span> <span class='ocrx_word' id='word_1_157' title='bbox 2847 3018 3058 3072; x_wconf 85' lang='lat' dir='ltr'><strong>creata</strong></span> <span class='ocrx_word' id='word_1_158' title='bbox 3099 3030 3240 3093; x_wconf 86' lang='lat' dir='ltr'><strong>quae</strong></span> <span class='ocrx_word' id='word_1_159' title='bbox 3287 3011 3454 3074; x_wconf 85' lang='lat' dir='ltr'><strong>inter</strong></span> 
     </span>
     <span class='ocr_line' id='line_1_15' title="bbox 348 3113 3452 3197; baseline 0.001 -20"><span class='ocrx_word' id='word_1_160' title='bbox 348 3122 603 3197; x_wconf 88' lang='lat' dir='ltr'><strong>septem</strong></span> <span class='ocrx_word' id='word_1_161' title='bbox 634 3115 798 3177; x_wconf 88' lang='lat' dir='ltr'><strong>dona</strong></span> <span class='ocrx_word' id='word_1_162' title='bbox 828 3113 1103 3195; x_wconf 86' lang='lat' dir='ltr'><strong>Spiritus</strong></span> <span class='ocrx_word' id='word_1_163' title='bbox 1134 3113 1345 3176; x_wconf 89' lang='lat' dir='ltr'><strong>Sancti</strong></span> <span class='ocrx_word' id='word_1_164' title='bbox 1377 3114 1723 3195; x_wconf 88' lang='lat' dir='ltr'><strong>primatum</strong></span> <span class='ocrx_word' id='word_1_165' title='bbox 1754 3113 2037 3186; x_wconf 88' lang='lat' dir='ltr'><strong>sortitur,</strong></span> <span class='ocrx_word' id='word_1_166' title='bbox 2070 3113 2598 3195; x_wconf 67' lang='lat' dir='ltr'><strong>praeclarissimus</strong></span> <span class='ocrx_word' id='word_1_167' title='bbox 2628 3113 2882 3178; x_wconf 87' lang='lat' dir='ltr'><strong>habitus</strong></span> <span class='ocrx_word' id='word_1_168' title='bbox 2913 3124 3031 3190; x_wconf 89' lang='lat' dir='ltr'><strong>est,</strong></span> <span class='ocrx_word' id='word_1_169' title='bbox 3057 3118 3452 3181; x_wconf 87' lang='lat' dir='ltr'><strong>intellectum</strong></span> 
     </span>
    </p>
   </div>
   <div class='ocr_carea' id='block_1_3' title="bbox 350 3219 3454 3306">
    <p class='ocr_par' dir='ltr' id='par_1_4' title="bbox 350 3219 3454 3306">
     <span class='ocr_line' id='line_1_16' title="bbox 350 3219 3454 3306; baseline 0.002 -24"><span class='ocrx_word' id='word_1_170' title='bbox 350 3221 707 3294; x_wconf 72' lang='lat' dir='ltr'><strong>illustram,</strong></span> <span class='ocrx_word' id='word_1_171' title='bbox 740 3220 985 3284; x_wconf 91' lang='lat' dir='ltr'><strong>lumine</strong></span> <span class='ocrx_word' id='word_1_172' title='bbox 1026 3219 1181 3282; x_wconf 89' lang='lat' dir='ltr'><strong>solis</strong></span> <span class='ocrx_word' id='word_1_173' title='bbox 1224 3219 1641 3302; x_wconf 87' lang='lat' dir='ltr'><strong>splendidior,</strong></span> <span class='ocrx_word' id='word_1_174' title='bbox 1680 3221 1987 3302; x_wconf 88' lang='lat' dir='ltr'><strong>omnique</strong></span> <span class='ocrx_word' id='word_1_175' title='bbox 2030 3228 2200 3284; x_wconf 88' lang='lat' dir='ltr'><strong>astro</strong></span> <span class='ocrx_word' id='word_1_176' title='bbox 2246 3221 2487 3283; x_wconf 90' lang='lat' dir='ltr'><strong>micans</strong></span> <span class='ocrx_word' id='word_1_177' title='bbox 2534 3221 2829 3284; x_wconf 87' lang='lat' dir='ltr'><strong>lucidius.</strong></span> <span class='ocrx_word' id='word_1_178' title='bbox 2865 3223 2952 3286; x_wconf 91' lang='lat' dir='ltr'><strong>De</strong></span> <span class='ocrx_word' id='word_1_179' title='bbox 2991 3243 3118 3306; x_wconf 88' lang='lat' dir='ltr'><strong>qua</strong></span> <span class='ocrx_word' id='word_1_180' title='bbox 3158 3226 3247 3287; x_wconf 90' lang='lat' dir='ltr'><strong>ait</strong></span> <span class='ocrx_word' id='word_1_181' title='bbox 3291 3225 3454 3288; x_wconf 86' lang='lat' dir='ltr'><strong>Scri-</strong></span> 
     </span>
    </p>
   </div>
   <div class='ocr_carea' id='block_1_4' title="bbox 364 1608 3457 1887">
    <p class='ocr_par' dir='ltr' id='par_1_5' title="bbox 364 1608 3457 1887">
     <span class='ocr_line' id='line_1_17' title="bbox 364 1608 3457 1887; baseline 0 -211"><span class='ocrx_word' id='word_1_182' title='bbox 364 1608 1053 1887; x_wconf 79' lang='lat' dir='ltr'><strong>COMPARATE</strong></span> <span class='ocrx_word' id='word_1_183' title='bbox 1086 1613 1261 1672; x_wconf 74' lang='lat' dir='ltr'><strong>vobis</strong></span> <span class='ocrx_word' id='word_1_184' title='bbox 1308 1609 1689 1694; x_wconf 76' lang='lat' dir='ltr'><strong>sapientiam</strong></span> <span class='ocrx_word' id='word_1_185' title='bbox 1729 1613 1870 1672; x_wconf 76' lang='lat' dir='ltr'><strong>sine</strong></span> <span class='ocrx_word' id='word_1_186' title='bbox 1906 1621 2202 1690; x_wconf 73' lang='lat' dir='ltr'><strong>arqento,</strong></span> <span class='ocrx_word' id='word_1_187' title='bbox 2241 1621 2302 1672; x_wconf 82' lang='lat' dir='ltr'><strong>et</strong></span> <span class='ocrx_word' id='word_1_188' title='bbox 2343 1614 2580 1673; x_wconf 83' lang='lat' dir='ltr'><strong>collum</strong></span> <span class='ocrx_word' id='word_1_189' title='bbox 2625 1621 2912 1674; x_wconf 78' lang='lat' dir='ltr'><strong>vestrum</strong></span> <span class='ocrx_word' id='word_1_190' title='bbox 2952 1615 3255 1692; x_wconf 77' lang='lat' dir='ltr'><strong>subjicite</strong></span> <span class='ocrx_word' id='word_1_191' title='bbox 3287 1615 3457 1693; x_wconf 73' lang='lat' dir='ltr'><strong>juqo</strong></span> 
     </span>
    </p>
   </div>
   <div class='ocr_carea' id='block_1_5' title="bbox 348 3327 3748 5346">
    <p class='ocr_par' dir='ltr' id='par_1_6' title="bbox 348 3327 3748 4269">
     <span class='ocr_line' id='line_1_18' title="bbox 352 3327 3748 3418; baseline 0.001 -27"><span class='ocrx_word' id='word_1_192' title='bbox 352 3336 539 3410; x_wconf 90' lang='lat' dir='ltr'><strong>ptura</strong></span> <span class='ocrx_word' id='word_1_193' title='bbox 594 3345 609 3388; x_wconf 75' lang='grc' dir='ltr'>ε</span> <span class='ocrx_word' id='word_1_194' title='bbox 652 3328 801 3401; x_wconf 79' lang='lat' dir='ltr'><strong>Quae</strong></span> <span class='ocrx_word' id='word_1_195' title='bbox 845 3327 1181 3390; x_wconf 88' lang='lat' dir='ltr'><strong>desursum</strong></span> <span class='ocrx_word' id='word_1_196' title='bbox 1240 3333 1337 3388; x_wconf 88' lang='lat' dir='ltr'><strong>est</strong></span> <span class='ocrx_word' id='word_1_197' title='bbox 1392 3327 1725 3409; x_wconf 87' lang='lat' dir='ltr'><strong>sapientia,</strong></span> <span class='ocrx_word' id='word_1_198' title='bbox 1784 3327 2067 3409; x_wconf 89' lang='lat' dir='ltr'><strong>primum</strong></span> <span class='ocrx_word' id='word_1_199' title='bbox 2126 3327 2388 3408; x_wconf 89' lang='lat' dir='ltr'><strong>quidem</strong></span> <span class='ocrx_word' id='word_1_200' title='bbox 2442 3327 2676 3410; x_wconf 88' lang='lat' dir='ltr'><strong>pudica</strong></span> <span class='ocrx_word' id='word_1_201' title='bbox 2731 3337 2848 3402; x_wconf 88' lang='lat' dir='ltr'><strong>est,</strong></span> <span class='ocrx_word' id='word_1_202' title='bbox 2890 3331 3118 3394; x_wconf 92' lang='lat' dir='ltr'><strong>deinde</strong></span> <span class='ocrx_word' id='word_1_203' title='bbox 3157 3331 3452 3414; x_wconf 81' lang='lat' dir='ltr'><strong>pacifica,</strong></span> <span class='ocrx_word' id='word_1_204' title='bbox 3504 3363 3748 3418; x_wconf 61' lang='lat' dir='ltr'><strong>Jacoam.</strong></span> 
     </span>
     <span class='ocr_line' id='line_1_19' title="bbox 349 3429 3548 3515; baseline 0.003 -19"><span class='ocrx_word' id='word_1_205' title='bbox 349 3436 665 3508; x_wconf 88' lang='lat' dir='ltr'><strong>modesta,</strong></span> <span class='ocrx_word' id='word_1_206' title='bbox 700 3433 1049 3507; x_wconf 88' lang='lat' dir='ltr'><strong>suasibilis,</strong></span> <span class='ocrx_word' id='word_1_207' title='bbox 1081 3432 1268 3497; x_wconf 90' lang='lat' dir='ltr'><strong>bonis</strong></span> <span class='ocrx_word' id='word_1_208' title='bbox 1300 3433 1727 3506; x_wconf 81' lang='lat' dir='ltr'><strong>consentienS,</strong></span> <span class='ocrx_word' id='word_1_209' title='bbox 1764 3433 1948 3515; x_wconf 89' lang='lat' dir='ltr'><strong>plena</strong></span> <span class='ocrx_word' id='word_1_210' title='bbox 1980 3433 2417 3497; x_wconf 88' lang='lat' dir='ltr'><strong>misericordia</strong></span> <span class='ocrx_word' id='word_1_211' title='bbox 2447 3443 2510 3498; x_wconf 94' lang='lat' dir='ltr'><strong>et</strong></span> <span class='ocrx_word' id='word_1_212' title='bbox 2539 3434 2856 3499; x_wconf 81' lang='lat' dir='ltr'><strong>fructibus</strong></span> <span class='ocrx_word' id='word_1_213' title='bbox 2889 3437 3092 3501; x_wconf 90' lang='lat' dir='ltr'><strong>bonis.</strong></span> <span class='ocrx_word' id='word_1_214' title='bbox 3131 3439 3265 3512; x_wconf 91' lang='lat' dir='ltr'><strong>Quo</strong></span> <span class='ocrx_word' id='word_1_215' title='bbox 3304 3460 3452 3504; x_wconf 89' lang='lat' dir='ltr'><strong>con·</strong></span> <span class='ocrx_word' id='word_1_216' title='bbox 3483 3429 3548 3471; x_wconf 87' lang='lat'><strong>¹⁷·</strong></span> 
     </span>
     <span class='ocr_line' id='line_1_20' title="bbox 349 3539 3453 3628; baseline 0.002 -23"><span class='ocrx_word' id='word_1_217' title='bbox 349 3549 469 3605; x_wconf 87' lang='lat' dir='ltr'><strong>stat</strong></span> <span class='ocrx_word' id='word_1_218' title='bbox 498 3541 889 3624; x_wconf 85' lang='lat' dir='ltr'><strong>sapientiam</strong></span> <span class='ocrx_word' id='word_1_219' title='bbox 920 3540 1084 3604; x_wconf 88' lang='lat' dir='ltr'><strong>hanc</strong></span> <span class='ocrx_word' id='word_1_220' title='bbox 1114 3539 1435 3604; x_wconf 86' lang='lat' dir='ltr'><strong>salubrem</strong></span> <span class='ocrx_word' id='word_1_221' title='bbox 1468 3541 1607 3603; x_wconf 88' lang='lat' dir='ltr'><strong>sine</strong></span> <span class='ocrx_word' id='word_1_222' title='bbox 1638 3541 1867 3604; x_wconf 81' lang='lat' dir='ltr'><strong>ceteris</strong></span> <span class='ocrx_word' id='word_1_223' title='bbox 1898 3540 2246 3604; x_wconf 90' lang='lat' dir='ltr'><strong>virtutibus</strong></span> <span class='ocrx_word' id='word_1_224' title='bbox 2278 3559 2402 3605; x_wconf 89' lang='lat' dir='ltr'><strong>non</strong></span> <span class='ocrx_word' id='word_1_225' title='bbox 2435 3541 2678 3606; x_wconf 87' lang='lat' dir='ltr'><strong>haberi.</strong></span> <span class='ocrx_word' id='word_1_226' title='bbox 2713 3543 2840 3606; x_wconf 86' lang='lat' dir='ltr'><strong>Nec</strong></span> <span class='ocrx_word' id='word_1_227' title='bbox 2871 3545 3130 3620; x_wconf 91' lang='lat' dir='ltr'><strong>mirum,</strong></span> <span class='ocrx_word' id='word_1_228' title='bbox 3155 3565 3356 3628; x_wconf 88' lang='lat' dir='ltr'><strong>quum</strong></span> <span class='ocrx_word' id='word_1_229' title='bbox 3389 3556 3453 3612; x_wconf 90' lang='lat' dir='ltr'><strong>et</strong></span> 
     </span>
     <span class='ocr_line' id='line_1_21' title="bbox 350 3648 3452 3730; baseline 0.003 -20"><span class='ocrx_word' id='word_1_230' title='bbox 350 3656 505 3712; x_wconf 87' lang='lat' dir='ltr'><strong>teste</strong></span> <span class='ocrx_word' id='word_1_231' title='bbox 536 3648 951 3730; x_wconf 86' lang='lat' dir='ltr'><strong>Philosoph0,</strong></span> <span class='ocrx_word' id='word_1_232' title='bbox 984 3649 1325 3730; x_wconf 90' lang='lat' dir='ltr'><strong>prudentia</strong></span> <span class='ocrx_word' id='word_1_233' title='bbox 1352 3649 1523 3730; x_wconf 84' lang='lat' dir='ltr'><strong>(quae</strong></span> <span class='ocrx_word' id='word_1_234' title='bbox 1553 3648 1757 3711; x_wconf 90' lang='lat' dir='ltr'><strong>virtus</strong></span> <span class='ocrx_word' id='word_1_235' title='bbox 1787 3657 1885 3710; x_wconf 90' lang='lat' dir='ltr'><strong>est</strong></span> <span class='ocrx_word' id='word_1_236' title='bbox 1912 3648 2280 3730; x_wconf 90' lang='lat' dir='ltr'><strong>cardinalis)</strong></span> <span class='ocrx_word' id='word_1_237' title='bbox 2309 3649 2610 3713; x_wconf 88' lang='lat' dir='ltr'><strong>virtuosis</strong></span> <span class='ocrx_word' id='word_1_238' title='bbox 2639 3650 2968 3715; x_wconf 86' lang='lat' dir='ltr'><strong>dumtaxat</strong></span> <span class='ocrx_word' id='word_1_239' title='bbox 2999 3652 3151 3716; x_wconf 87' lang='lat' dir='ltr'><strong>insit</strong></span> <span class='ocrx_word' id='word_1_240' title='bbox 3180 3654 3452 3719; x_wconf 90' lang='lat' dir='ltr'><strong>homini·</strong></span> 
     </span>
     <span class='ocr_line' id='line_1_22' title="bbox 350 3755 3451 3842; baseline 0.003 -24"><span class='ocrx_word' id='word_1_241' title='bbox 350 3755 485 3818; x_wconf 75' lang='lat' dir='ltr'><strong>buS.</strong></span> <span class='ocrx_word' id='word_1_242' title='bbox 522 3757 693 3819; x_wconf 84' lang='lat' dir='ltr'><strong>Hinc</strong></span> <span class='ocrx_word' id='word_1_243' title='bbox 723 3763 853 3818; x_wconf 88' lang='lat' dir='ltr'><strong>tam</strong></span> <span class='ocrx_word' id='word_1_244' title='bbox 894 3756 973 3818; x_wconf 91' lang='lat' dir='ltr'><strong>de</strong></span> <span class='ocrx_word' id='word_1_245' title='bbox 1012 3755 1291 3818; x_wconf 84' lang='lat' dir='ltr'><strong>increata</strong></span> <span class='ocrx_word' id='word_1_246' title='bbox 1332 3774 1525 3837; x_wconf 87' lang='lat' dir='ltr'><strong>quam</strong></span> <span class='ocrx_word' id='word_1_247' title='bbox 1571 3755 1649 3818; x_wconf 92' lang='lat' dir='ltr'><strong>de</strong></span> <span class='ocrx_word' id='word_1_248' title='bbox 1688 3763 1898 3818; x_wconf 88' lang='lat' dir='ltr'><strong>creata</strong></span> <span class='ocrx_word' id='word_1_249' title='bbox 1936 3756 2248 3838; x_wconf 88' lang='lat' dir='ltr'><strong>sapientia</strong></span> <span class='ocrx_word' id='word_1_250' title='bbox 2291 3757 2410 3819; x_wconf 91' lang='lat' dir='ltr'><strong>rite</strong></span> <span class='ocrx_word' id='word_1_251' title='bbox 2449 3757 2792 3840; x_wconf 89' lang='lat' dir='ltr'><strong>exponitur</strong></span> <span class='ocrx_word' id='word_1_252' title='bbox 2829 3761 2997 3842; x_wconf 90' lang='lat' dir='ltr'><strong>quod</strong></span> <span class='ocrx_word' id='word_1_253' title='bbox 3037 3770 3294 3825; x_wconf 87' lang='lat' dir='ltr'><strong>sanctus</strong></span> <span class='ocrx_word' id='word_1_254' title='bbox 3336 3763 3451 3828; x_wconf 91' lang='lat' dir='ltr'><strong>Job</strong></span> 
     </span>
     <span class='ocr_line' id='line_1_23' title="bbox 352 3861 3748 3951; baseline 0.003 -27"><span class='ocrx_word' id='word_1_255' title='bbox 352 3863 643 3945; x_wconf 89' lang='lat' dir='ltr'><strong>loquitur</strong></span> <span class='ocrx_word' id='word_1_256' title='bbox 668 3880 682 3925; x_wconf 73' lang='grc' dir='ltr'>ε</span> <span class='ocrx_word' id='word_1_257' title='bbox 708 3862 1029 3944; x_wconf 88' lang='lat' dir='ltr'><strong>Sapientia</strong></span> <span class='ocrx_word' id='word_1_258' title='bbox 1061 3861 1172 3924; x_wconf 91' lang='lat' dir='ltr'><strong>ubi</strong></span> <span class='ocrx_word' id='word_1_259' title='bbox 1204 3861 1565 3925; x_wconf 60' lang='lat' dir='ltr'><strong>invenitur?</strong></span> <span class='ocrx_word' id='word_1_260' title='bbox 1586 3869 1651 3924; x_wconf 88' lang='lat' dir='ltr'><strong>et</strong></span> <span class='ocrx_word' id='word_1_261' title='bbox 1678 3863 1824 3945; x_wconf 92' lang='lat' dir='ltr'><strong>quis</strong></span> <span class='ocrx_word' id='word_1_262' title='bbox 1855 3871 1951 3926; x_wconf 91' lang='lat' dir='ltr'><strong>est</strong></span> <span class='ocrx_word' id='word_1_263' title='bbox 1981 3863 2160 3926; x_wconf 90' lang='lat' dir='ltr'><strong>locus</strong></span> <span class='ocrx_word' id='word_1_264' title='bbox 2192 3862 2678 3945; x_wconf 60' lang='lat' dir='ltr'><strong>intelligentias?</strong></span> <span class='ocrx_word' id='word_1_265' title='bbox 2701 3865 2914 3928; x_wconf 89' lang='lat' dir='ltr'><strong>Nescit</strong></span> <span class='ocrx_word' id='word_1_266' title='bbox 2943 3866 3134 3932; x_wconf 89' lang='lat' dir='ltr'><strong>homo</strong></span> <span class='ocrx_word' id='word_1_267' title='bbox 3165 3870 3448 3951; x_wconf 89' lang='lat' dir='ltr'><strong>pretium</strong></span> <span class='ocrx_word' id='word_1_268' title='bbox 3503 3889 3585 3933; x_wconf 69' lang='lat'><strong>10⁶</strong></span> <span class='ocrx_word' id='word_1_269' title='bbox 3604 3903 3748 3942; x_wconf 77' lang='lat' dir='ltr'><strong>mm,</strong></span> 
     </span>
     <span class='ocr_line' id='line_1_24' title="bbox 348 3955 3747 4067; baseline 0.003 -35"><span class='ocrx_word' id='word_1_270' title='bbox 348 3971 509 4051; x_wconf 84' lang='lat' dir='ltr'><strong>ejus,</strong></span> <span class='ocrx_word' id='word_1_271' title='bbox 544 3987 675 4032; x_wconf 89' lang='lat' dir='ltr'><strong>nec</strong></span> <span class='ocrx_word' id='word_1_272' title='bbox 722 3969 1047 4033; x_wconf 89' lang='lat' dir='ltr'><strong>invenitur</strong></span> <span class='ocrx_word' id='word_1_273' title='bbox 1090 3969 1155 4032; x_wconf 90' lang='lat' dir='ltr'><strong>in</strong></span> <span class='ocrx_word' id='word_1_274' title='bbox 1196 3976 1365 4032; x_wconf 88' lang='lat' dir='ltr'><strong>terra</strong></span> <span class='ocrx_word' id='word_1_275' title='bbox 1402 3969 1683 4032; x_wconf 90' lang='lat' dir='ltr'><strong>suaviter</strong></span> <span class='ocrx_word' id='word_1_276' title='bbox 1718 3969 2095 4034; x_wconf 86' lang='lat' dir='ltr'><strong>viventium.</strong></span> <span class='ocrx_word' id='word_1_277' title='bbox 2131 3970 2268 4033; x_wconf 89' lang='lat' dir='ltr'><strong>Non</strong></span> <span class='ocrx_word' id='word_1_278' title='bbox 2308 3970 2564 4034; x_wconf 89' lang='lat' dir='ltr'><strong>dabitur</strong></span> <span class='ocrx_word' id='word_1_279' title='bbox 2599 3990 2826 4034; x_wconf 89' lang='lat' dir='ltr'><strong>aurum</strong></span> <span class='ocrx_word' id='word_1_280' title='bbox 2858 3973 3163 4057; x_wconf 80' lang='lat' dir='ltr'><strong>obryzum</strong></span> <span class='ocrx_word' id='word_1_281' title='bbox 3198 3994 3313 4058; x_wconf 91' lang='lat' dir='ltr'><strong>pro</strong></span> <span class='ocrx_word' id='word_1_282' title='bbox 3352 3996 3448 4050; x_wconf 87' lang='lat' dir='ltr'><strong>ea,</strong></span> <span class='ocrx_word' id='word_1_283' title='bbox 3483 3955 3643 4067; x_wconf 48' lang='grc' dir='ltr'><strong>ἓξὲξ</strong></span> <span class='ocrx_word' id='word_1_284' title='bbox 3683 3956 3747 4005; x_wconf 74' lang='lat'><strong>&#39;⁵’</strong></span> 
     </span>
     <span class='ocr_line' id='line_1_25' title="bbox 350 4076 3452 4162; baseline 0.003 -22"><span class='ocrx_word' id='word_1_285' title='bbox 350 4097 465 4141; x_wconf 88' lang='lat' dir='ltr'><strong>nee</strong></span> <span class='ocrx_word' id='word_1_286' title='bbox 524 4076 901 4141; x_wconf 84' lang='lat' dir='ltr'><strong>conseretur</strong></span> <span class='ocrx_word' id='word_1_287' title='bbox 946 4077 1164 4140; x_wconf 86' lang='lat' dir='ltr'><strong>tinctis</strong></span> <span class='ocrx_word' id='word_1_288' title='bbox 1214 4077 1407 4140; x_wconf 84' lang='lat' dir='ltr'><strong>Indiae</strong></span> <span class='ocrx_word' id='word_1_289' title='bbox 1454 4077 1797 4152; x_wconf 78' lang='lat' dir='ltr'><strong>coloribuS,</strong></span> <span class='ocrx_word' id='word_1_290' title='bbox 1850 4096 2057 4159; x_wconf 87' lang='lat' dir='ltr'><strong>neque</strong></span> <span class='ocrx_word' id='word_1_291' title='bbox 2116 4077 2313 4160; x_wconf 91' lang='lat' dir='ltr'><strong>lapidi</strong></span> <span class='ocrx_word' id='word_1_292' title='bbox 2362 4078 2756 4162; x_wconf 80' lang='lat' dir='ltr'><strong>sardonycho</strong></span> <span class='ocrx_word' id='word_1_293' title='bbox 2815 4082 3294 4162; x_wconf 88' lang='lat' dir='ltr'><strong>pretiosissimo,</strong></span> <span class='ocrx_word' id='word_1_294' title='bbox 3348 4086 3452 4148; x_wconf 88' lang='lat' dir='ltr'><strong>vel</strong></span> 
     </span>
     <span class='ocr_line' id='line_1_26' title="bbox 348 4183 3170 4269; baseline 0.002 -22"><span class='ocrx_word' id='word_1_295' title='bbox 348 4184 681 4268; x_wconf 77' lang='lat' dir='ltr'><strong>sapphiro,</strong></span> <span class='ocrx_word' id='word_1_296' title='bbox 716 4183 991 4246; x_wconf 87' lang='lat' dir='ltr'><strong>Perditio</strong></span> <span class='ocrx_word' id='word_1_297' title='bbox 1030 4190 1095 4245; x_wconf 90' lang='lat' dir='ltr'><strong>et</strong></span> <span class='ocrx_word' id='word_1_298' title='bbox 1137 4200 1307 4247; x_wconf 90' lang='lat' dir='ltr'><strong>mors</strong></span> <span class='ocrx_word' id='word_1_299' title='bbox 1349 4183 1697 4247; x_wconf 87' lang='lat' dir='ltr'><strong>dixerunt:</strong></span> <span class='ocrx_word' id='word_1_300' title='bbox 1730 4183 2009 4246; x_wconf 86' lang='lat' dir='ltr'><strong>Auribus</strong></span> <span class='ocrx_word' id='word_1_301' title='bbox 2052 4183 2286 4247; x_wconf 86' lang='lat' dir='ltr'><strong>nostris</strong></span> <span class='ocrx_word' id='word_1_302' title='bbox 2327 4185 2694 4248; x_wconf 90' lang='lat' dir='ltr'><strong>audivimus</strong></span> <span class='ocrx_word' id='word_1_303' title='bbox 2737 4185 2968 4250; x_wconf 85' lang='lat' dir='ltr'><strong>samam</strong></span> <span class='ocrx_word' id='word_1_304' title='bbox 3010 4189 3170 4269; x_wconf 84' lang='lat' dir='ltr'><strong>ejus.</strong></span> 
     </span>
    </p>

    <p class='ocr_par' dir='ltr' id='par_1_7' title="bbox 350 4291 3746 5346">
     <span class='ocr_line' id='line_1_27' title="bbox 464 4291 3455 4380; baseline 0.002 -25"><span class='ocrx_word' id='word_1_305' title='bbox 464 4293 745 4374; x_wconf 87' lang='lat' dir='ltr'><strong>Insuper</strong></span> <span class='ocrx_word' id='word_1_306' title='bbox 784 4298 879 4354; x_wconf 90' lang='lat' dir='ltr'><strong>est</strong></span> <span class='ocrx_word' id='word_1_307' title='bbox 918 4291 1230 4374; x_wconf 87' lang='lat' dir='ltr'><strong>sapientia</strong></span> <span class='ocrx_word' id='word_1_308' title='bbox 1269 4291 1559 4373; x_wconf 84' lang='lat' dir='ltr'><strong>quaedam</strong></span> <span class='ocrx_word' id='word_1_309' title='bbox 1592 4311 1733 4374; x_wconf 81' lang='lat' dir='ltr'><strong>quae</strong></span> <span class='ocrx_word' id='word_1_310' title='bbox 1769 4310 1806 4354; x_wconf 90' lang='lat' dir='ltr'><strong>a</strong></span> <span class='ocrx_word' id='word_1_311' title='bbox 1844 4291 2031 4354; x_wconf 90' lang='lat' dir='ltr'><strong>bonis</strong></span> <span class='ocrx_word' id='word_1_312' title='bbox 2070 4300 2134 4354; x_wconf 90' lang='lat' dir='ltr'><strong>et</strong></span> <span class='ocrx_word' id='word_1_313' title='bbox 2177 4292 2380 4366; x_wconf 89' lang='lat' dir='ltr'><strong>malis,</strong></span> <span class='ocrx_word' id='word_1_314' title='bbox 2421 4291 2501 4354; x_wconf 91' lang='lat' dir='ltr'><strong>ab</strong></span> <span class='ocrx_word' id='word_1_315' title='bbox 2542 4293 2762 4356; x_wconf 90' lang='lat' dir='ltr'><strong>electis</strong></span> <span class='ocrx_word' id='word_1_316' title='bbox 2800 4313 2874 4356; x_wconf 91' lang='lat' dir='ltr'><strong>ac</strong></span> <span class='ocrx_word' id='word_1_317' title='bbox 2915 4295 3204 4377; x_wconf 89' lang='lat' dir='ltr'><strong>reprobis</strong></span> <span class='ocrx_word' id='word_1_318' title='bbox 3247 4306 3455 4380; x_wconf 90' lang='lat' dir='ltr'><strong>potest</strong></span> 
     </span>
     <span class='ocr_line' id='line_1_28' title="bbox 350 4396 3454 4488; baseline 0.002 -28"><span class='ocrx_word' id='word_1_319' title='bbox 350 4397 597 4462; x_wconf 90' lang='lat' dir='ltr'><strong>haberi.</strong></span> <span class='ocrx_word' id='word_1_320' title='bbox 635 4399 783 4471; x_wconf 81' lang='lat' dir='ltr'><strong>Quae</strong></span> <span class='ocrx_word' id='word_1_321' title='bbox 813 4398 980 4460; x_wconf 87' lang='lat' dir='ltr'><strong>sicut</strong></span> <span class='ocrx_word' id='word_1_322' title='bbox 1007 4398 1283 4479; x_wconf 89' lang='lat' dir='ltr'><strong>desuper</strong></span> <span class='ocrx_word' id='word_1_323' title='bbox 1314 4404 1521 4480; x_wconf 90' lang='lat' dir='ltr'><strong>potest</strong></span> <span class='ocrx_word' id='word_1_324' title='bbox 1560 4397 1837 4470; x_wconf 79' lang='lat' dir='ltr'><strong>infundi,</strong></span> <span class='ocrx_word' id='word_1_325' title='bbox 1870 4397 1965 4460; x_wconf 88' lang='lat' dir='ltr'><strong>sic</strong></span> <span class='ocrx_word' id='word_1_326' title='bbox 2004 4405 2069 4460; x_wconf 88' lang='lat' dir='ltr'><strong>et</strong></span> <span class='ocrx_word' id='word_1_327' title='bbox 2105 4396 2186 4459; x_wconf 88' lang='lat' dir='ltr'><strong>ab</strong></span> <span class='ocrx_word' id='word_1_328' title='bbox 2227 4397 2598 4461; x_wconf 88' lang='lat' dir='ltr'><strong>hominibus</strong></span> <span class='ocrx_word' id='word_1_329' title='bbox 2644 4407 2854 4481; x_wconf 89' lang='lat' dir='ltr'><strong>potest</strong></span> <span class='ocrx_word' id='word_1_330' title='bbox 2893 4402 3159 4477; x_wconf 90' lang='lat' dir='ltr'><strong>addisci,</strong></span> <span class='ocrx_word' id='word_1_331' title='bbox 3194 4414 3454 4488; x_wconf 89' lang='lat' dir='ltr'><strong>propter</strong></span> 
     </span>
     <span class='ocr_line' id='line_1_29' title="bbox 352 4505 3452 4592; baseline 0.003 -24"><span class='ocrx_word' id='word_1_332' title='bbox 352 4507 518 4589; x_wconf 89' lang='lat' dir='ltr'><strong>quod</strong></span> <span class='ocrx_word' id='word_1_333' title='bbox 550 4505 935 4568; x_wconf 88' lang='lat' dir='ltr'><strong>scholastica</strong></span> <span class='ocrx_word' id='word_1_334' title='bbox 966 4511 1029 4566; x_wconf 90' lang='lat' dir='ltr'><strong>et</strong></span> <span class='ocrx_word' id='word_1_335' title='bbox 1057 4505 1371 4586; x_wconf 84' lang='lat' dir='ltr'><strong>acquisita</strong></span> <span class='ocrx_word' id='word_1_336' title='bbox 1398 4505 1742 4586; x_wconf 88' lang='lat' dir='ltr'><strong>aliquando</strong></span> <span class='ocrx_word' id='word_1_337' title='bbox 1786 4512 2196 4587; x_wconf 87' lang='lat' dir='ltr'><strong>nuncupatur</strong></span> <span class='ocrx_word' id='word_1_338' title='bbox 2230 4523 2244 4568; x_wconf 89' lang='lat'>:</span> <span class='ocrx_word' id='word_1_339' title='bbox 2280 4507 2448 4569; x_wconf 90' lang='lat' dir='ltr'><strong>unde</strong></span> <span class='ocrx_word' id='word_1_340' title='bbox 2492 4514 2555 4569; x_wconf 86' lang='lat' dir='ltr'><strong>et</strong></span> <span class='ocrx_word' id='word_1_341' title='bbox 2595 4507 2761 4570; x_wconf 84' lang='lat' dir='ltr'><strong>inter</strong></span> <span class='ocrx_word' id='word_1_342' title='bbox 2799 4508 2965 4572; x_wconf 88' lang='lat' dir='ltr'><strong>dona</strong></span> <span class='ocrx_word' id='word_1_343' title='bbox 3005 4512 3221 4592; x_wconf 79' lang='lat' dir='ltr'><strong>gratiae</strong></span> <span class='ocrx_word' id='word_1_344' title='bbox 3257 4514 3452 4592; x_wconf 87' lang='lat' dir='ltr'><strong>gratis</strong></span> 
     </span>
     <span class='ocr_line' id='line_1_30' title="bbox 353 4611 3746 4701; baseline 0.002 -25"><span class='ocrx_word' id='word_1_345' title='bbox 353 4615 509 4677; x_wconf 82' lang='lat' dir='ltr'><strong>datae</strong></span> <span class='ocrx_word' id='word_1_346' title='bbox 554 4619 987 4694; x_wconf 83' lang='lat' dir='ltr'><strong>computatur.</strong></span> <span class='ocrx_word' id='word_1_347' title='bbox 1022 4612 1110 4674; x_wconf 88' lang='lat' dir='ltr'><strong>De</strong></span> <span class='ocrx_word' id='word_1_348' title='bbox 1154 4631 1281 4694; x_wconf 83' lang='lat' dir='ltr'><strong>qua</strong></span> <span class='ocrx_word' id='word_1_349' title='bbox 1322 4611 1485 4676; x_wconf 84' lang='lat' dir='ltr'><strong>dixit</strong></span> <span class='ocrx_word' id='word_1_350' title='bbox 1524 4611 1861 4695; x_wconf 85' lang='lat' dir='ltr'><strong>Apostolus</strong></span> <span class='ocrx_word' id='word_1_351' title='bbox 1898 4629 1911 4674; x_wconf 76' lang='grc' dir='ltr'>ε</span> <span class='ocrx_word' id='word_1_352' title='bbox 1946 4611 2069 4674; x_wconf 92' lang='lat' dir='ltr'><strong>Alii</strong></span> <span class='ocrx_word' id='word_1_353' title='bbox 2114 4631 2230 4694; x_wconf 87' lang='lat' dir='ltr'><strong>per</strong></span> <span class='ocrx_word' id='word_1_354' title='bbox 2272 4613 2582 4696; x_wconf 89' lang='lat' dir='ltr'><strong>Spiritum</strong></span> <span class='ocrx_word' id='word_1_355' title='bbox 2626 4615 2814 4678; x_wconf 90' lang='lat' dir='ltr'><strong>datur</strong></span> <span class='ocrx_word' id='word_1_356' title='bbox 2851 4635 3061 4681; x_wconf 89' lang='lat' dir='ltr'><strong>sermo</strong></span> <span class='ocrx_word' id='word_1_357' title='bbox 3099 4620 3448 4701; x_wconf 75' lang='lat' dir='ltr'><strong>sapientias,</strong></span> <span class='ocrx_word' id='word_1_358' title='bbox 3482 4635 3746 4689; x_wconf 76' lang='lat' dir='ltr'><strong>{Cor.x11,s.</strong></span> 
     </span>
     <span class='ocr_line' id='line_1_31' title="bbox 352 4718 3455 4804; baseline 0.002 -20"><span class='ocrx_word' id='word_1_359' title='bbox 352 4722 457 4784; x_wconf 90' lang='lat' dir='ltr'><strong>alii</strong></span> <span class='ocrx_word' id='word_1_360' title='bbox 489 4738 709 4784; x_wconf 87' lang='lat' dir='ltr'><strong>sermo</strong></span> <span class='ocrx_word' id='word_1_361' title='bbox 737 4718 1039 4782; x_wconf 82' lang='lat' dir='ltr'><strong>scientiae.</strong></span> <span class='ocrx_word' id='word_1_362' title='bbox 1074 4719 1218 4782; x_wconf 82' lang='lat' dir='ltr'><strong>Haec</strong></span> <span class='ocrx_word' id='word_1_363' title='bbox 1248 4725 1345 4780; x_wconf 89' lang='lat' dir='ltr'><strong>est</strong></span> <span class='ocrx_word' id='word_1_364' title='bbox 1375 4719 1848 4801; x_wconf 79' lang='lat' dir='ltr'><strong>scripturarum</strong></span> <span class='ocrx_word' id='word_1_365' title='bbox 1880 4719 2125 4794; x_wconf 86' lang='lat' dir='ltr'><strong>notitia,</strong></span> <span class='ocrx_word' id='word_1_366' title='bbox 2160 4719 2436 4783; x_wconf 87' lang='lat' dir='ltr'><strong>eruditio</strong></span> <span class='ocrx_word' id='word_1_367' title='bbox 2468 4721 2532 4783; x_wconf 90' lang='lat' dir='ltr'><strong>in</strong></span> <span class='ocrx_word' id='word_1_368' title='bbox 2565 4721 2937 4804; x_wconf 88' lang='lat' dir='ltr'><strong>theologicis</strong></span> <span class='ocrx_word' id='word_1_369' title='bbox 2977 4723 3159 4788; x_wconf 90' lang='lat' dir='ltr'><strong>libris</strong></span> <span class='ocrx_word' id='word_1_370' title='bbox 3199 4727 3455 4790; x_wconf 89' lang='lat' dir='ltr'><strong>Sancto-</strong></span> 
     </span>
     <span class='ocr_line' id='line_1_32' title="bbox 356 4825 3454 4910; baseline 0.002 -20"><span class='ocrx_word' id='word_1_371' title='bbox 356 4847 521 4902; x_wconf 84' lang='lat' dir='ltr'><strong>rum,</strong></span> <span class='ocrx_word' id='word_1_372' title='bbox 569 4828 637 4889; x_wconf 91' lang='lat' dir='ltr'><strong>in</strong></span> <span class='ocrx_word' id='word_1_373' title='bbox 689 4825 949 4907; x_wconf 89' lang='lat' dir='ltr'><strong>scriptis</strong></span> <span class='ocrx_word' id='word_1_374' title='bbox 998 4842 1251 4908; x_wconf 90' lang='lat' dir='ltr'><strong>quoque</strong></span> <span class='ocrx_word' id='word_1_375' title='bbox 1299 4826 1658 4900; x_wconf 91' lang='lat' dir='ltr'><strong>doctorum,</strong></span> <span class='ocrx_word' id='word_1_376' title='bbox 1702 4845 1776 4890; x_wconf 90' lang='lat' dir='ltr'><strong>ac</strong></span> <span class='ocrx_word' id='word_1_377' title='bbox 1818 4827 2109 4890; x_wconf 87' lang='lat' dir='ltr'><strong>eminens</strong></span> <span class='ocrx_word' id='word_1_378' title='bbox 2155 4828 2444 4910; x_wconf 69' lang='lat' dir='ltr'><strong>quasdam</strong></span> <span class='ocrx_word' id='word_1_379' title='bbox 2504 4828 2568 4890; x_wconf 89' lang='lat' dir='ltr'><strong>in</strong></span> <span class='ocrx_word' id='word_1_380' title='bbox 2623 4829 2762 4909; x_wconf 91' lang='lat' dir='ltr'><strong>lege</strong></span> <span class='ocrx_word' id='word_1_381' title='bbox 2814 4831 3032 4893; x_wconf 88' lang='lat' dir='ltr'><strong>divina</strong></span> <span class='ocrx_word' id='word_1_382' title='bbox 3069 4840 3134 4894; x_wconf 92' lang='lat' dir='ltr'><strong>et</strong></span> <span class='ocrx_word' id='word_1_383' title='bbox 3175 4834 3454 4898; x_wconf 90' lang='lat' dir='ltr'><strong>resoluta</strong></span> 
     </span>
     <span class='ocr_line' id='line_1_33' title="bbox 356 4931 3454 5024; baseline 0.003 -28"><span class='ocrx_word' id='word_1_384' title='bbox 356 4934 607 5016; x_wconf 89' lang='lat' dir='ltr'><strong>peritia,</strong></span> <span class='ocrx_word' id='word_1_385' title='bbox 640 4951 769 5016; x_wconf 89' lang='lat' dir='ltr'><strong>qua</strong></span> <span class='ocrx_word' id='word_1_386' title='bbox 798 4931 877 4993; x_wconf 80' lang='lat' dir='ltr'><strong>fit</strong></span> <span class='ocrx_word' id='word_1_387' title='bbox 906 4931 1097 4995; x_wconf 91' lang='lat' dir='ltr'><strong>homo</strong></span> <span class='ocrx_word' id='word_1_388' title='bbox 1131 4931 1396 4995; x_wconf 90' lang='lat' dir='ltr'><strong>idoneus</strong></span> <span class='ocrx_word' id='word_1_389' title='bbox 1429 4951 1503 4994; x_wconf 90' lang='lat' dir='ltr'><strong>ea</strong></span> <span class='ocrx_word' id='word_1_390' title='bbox 1532 4951 1675 5015; x_wconf 78' lang='lat' dir='ltr'><strong>quae</strong></span> <span class='ocrx_word' id='word_1_391' title='bbox 1706 4931 2041 5020; x_wconf 40' lang='lat' dir='ltr'><strong>fidei-sunt</strong></span> <span class='ocrx_word' id='word_1_392' title='bbox 2070 4934 2415 5008; x_wconf 86' lang='lat' dir='ltr'><strong>declarare,</strong></span> <span class='ocrx_word' id='word_1_393' title='bbox 2452 4933 2742 5016; x_wconf 86' lang='lat' dir='ltr'><strong>probare,</strong></span> <span class='ocrx_word' id='word_1_394' title='bbox 2777 4936 2961 4999; x_wconf 91' lang='lat' dir='ltr'><strong>tueri.</strong></span> <span class='ocrx_word' id='word_1_395' title='bbox 2997 4936 3091 5000; x_wconf 91' lang='lat' dir='ltr'><strong>Ab</strong></span> <span class='ocrx_word' id='word_1_396' title='bbox 3131 4939 3249 5002; x_wconf 88' lang='lat' dir='ltr'><strong>hac</strong></span> <span class='ocrx_word' id='word_1_397' title='bbox 3289 4942 3454 5024; x_wconf 90' lang='lat' dir='ltr'><strong>sapi·</strong></span> 
     </span>
     <span class='ocr_line' id='line_1_34' title="bbox 354 5037 3454 5129; baseline 0.002 -25"><span class='ocrx_word' id='word_1_398' title='bbox 354 5042 523 5104; x_wconf 84' lang='lat' dir='ltr'><strong>entia</strong></span> <span class='ocrx_word' id='word_1_399' title='bbox 552 5041 861 5104; x_wconf 88' lang='lat' dir='ltr'><strong>dicuntur</strong></span> <span class='ocrx_word' id='word_1_400' title='bbox 891 5039 1180 5102; x_wconf 89' lang='lat' dir='ltr'><strong>doctores</strong></span> <span class='ocrx_word' id='word_1_401' title='bbox 1210 5037 1565 5119; x_wconf 87' lang='lat' dir='ltr'><strong>theologiae,</strong></span> <span class='ocrx_word' id='word_1_402' title='bbox 1601 5057 1712 5100; x_wconf 90' lang='lat' dir='ltr'><strong>seu</strong></span> <span class='ocrx_word' id='word_1_403' title='bbox 1760 5039 2045 5120; x_wconf 87' lang='lat' dir='ltr'><strong>magistri</strong></span> <span class='ocrx_word' id='word_1_404' title='bbox 2090 5040 2456 5122; x_wconf 71' lang='lat' dir='ltr'><strong>Scripturas,</strong></span> <span class='ocrx_word' id='word_1_405' title='bbox 2491 5043 2803 5105; x_wconf 90' lang='lat' dir='ltr'><strong>sumendo</strong></span> <span class='ocrx_word' id='word_1_406' title='bbox 2841 5043 3222 5126; x_wconf 86' lang='lat' dir='ltr'><strong>theologiam</strong></span> <span class='ocrx_word' id='word_1_407' title='bbox 3263 5057 3454 5129; x_wconf 89' lang='lat' dir='ltr'><strong>prout</strong></span> 
     </span>
     <span class='ocr_line' id='line_1_35' title="bbox 354 5145 3453 5229; baseline 0.003 -18"><span class='ocrx_word' id='word_1_408' title='bbox 354 5149 431 5211; x_wconf 89' lang='lat' dir='ltr'><strong>ad</strong></span> <span class='ocrx_word' id='word_1_409' title='bbox 482 5147 829 5211; x_wconf 81' lang='lat' dir='ltr'><strong>informem</strong></span> <span class='ocrx_word' id='word_1_410' title='bbox 879 5163 1134 5229; x_wconf 89' lang='lat' dir='ltr'><strong>quoque</strong></span> <span class='ocrx_word' id='word_1_411' title='bbox 1182 5152 1247 5208; x_wconf 92' lang='lat' dir='ltr'><strong>et</strong></span> <span class='ocrx_word' id='word_1_412' title='bbox 1294 5145 1674 5227; x_wconf 84' lang='lat' dir='ltr'><strong>acquisitam</strong></span> <span class='ocrx_word' id='word_1_413' title='bbox 1730 5145 2095 5210; x_wconf 89' lang='lat' dir='ltr'><strong>divinorum</strong></span> <span class='ocrx_word' id='word_1_414' title='bbox 2146 5147 2438 5210; x_wconf 88' lang='lat' dir='ltr'><strong>notitiam</strong></span> <span class='ocrx_word' id='word_1_415' title='bbox 2487 5167 2554 5211; x_wconf 89' lang='lat' dir='ltr'><strong>se</strong></span> <span class='ocrx_word' id='word_1_416' title='bbox 2603 5150 2906 5213; x_wconf 85' lang='lat' dir='ltr'><strong>extendit.</strong></span> <span class='ocrx_word' id='word_1_417' title='bbox 2959 5151 3252 5216; x_wconf 91' lang='lat' dir='ltr'><strong>Strictius</strong></span> <span class='ocrx_word' id='word_1_418' title='bbox 3302 5175 3453 5221; x_wconf 90' lang='lat' dir='ltr'><strong>vero</strong></span> 
     </span>
     <span class='ocr_line' id='line_1_36' title="bbox 360 5251 3451 5346; baseline 0.003 -28"><span class='ocrx_word' id='word_1_419' title='bbox 360 5255 673 5337; x_wconf 84' lang='lat' dir='ltr'><strong>theologia</strong></span> <span class='ocrx_word' id='word_1_420' title='bbox 700 5252 1021 5336; x_wconf 88' lang='lat' dir='ltr'><strong>accipitur</strong></span> <span class='ocrx_word' id='word_1_421' title='bbox 1048 5269 1165 5336; x_wconf 87' lang='lat' dir='ltr'><strong>pro</strong></span> <span class='ocrx_word' id='word_1_422' title='bbox 1194 5252 1328 5316; x_wconf 84' lang='lat' dir='ltr'><strong>sola</strong></span> <span class='ocrx_word' id='word_1_423' title='bbox 1357 5251 1626 5316; x_wconf 81' lang='lat' dir='ltr'><strong>formata</strong></span> <span class='ocrx_word' id='word_1_424' title='bbox 1654 5259 1717 5314; x_wconf 88' lang='lat' dir='ltr'><strong>et</strong></span> <span class='ocrx_word' id='word_1_425' title='bbox 1746 5252 1967 5336; x_wconf 90' lang='lat' dir='ltr'><strong>sapida</strong></span> <span class='ocrx_word' id='word_1_426' title='bbox 1994 5253 2358 5318; x_wconf 88' lang='lat' dir='ltr'><strong>divinorum</strong></span> <span class='ocrx_word' id='word_1_427' title='bbox 2399 5256 2644 5332; x_wconf 87' lang='lat' dir='ltr'><strong>notitia,</strong></span> <span class='ocrx_word' id='word_1_428' title='bbox 2680 5277 2820 5340; x_wconf 84' lang='lat' dir='ltr'><strong>quae</strong></span> <span class='ocrx_word' id='word_1_429' title='bbox 2857 5259 3114 5323; x_wconf 85' lang='lat' dir='ltr'><strong>realiter</strong></span> <span class='ocrx_word' id='word_1_430' title='bbox 3151 5269 3248 5324; x_wconf 90' lang='lat' dir='ltr'><strong>est</strong></span> <span class='ocrx_word' id='word_1_431' title='bbox 3286 5264 3451 5346; x_wconf 88' lang='lat' dir='ltr'><strong>sapi-</strong></span> 
     </span>
    </p>
   </div>
   <div class='ocr_carea' id='block_1_6' title="bbox 4266 0 4272 2160">
    <p class='ocr_par' dir='ltr' id='par_1_8' title="bbox 4266 0 4272 2160">
     <span class='ocr_line' id='line_1_37' title="bbox 4266 0 4272 2160; baseline 0 0"><span class='ocrx_word' id='word_1_432' title='bbox 4266 0 4272 2160; x_wconf 95' lang='lat' dir='ltr'><strong> </strong></span> 
     </span>
    </p>
   </div>
  </div>
 </body>
</html>
