4300 6259
833 462 958 529 242

1466 484 1546 530 DE
1587 484 1815 531 Lunum
1857 482 2241 531 cnmsrxANAE
2280 483 2584 540 TnEomAE,
2630 483 2805 546 LIBER
2846 484 2887 529 1.
2934 503 3015 513 —
3056 485 3195 531 ΛΒΤ.
3242 485 3307 530 11

825 655 928 714 est
985 649 1241 715 infinita
1296 651 1571 728 bonitas,
1630 652 1984 716 secundum
2042 651 2323 735 probata.
2356 652 2408 716 A
2438 660 2777 715 vertuntur
2822 655 2901 716 ad
2950 653 3229 737 primum
3282 654 3545 718 bonum.
3604 652 3781 716 Bona
3830 670 3947 714 au·

909 749 1216 831 Denique,
1240 749 1309 813 in
1339 752 1628 833 quolibet
1645 752 1890 826 ordine,
1916 752 2200 833 primum
2233 759 2331 814 est

824 846 1208 929 simpliciter
1235 847 1594 930 perfectum
1627 850 1981 912 secundum
2013 850 2326 912 rationem

823 944 1240 1028 perfectionis
1283 947 1457 1010 illius
1496 947 1740 1010 ordinis
1767 933 1788 1010 ἐ
1823 949 2106 1030 primum
2149 948 2324 1011 enim

822 1050 921 1106 est
965 1062 1268 1118 mensura
1307 1045 1600 1109 aliorum.
1647 1047 1778 1109 Hoc
1819 1054 2033 1109 autem
2081 1047 2148 1108 in
2193 1064 2327 1109 om-

820 1141 1018 1206 nibus
1064 1149 1256 1225 patet.
1304 1143 1460 1206 Nam
1507 1145 1791 1226 primum
1838 1145 2147 1218 lucidum,
2197 1145 2325 1226 pri-

821 1259 1001 1303 mum
1049 1242 1242 1304 etiam
1292 1242 1571 1304 calidum
1620 1247 1684 1304 et
1732 1242 2016 1325 primum
2073 1243 2324 1305 sensiti-

819 1357 973 1402 vum
1005 1339 1199 1402 etiam
1227 1339 1676 1421 hujuscemodi
1707 1349 1897 1402 sunt:
1930 1341 2116 1403 aliter
2146 1340 2321 1403 enim

819 1437 976 1500 ordo
1017 1437 1270 1500 sisteret
1306 1438 1373 1500 in
1413 1438 1824 1521 incompleto,
1857 1447 2025 1502 esset
2068 1456 2323 1522 quoque

819 1535 1194 1598 universum
1239 1537 1503 1600 omnino
1543 1536 2014 1618 imperfectum.
2050 1538 2119 1600 ln
2161 1537 2326 1600 ordi-

818 1632 1014 1696 nibus
1063 1651 1214 1715 ergo
1263 1634 1707 1697 intellectuum
1769 1635 2018 1716 primus
2077 1635 2326 1699 intelle-

820 1737 961 1794 ctus
992 1739 1092 1795 est
1120 1751 1280 1814 pure
1309 1732 1580 1805 activuS,
1614 1734 1782 1796 sicut
1819 1734 2013 1796 etiam
2054 1733 2323 1797 ultimus

817 1836 915 1892 est
944 1830 1209 1894 omnino
1242 1831 1587 1912 possibilis.
1624 1831 1702 1893 Et
1729 1832 2154 1894 consimiliter
2196 1832 2323 1914 pri·
2362 1833 2408 1895 Β

821 1946 1000 1989 mum
1049 1928 1275 1992 vivens
1335 1937 1401 1991 et
1458 1929 1742 2011 primum
1802 1930 2066 2004 bonum,
2119 1930 2326 2012 perfe-

818 2032 995 2087 ctum
1053 2033 1152 2088 est
1198 2028 1552 2089 secundum
1603 2045 1862 2090 omnem
1912 2029 2325 2110 perfectionis

820 2122 1292 2204 plenitudinem
1352 2144 1494 2205 quae
1548 2125 1628 2186 ad
1687 2127 1998 2188 rationem
2057 2135 2121 2188 et
2178 2126 2326 2188 sub-

819 2220 1112 2283 stantiale
1152 2221 1698 2303 complementum
1737 2224 1884 2286 vitae
1923 2231 1986 2286 et
2025 2223 2326 2286 bonitatis

822 2318 1144 2400 pertinere
1176 2325 1402 2400 potest.
1438 2319 1722 2384 Primum
1764 2321 1979 2403 itaque
2013 2321 2136 2384 erit
2167 2341 2327 2404 pura

822 2415 1096 2491 bonitaS,
1143 2434 1400 2480 omnem
1445 2419 1998 2482 defectibilitatem
2047 2427 2112 2481 et
2151 2439 2323 2483 com-

823 2514 1202 2578 mixtionem
1233 2515 1333 2578 sui
1364 2516 1664 2579 contrarii
1697 2518 2127 2599 praescindens
2163 2518 2325 2581 :tale

821 2629 974 2676 vero
1015 2630 1128 2675 ens
1173 2612 1374 2676 Deum
1417 2613 1840 2696 appellamus,
1889 2614 2325 2679 Pariformiter

821 2711 1069 2774 ostendi
1129 2718 1342 2793 potest
1377 2713 1582 2775 Deum
1635 2731 1796 2786 esse,
1857 2733 1934 2776 ex
1987 2714 2323 2776 ordinibus

821 2809 1242 2891 simplicium,
1304 2809 1735 2892 perfectorum
1790 2820 1853 2874 et
1910 2813 2323 2894 dependenti-

821 2924 955 2980 um,
988 2906 1351 2969 inducendo
1398 2907 1643 2989 aliquid
1691 2908 1828 2971 fore
1871 2928 2122 2972 summe
2172 2910 2322 2972 sim-

2438 758 2567 813 tem
2597 751 2977 833 gubernatio
3003 770 3131 815 non
3161 760 3277 825 est,
3302 753 3425 814 nisi
3456 753 3543 814 sit
3570 769 3739 814 unus
3771 750 3949 833 prin·

2438 849 2768 931 cepS.1psa
2799 850 3011 930 itaque
3044 869 3255 914 rerum
3282 849 3595 914 naturalia
3626 849 3951 912 desideria

2440 946 2731 1009 divinum
2771 966 2911 1010 esse
2952 955 3406 1011 contestantur.
3441 947 3691 1021 Adhuc,
3722 964 3951 1009 neces-

2438 1063 2507 1106 se
2546 1052 2643 1107 est
2680 1045 2924 1108 ordinis
2973 1047 3421 1109 universorum
3462 1063 3604 1109 esse
3646 1044 3950 1108 ordinan-

2438 1149 2569 1204 tem
2611 1161 2889 1205 causam.

2521 1240 2623 1303 Sic
2663 1259 2814 1321 ergo
2854 1241 3056 1304 Deum
3094 1261 3257 1317 esse,
3302 1241 3611 1304 naturalis
3654 1240 3817 1303 ratio
3862 1259 3949 1304 ex

2434 1339 2794 1418 specierum
2827 1339 3160 1402 ordinibus
3193 1339 3439 1403 invenit
3478 1348 3545 1402 et
3586 1339 3943 1403 convincit.

2860 1601 3350 1667 ARTICULUS
3396 1603 3518 1666 IX.

2743 1743 2840 1800 De
2895 1743 3152 1800 unitate
3207 1741 3431 1801 divini
3486 1759 3635 1800 esse.

2572 1926 2662 1989 ST
2720 1928 3021 2010 equidem
3070 1927 3456 2008 (secundum
3516 1929 3953 2010 praeinducta)

2599 2029 2766 2090 Deus
2836 2024 3343 2088 substantialiter
3416 2033 3483 2088 et
3556 2026 3955 2107 simpliciter

2440 2129 2781 2212 perfectus.
2800 2126 2955 2189 Nam
2984 2125 3086 2204 (ut
3115 2124 3488 2186 ostendetur
3517 2124 3783 2204 clarius)
3810 2141 3953 2186 om-

2438 2227 2539 2289 nis
2600 2223 2853 2289 essendi
2911 2220 3219 2305 perfectio
3278 2221 3633 2284 secundum
3695 2240 3951 2284 meram

2438 2323 2905 2406 plenitudinem
2937 2319 2996 2381 ei
3028 2318 3339 2381 convenit.
3356 2318 3529 2381 Talia
3555 2325 3771 2381 autem
3805 2319 3955 2401 plu-

2440 2442 2510 2484 ra
2555 2439 2793 2504 ponere
2838 2417 3145 2499 implicat.
3180 2417 3387 2489 Quum
3430 2417 3606 2478 enim
3650 2417 3820 2479 Deus
3858 2417 3955 2480 sit

2442 2529 2665 2584 natura
2722 2517 2995 2599 simplex
3054 2522 3119 2577 et
3174 2514 3651 2589 formalissima,
3700 2515 3753 2578 si
3814 2515 3955 2578 duo

2440 2627 2589 2681 sunt
2646 2618 2767 2690 Dii,
2826 2612 3330 2678 substantialiter
3385 2613 3877 2694 distinguuntur
3932 2630 3951 2674 ε

2437 2717 2651 2798 itaque
2695 2711 3208 2793 uniuscujusque
3252 2709 3563 2793 perfectio
3603 2711 3790 2774 alteri
3834 2712 3953 2774 de-

2436 2814 2574 2876 erit.
2620 2814 2757 2876 Imo
2800 2811 3034 2894 cuique
3087 2811 3344 2873 infinita
3395 2810 3706 2892 perfectio
3756 2811 3952 2874 abes-

2435 2920 2551 2987 set,
2567 2930 2767 2994 quum
2802 2909 3247 2992 unusquisque
3278 2926 3499 2972 eorum
3530 2909 3615 2970 sit
3642 2908 3949 2971 substan-

820 3003 992 3085 plex‚
1016 3004 1315 3067 similiter
1343 3004 1704 3087 perfectum
1735 3013 1800 3068 et
1829 3006 2070 3070 nullius
2103 3026 2316 3088 egenS.
2353 3013 2396 3077 C
2432 3010 2670 3072 tialiter
2699 3010 2838 3092 ipsa
2868 3027 2983 3070 sua
3012 3005 3268 3068 infinita
3295 3005 3625 3089 perfectio.
3664 3006 3727 3069 Si
3756 3007 3949 3070 enim

899 3101 1190 3184 Insuper,
1233 3101 1300 3164 in
1342 3103 1519 3165 omni
1563 3103 2060 3184 gubernantium
2109 3106 2321 3167 multi-

819 3199 1043 3262 tudine
1088 3218 1350 3263 necesse
1399 3208 1496 3262 est
1543 3201 1925 3282 primaevum
1973 3221 2200 3284 regens
2258 3211 2323 3266 et

821 3297 1049 3359 ceteris
1093 3298 1494 3378 gubernandi
1545 3298 1750 3380 legem
1803 3299 2085 3363 influens
2126 3318 2320 3383 pone-

822 3414 913 3470 re,
967 3396 1272 3477 quoniam
1325 3396 1656 3478 pluralitas
1703 3398 2070 3480 principum
2130 3399 2314 3462 mala.

822 3493 1083 3575 Oportet
1112 3494 1285 3556 enim
1315 3494 1796 3557 multitudinem
1818 3497 2038 3558 reduci
2069 3498 2146 3559 ad
2180 3498 2320 3559 uni-

819 3599 1038 3666 tatem,
1069 3600 1179 3655 aut
1221 3594 1376 3656 ordo
1419 3593 1675 3675 peribit.
1710 3593 1820 3656 Est
1859 3594 2052 3675 igitur
2082 3595 2149 3657 in
2180 3596 2321 3657 uni-

820 3707 1005 3753 verso
1034 3691 1284 3772 primus
1313 3698 1541 3765 rector,
1565 3691 1857 3754 omnium
1886 3691 2090 3768 finis:
2125 3712 2319 3775 quem

819 3787 1023 3850 Deum
1071 3788 1499 3850 enuntiamus
1547 3788 1629 3851 At
1669 3806 1822 3852 vero
1860 3790 1925 3851 in
1974 3797 2199 3853 octavo
2242 3791 2319 3853 de

819 3885 1056 3948 Auditu
1107 3884 1394 3968 physico,
1453 3886 1845 3949 demonstrat
1900 3886 2320 3968 Philosophus

819 3983 1103 4064 primum
1162 3990 1470 4046 motorem
1531 3983 1789 4064 penitus
1853 3983 2254 4047 immobilem
2302 4002 2315 4048 :

818 4099 1012 4163 quem
1070 4081 1135 4143 in
1195 4081 1577 4144 duodecimo
1624 4081 1848 4144 Primae
1898 4082 2321 4164 philosophiae

2432 3109 2560 3170 duo
2603 3114 2773 3180 sunt,
2806 3105 3050 3187 aliquid
3080 3122 3341 3166 necesse
3386 3110 3483 3166 est
3522 3103 3587 3165 in
3625 3121 3756 3166 uno
3792 3123 3947 3168 esse

2434 3206 2605 3288 quod
2665 3223 2792 3268 non
2854 3205 3022 3266 inest
3074 3202 3205 3265 alii.
3261 3201 3598 3284 Quumque
3641 3202 3809 3266 Deus
3852 3204 3949 3266 sit

2434 3322 2622 3365 suum
2654 3321 2793 3366 esse
2823 3309 2887 3364 et
2916 3320 3033 3364 sua
3068 3299 3400 3383 perfectio,
3434 3300 3687 3362 deitatis
3724 3301 3947 3382 perfe-

2434 3401 2561 3464 ctio
2592 3420 2733 3484 quae
2764 3401 2932 3462 inest
2962 3398 3224 3473 uni‚alii
3255 3415 3385 3460 non
3417 3398 3651 3481 poterit
3678 3416 3947 3482 compe-

2434 3508 2567 3562 tere
2603 3519 2616 3563 :
2651 3518 2793 3581 quae
2823 3498 2996 3560 enim
3028 3496 3293 3560 omnino
3330 3496 3570 3558 similia
3608 3504 3778 3572 sunt,
3811 3498 3947 3560 dis-

2432 3599 2639 3679 tingui
2668 3604 3013 3678 nequeunt.
3036 3596 3325 3676 Insuper,
3344 3594 3396 3657 si
3417 3594 3519 3656 Dii
3548 3594 3765 3676 plures
3792 3614 3947 3660 esse

2435 3698 2723 3775 possunt,
2770 3691 2891 3754 hoc
2936 3690 3057 3753 erit
3102 3697 3212 3752 aut
3261 3689 3557 3764 univoce,
3604 3697 3715 3752 aut
3760 3699 3947 3754 certe

2433 3790 2760 3872 aequivoce
2794 3806 2807 3849 :
2842 3789 2897 3850 si
2934 3788 3285 3870 aequivoce,
3318 3787 3481 3849 nihil
3519 3788 3598 3849 ad
3630 3806 3939 3870 praesens.

2434 3887 2555 3950 Sed
2598 3906 2718 3949 nec
2763 3887 3034 3949 univoce
3066 3903 3080 3946 :
3115 3892 3271 3947 tunc
3300 3885 3473 3947 enim
3512 3903 3771 3948 necesse
3811 3887 3944 3948 erit

2435 3992 2505 4046 ut
2533 3985 2663 4046 sint
2690 3984 2792 4048 vel
2824 3984 3017 4046 unius
3047 3983 3300 4064 generis
3332 3983 3599 4066 species,
3629 3991 3741 4046 aut
3768 3983 3945 4064 ejus·

2433 4083 2579 4144 dem
2610 4081 2850 4164 speciei
2882 4080 3231 4143 individua.
3266 4080 3551 4143 Primum
3580 4089 3791 4142 autem
3824 4081 3943 4144 ho-

818 4178 978 4240 dicit
1021 4197 1162 4241 esse
1206 4178 1414 4241 finem
1461 4179 1754 4242 omnium
1802 4180 2162 4243 coelestium
2222 4198 2320 4243 or·
2351 4186 2402 4248 D
2433 4199 2575 4243 rum
2624 4179 3025 4263 impossibile
3071 4186 3186 4241 est.
3229 4178 3487 4260 Species
3536 4177 3710 4242 enim
3752 4188 3941 4244 natu»-

819 4275 1025 4350 bium,
1064 4283 1355 4339 motuum
1387 4284 1451 4338 et
1490 4283 1829 4340 motorum.
1873 4278 2056 4340 Hunc
2087 4273 2333 4360 nempe'

817 4374 1094 4437 dicimus
1135 4374 1335 4436 Deum
1387 4372 1734 4437 sublimem
1773 4383 1835 4438 et
1883 4375 2314 4440 benedictum.

818 4473 1078 4546 lterum,
1129 4472 1193 4534 in
1250 4470 1586 4534 ordinibus
1645 4491 2004 4548 causarum,
2065 4474 2197 4537 imo
2252 4475 2318 4536 in

817 4569 995 4634 omni
1038 4587 1272 4650 genere
1309 4588 1537 4643 causae,
1571 4588 1832 4633 necesse
1871 4579 1968 4633 est
2004 4591 2145 4634 esse
2189 4573 2318 4654 pri-

819 4687 989 4732 mam
1031 4686 1312 4742 causam,
1349 4668 1887 4750 quemadmodum
1929 4670 1995 4730 in
2034 4672 2317 4734 secundo

813 4765 1256 4850 Metaphysicae
1293 4767 1572 4828 ostendit
1607 4765 1996 4830 Aristoteles.
2040 4766 2314 4832 Primam

812 4872 1027 4928 autem
1068 4883 1350 4938 causam,
1393 4883 1536 4946 quae
1575 4864 1658 4926 sit
1696 4865 1982 4947 primum
2020 4866 2316 4929 efficiens

813 4971 878 5026 et
907 4963 1172 5025 ultimus
1205 4961 1380 5036 finis,
1414 4963 1616 5024 Deum
1663 4963 2031 5025 asserimus
2065 4963 2319 5027 Praeter·

812 5081 909 5135 ea,
969 5060 1260 5123 omnium
1320 5060 1568 5122 entium
1629 5061 1943 5122 naturalia
2000 5061 2317 5126 desideria

810 5165 1122 5242 appetunt
1179 5158 1344 5220 bene
1403 5160 1558 5238 regi,
1616 5159 1973 5221 secundum
2036 5159 2315 5224 Philoso-

813 5256 1018 5342 phum
1055 5273 1070 5318 τ
1114 5262 1178 5317 et
1218 5262 1288 5317 ut
1323 5253 1548 5337 probat
1586 5254 1865 5331 Proclus,
1911 5257 2128 5320 omnia
2176 5277 2321 5322 con-

2432 4296 2566 4340 ram
2597 4278 3031 4340 determinatae
3058 4284 3123 4338 et
3151 4283 3487 4340 contractae
3517 4275 3939 4359 perfectionis

2431 4376 2586 4438 dicit
2637 4393 2651 4436 ε
2696 4394 2841 4438 nam
2892 4374 3284 4450 differentia,
3333 4375 3589 4455 generis
3636 4381 3935 4438 naturam

2434 4473 2686 4549 limitat,
2727 4482 2791 4537 et
2826 4474 2904 4536 ad
2946 4472 3294 4555 specialem
3335 4471 3747 4554 perfectionis
3792 4491 3939 4554 gra-

2432 4573 2585 4635 dum
2629 4573 2945 4636 contrahit
2989 4571 3053 4633 in
3092 4571 3325 4652 specie.
3361 4571 3491 4632 Deo
3528 4579 3743 4634 autem
3780 4589 3939 4634 con-

2432 4672 2609 4734 venit
2650 4672 2843 4734 totius
2886 4689 3026 4734 esse
3068 4669 3453 4731 universalis
3496 4669 3827 4752 perfecti0,
3870 4679 3941 4734 et

2431 4769 2642 4831 omnis
2670 4768 3083 4851 perfectionis
3114 4766 3465 4850 plenitudo.
3500 4767 3941 4831 Consimiliter

2432 4885 2550 4930 nec
2579 4867 2713 4931 solo
2742 4884 3010 4929 numero
3040 4866 3540 4947 distinguuntur.
3556 4867 3732 4929 Idem
3759 4868 3937 4931 enim

2432 4965 2784 5027 secundum
2820 4965 2989 5027 idem
3019 4981 3146 5026 non
3175 4971 3274 5026 est
3303 4963 3462 5026 ratio
3500 4964 3937 5028 distinctionis

2432 5071 2495 5126 et
2524 5062 3005 5126 convenientiae.
3032 5061 3332 5124 Divinum
3363 5069 3579 5124 autem
3608 5081 3748 5126 esse
3778 5063 3933 5126 sim—

2432 5162 2860 5245 plicissimum
2894 5177 3154 5243 prorsus
3194 5167 3308 5222 est.
3342 5159 3481 5223 Non
3526 5179 3677 5242 ergo
3722 5170 3937 5243 potest

2432 5261 2755 5323 numerari
2789 5259 2853 5322 in
2886 5258 3273 5336 multiS,nisi
3305 5277 3420 5342 per
3448 5259 3725 5340 aliquus
3754 5262 3934 5328 addi-
