<?xml version="1.0" encoding="UTF-8"?>
<!DOCTYPE html PUBLIC "-//W3C//DTD XHTML 1.0 Transitional//EN"
    "http://www.w3.org/TR/xhtml1/DTD/xhtml1-transitional.dtd">
<html xmlns="http://www.w3.org/1999/xhtml" xml:lang="en" lang="en">
 <head>
  <title>
</title>
<meta http-equiv="Content-Type" content="text/html;charset=utf-8" />
  <meta name='ocr-system' content='tesseract 3.04.00' />
  <meta name='ocr-capabilities' content='ocr_page ocr_carea ocr_par ocr_line ocrx_word'/>
</head>
<body>
  <div class='ocr_page' id='page_1' title='image "./doctorisecstati05unkngoog_0493.png"; bbox 0 0 4300 6259; ppageno 0'>
   <div class='ocr_carea' id='block_1_1' title="bbox 122 2679 317 2722">
    <p class='ocr_par' dir='ltr' id='par_1_1' title="bbox 122 2679 317 2722">
     <span class='ocr_line' id='line_1_1' title="bbox 122 2679 317 2722; baseline 0 -2"><span class='ocrx_word' id='word_1_1' title='bbox 122 2679 317 2722; x_wconf 60' lang='lat' dir='ltr'><strong>itehae.11</strong></span> 
     </span>
    </p>
   </div>
   <div class='ocr_carea' id='block_1_2' title="bbox 142 3169 291 3224">
    <p class='ocr_par' dir='ltr' id='par_1_2' title="bbox 142 3169 291 3224">
     <span class='ocr_line' id='line_1_2' title="bbox 142 3169 291 3224; baseline 0 -13"><span class='ocrx_word' id='word_1_2' title='bbox 142 3169 291 3224; x_wconf 65' lang='lat' dir='ltr'><strong>ephes.</strong></span> 
     </span>
    </p>
   </div>
   <div class='ocr_carea' id='block_1_3' title="bbox 108 3236 247 3281">
    <p class='ocr_par' dir='ltr' id='par_1_3' title="bbox 108 3236 247 3281">
     <span class='ocr_line' id='line_1_3' title="bbox 108 3236 247 3281; baseline 0.007 -7"><span class='ocrx_word' id='word_1_3' title='bbox 108 3236 165 3281; x_wconf 73' lang='lat'><strong>20,</strong></span> <span class='ocrx_word' id='word_1_4' title='bbox 186 3236 247 3275; x_wconf 78' lang='lat'><strong>2¹.</strong></span> 
     </span>
    </p>
   </div>
   <div class='ocr_carea' id='block_1_4' title="bbox 135 3853 281 3898">
    <p class='ocr_par' dir='ltr' id='par_1_4' title="bbox 135 3853 281 3898">
     <span class='ocr_line' id='line_1_4' title="bbox 135 3853 281 3898; baseline 0.027 -3"><span class='ocrx_word' id='word_1_5' title='bbox 135 3853 281 3898; x_wconf 69' lang='lat' dir='ltr'><strong>coloss.</strong></span> 
     </span>
    </p>
   </div>
   <div class='ocr_carea' id='block_1_5' title="bbox 116 3919 165 3956">
    <p class='ocr_par' dir='ltr' id='par_1_5' title="bbox 116 3919 165 3956">
     <span class='ocr_line' id='line_1_5' title="bbox 116 3919 165 3956; baseline 0 0"><span class='ocrx_word' id='word_1_6' title='bbox 116 3919 165 3956; x_wconf 74' lang='lat'><strong>16.</strong></span> 
     </span>
    </p>
   </div>
   <div class='ocr_carea' id='block_1_6' title="bbox 137 4941 341 4982">
    <p class='ocr_par' dir='ltr' id='par_1_6' title="bbox 137 4941 341 4982">
     <span class='ocr_line' id='line_1_6' title="bbox 137 4941 341 4982; baseline 0.025 -5"><span class='ocrx_word' id='word_1_7' title='bbox 137 4941 203 4978; x_wconf 75' lang='lat' dir='ltr'><strong>art.</strong></span> <span class='ocrx_word' id='word_1_8' title='bbox 228 4951 341 4982; x_wconf 61' lang='lat' dir='ltr'><strong>Lxx-u.</strong></span> 
     </span>
    </p>
   </div>
   <div class='ocr_carea' id='block_1_7' title="bbox 957 505 3477 580">
    <p class='ocr_par' dir='ltr' id='par_1_7' title="bbox 957 505 3477 580">
     <span class='ocr_line' id='line_1_7' title="bbox 957 505 3477 580; baseline 0.001 -9"><span class='ocrx_word' id='word_1_9' title='bbox 957 525 1035 571; x_wconf 71' lang='lat' dir='ltr'><strong>DE</strong></span> <span class='ocrx_word' id='word_1_10' title='bbox 1077 525 1303 572; x_wconf 71' lang='lat' dir='ltr'><strong>Lunum:</strong></span> <span class='ocrx_word' id='word_1_11' title='bbox 1342 523 1725 570; x_wconf 71' lang='lat' dir='ltr'><strong>cnnts&#39;rIANAE.</strong></span> <span class='ocrx_word' id='word_1_12' title='bbox 1766 522 2067 580; x_wconf 70' lang='lat' dir='ltr'><strong>Tamum,</strong></span> <span class='ocrx_word' id='word_1_13' title='bbox 2112 523 2288 571; x_wconf 78' lang='lat' dir='ltr'>LIBER</span> <span class='ocrx_word' id='word_1_14' title='bbox 2334 526 2394 571; x_wconf 87' lang='lat'><strong>11.</strong></span> <span class='ocrx_word' id='word_1_15' title='bbox 2443 545 2520 556; x_wconf 87' lang='grc'><strong>--</strong></span> <span class='ocrx_word' id='word_1_16' title='bbox 2562 529 2700 574; x_wconf 73' lang='lat' dir='ltr'><strong>Alt’r.</strong></span> <span class='ocrx_word' id='word_1_17' title='bbox 2747 529 2888 574; x_wconf 76' lang='lat' dir='ltr'><strong>thx</strong></span> <span class='ocrx_word' id='word_1_18' title='bbox 3357 505 3477 573; x_wconf 74' lang='lat'><strong>469</strong></span> 
     </span>
    </p>
   </div>
   <div class='ocr_carea' id='block_1_8' title="bbox 376 692 3480 782">
    <p class='ocr_par' dir='ltr' id='par_1_8' title="bbox 376 692 3480 782">
     <span class='ocr_line' id='line_1_8' title="bbox 376 692 3480 782; baseline 0.001 -26"><span class='ocrx_word' id='word_1_19' title='bbox 376 699 491 756; x_wconf 87' lang='lat' dir='ltr'><strong>est.</strong></span> <span class='ocrx_word' id='word_1_20' title='bbox 528 693 719 757; x_wconf 88' lang='lat' dir='ltr'><strong>Porro</strong></span> <span class='ocrx_word' id='word_1_21' title='bbox 759 695 1037 760; x_wconf 80' lang='lat' dir='ltr'><strong>Virtutes</strong></span> <span class='ocrx_word' id='word_1_22' title='bbox 1079 695 1417 776; x_wconf 80' lang='lat' dir='ltr'><strong>Gregorius</strong></span> <span class='ocrx_word' id='word_1_23' title='bbox 1462 713 1569 758; x_wconf 92' lang='lat' dir='ltr'><strong>eos</strong></span> <span class='ocrx_word' id='word_1_24' title='bbox 1612 694 1874 775; x_wconf 89' lang='lat' dir='ltr'><strong>spiritus</strong></span> <span class='ocrx_word' id='word_1_25' title='bbox 1904 692 1957 757; x_wconf 91' lang='lat' dir='ltr'>A</span> <span class='ocrx_word' id='word_1_26' title='bbox 1986 693 2339 759; x_wconf 89' lang='lat' dir='ltr'><strong>humanum</strong></span> <span class='ocrx_word' id='word_1_27' title='bbox 2392 697 2634 762; x_wconf 90' lang='lat' dir='ltr'><strong>bonum</strong></span> <span class='ocrx_word' id='word_1_28' title='bbox 2691 701 2994 764; x_wconf 89' lang='lat' dir='ltr'><strong>destinari</strong></span> <span class='ocrx_word' id='word_1_29' title='bbox 3050 719 3063 764; x_wconf 91' lang='lat'><strong>:</strong></span> <span class='ocrx_word' id='word_1_30' title='bbox 3127 698 3480 782; x_wconf 81' lang='lat' dir='ltr'><strong>praesertim</strong></span> 
     </span>
    </p>
   </div>
   <div class='ocr_carea' id='block_1_9' title="bbox 372 791 1880 1858">
    <p class='ocr_par' dir='ltr' id='par_1_9' title="bbox 372 791 1880 1858">
     <span class='ocr_line' id='line_1_9' title="bbox 378 791 1875 877; baseline 0.001 -25"><span class='ocrx_word' id='word_1_31' title='bbox 378 801 711 875; x_wconf 89' lang='lat' dir='ltr'><strong>nuncupat</strong></span> <span class='ocrx_word' id='word_1_32' title='bbox 748 813 863 877; x_wconf 91' lang='lat' dir='ltr'><strong>per</strong></span> <span class='ocrx_word' id='word_1_33' title='bbox 891 811 1051 877; x_wconf 89' lang='lat' dir='ltr'><strong>quos</strong></span> <span class='ocrx_word' id='word_1_34' title='bbox 1091 795 1271 876; x_wconf 86' lang='lat' dir='ltr'><strong>signa</strong></span> <span class='ocrx_word' id='word_1_35' title='bbox 1309 801 1372 857; x_wconf 89' lang='lat' dir='ltr'><strong>et</strong></span> <span class='ocrx_word' id='word_1_36' title='bbox 1412 792 1720 856; x_wconf 86' lang='lat' dir='ltr'><strong>miracula</strong></span> <span class='ocrx_word' id='word_1_37' title='bbox 1754 791 1875 854; x_wconf 85' lang='lat' dir='ltr'><strong>fre-</strong></span> 
     </span>
     <span class='ocr_line' id='line_1_10' title="bbox 376 890 1877 976; baseline -0.001 -25"><span class='ocrx_word' id='word_1_38' title='bbox 376 892 680 971; x_wconf 91' lang='lat' dir='ltr'><strong>quentius</strong></span> <span class='ocrx_word' id='word_1_39' title='bbox 739 892 909 955; x_wconf 82' lang='lat' dir='ltr'><strong>fiunt</strong></span> <span class='ocrx_word' id='word_1_40' title='bbox 960 910 973 954; x_wconf 91' lang='lat'>:</span> <span class='ocrx_word' id='word_1_41' title='bbox 1026 893 1196 976; x_wconf 90' lang='lat' dir='ltr'><strong>quod</strong></span> <span class='ocrx_word' id='word_1_42' title='bbox 1244 893 1515 955; x_wconf 81' lang='lat' dir='ltr'><strong>Thomas</strong></span> <span class='ocrx_word' id='word_1_43' title='bbox 1574 890 1877 971; x_wconf 89' lang='lat' dir='ltr'><strong>intelligit</strong></span> 
     </span>
     <span class='ocr_line' id='line_1_11' title="bbox 375 989 1874 1072; baseline -0.001 -22"><span class='ocrx_word' id='word_1_44' title='bbox 375 995 439 1050; x_wconf 89' lang='lat' dir='ltr'><strong>et</strong></span> <span class='ocrx_word' id='word_1_45' title='bbox 486 991 772 1072; x_wconf 84' lang='lat' dir='ltr'>exponit,</span> <span class='ocrx_word' id='word_1_46' title='bbox 823 999 895 1053; x_wconf 90' lang='lat' dir='ltr'><strong>ut</strong></span> <span class='ocrx_word' id='word_1_47' title='bbox 942 990 1035 1053; x_wconf 90' lang='lat' dir='ltr'><strong>illi</strong></span> <span class='ocrx_word' id='word_1_48' title='bbox 1088 991 1354 1072; x_wconf 86' lang='lat' dir='ltr'><strong>spiritus</strong></span> <span class='ocrx_word' id='word_1_49' title='bbox 1401 990 1693 1052; x_wconf 88' lang='lat' dir='ltr'><strong>dicantur</strong></span> <span class='ocrx_word' id='word_1_50' title='bbox 1739 989 1874 1052; x_wconf 81' lang='lat' dir='ltr'><strong>Vir-</strong></span> 
     </span>
     <span class='ocr_line' id='line_1_12' title="bbox 373 1087 1874 1172; baseline 0 -24"><span class='ocrx_word' id='word_1_51' title='bbox 373 1093 545 1151; x_wconf 80' lang='lat' dir='ltr'><strong>tutes</strong></span> <span class='ocrx_word' id='word_1_52' title='bbox 597 1089 709 1170; x_wconf 90' lang='lat' dir='ltr'><strong>qui</strong></span> <span class='ocrx_word' id='word_1_53' title='bbox 768 1091 846 1152; x_wconf 88' lang='lat' dir='ltr'><strong>ad</strong></span> <span class='ocrx_word' id='word_1_54' title='bbox 905 1090 1211 1172; x_wconf 88' lang='lat' dir='ltr'><strong>quasdam</strong></span> <span class='ocrx_word' id='word_1_55' title='bbox 1253 1087 1669 1170; x_wconf 80' lang='lat' dir='ltr'><strong>particulares</strong></span> <span class='ocrx_word' id='word_1_56' title='bbox 1727 1104 1874 1169; x_wconf 89' lang='lat' dir='ltr'><strong>ope-</strong></span> 
     </span>
     <span class='ocr_line' id='line_1_13' title="bbox 374 1185 1876 1269; baseline 0 -23"><span class='ocrx_word' id='word_1_57' title='bbox 374 1185 654 1250; x_wconf 82' lang='lat' dir='ltr'><strong>rationes</strong></span> <span class='ocrx_word' id='word_1_58' title='bbox 693 1187 1089 1261; x_wconf 81' lang='lat' dir='ltr'><strong>ordinantur,</strong></span> <span class='ocrx_word' id='word_1_59' title='bbox 1122 1188 1275 1249; x_wconf 90' lang='lat' dir='ltr'><strong>dum</strong></span> <span class='ocrx_word' id='word_1_60' title='bbox 1317 1187 1383 1249; x_wconf 91' lang='lat' dir='ltr'><strong>in</strong></span> <span class='ocrx_word' id='word_1_61' title='bbox 1422 1185 1682 1269; x_wconf 87' lang='lat' dir='ltr'><strong>speciali</strong></span> <span class='ocrx_word' id='word_1_62' title='bbox 1724 1204 1876 1247; x_wconf 85' lang='lat' dir='ltr'><strong>casu</strong></span> 
     </span>
     <span class='ocr_line' id='line_1_14' title="bbox 373 1283 1875 1367; baseline -0.001 -22"><span class='ocrx_word' id='word_1_63' title='bbox 373 1283 855 1367; x_wconf 78' lang='lat' dir='ltr'><strong>aliquo,praeter</strong></span> <span class='ocrx_word' id='word_1_64' title='bbox 884 1304 1295 1348; x_wconf 88' lang='lat' dir='ltr'><strong>communem</strong></span> <span class='ocrx_word' id='word_1_65' title='bbox 1325 1292 1561 1347; x_wconf 82' lang='lat' dir='ltr'><strong>naturae</strong></span> <span class='ocrx_word' id='word_1_66' title='bbox 1588 1283 1875 1347; x_wconf 85' lang='lat' dir='ltr'><strong>ordinem</strong></span> 
     </span>
     <span class='ocr_line' id='line_1_15' title="bbox 374 1382 1874 1466; baseline 0 -22"><span class='ocrx_word' id='word_1_67' title='bbox 374 1382 711 1465; x_wconf 79' lang='lat' dir='ltr'><strong>quidpiam</strong></span> <span class='ocrx_word' id='word_1_68' title='bbox 766 1385 1194 1466; x_wconf 87' lang='lat' dir='ltr'><strong>peragendum</strong></span> <span class='ocrx_word' id='word_1_69' title='bbox 1246 1390 1357 1446; x_wconf 91' lang='lat' dir='ltr'><strong>est.</strong></span> <span class='ocrx_word' id='word_1_70' title='bbox 1408 1382 1485 1444; x_wconf 87' lang='lat' dir='ltr'><strong>Et</strong></span> <span class='ocrx_word' id='word_1_71' title='bbox 1524 1383 1707 1463; x_wconf 86' lang='lat' dir='ltr'><strong>juxta</strong></span> <span class='ocrx_word' id='word_1_72' title='bbox 1753 1382 1874 1444; x_wconf 89' lang='lat' dir='ltr'><strong>hoc</strong></span> 
     </span>
     <span class='ocr_line' id='line_1_16' title="bbox 374 1480 1876 1564; baseline 0 -22"><span class='ocrx_word' id='word_1_73' title='bbox 374 1499 501 1543; x_wconf 89' lang='lat' dir='ltr'><strong>non</strong></span> <span class='ocrx_word' id='word_1_74' title='bbox 563 1481 1058 1564; x_wconf 87' lang='lat' dir='ltr'><strong>incongruenter</strong></span> <span class='ocrx_word' id='word_1_75' title='bbox 1114 1482 1177 1544; x_wconf 94' lang='lat' dir='ltr'><strong>in</strong></span> <span class='ocrx_word' id='word_1_76' title='bbox 1238 1480 1465 1543; x_wconf 87' lang='lat' dir='ltr'><strong>infima</strong></span> <span class='ocrx_word' id='word_1_77' title='bbox 1521 1480 1876 1544; x_wconf 84' lang='lat' dir='ltr'><strong>hierarchia</strong></span> 
     </span>
     <span class='ocr_line' id='line_1_17' title="bbox 372 1579 1877 1661; baseline 0 -21"><span class='ocrx_word' id='word_1_78' title='bbox 372 1587 867 1661; x_wconf 86' lang='lat' dir='ltr'><strong>computantur:</strong></span> <span class='ocrx_word' id='word_1_79' title='bbox 891 1579 1040 1642; x_wconf 87' lang='lat' dir='ltr'><strong>talia</strong></span> <span class='ocrx_word' id='word_1_80' title='bbox 1071 1579 1245 1642; x_wconf 89' lang='lat' dir='ltr'><strong>enim</strong></span> <span class='ocrx_word' id='word_1_81' title='bbox 1276 1579 1657 1642; x_wconf 86' lang='lat' dir='ltr'><strong>miraculosa</strong></span> <span class='ocrx_word' id='word_1_82' title='bbox 1683 1597 1877 1660; x_wconf 86' lang='lat' dir='ltr'><strong>opera</strong></span> 
     </span>
     <span class='ocr_line' id='line_1_18' title="bbox 372 1677 1878 1758; baseline -0.002 -19"><span class='ocrx_word' id='word_1_83' title='bbox 372 1677 451 1739; x_wconf 89' lang='lat' dir='ltr'><strong>ad</strong></span> <span class='ocrx_word' id='word_1_84' title='bbox 496 1677 827 1741; x_wconf 90' lang='lat' dir='ltr'><strong>hominem</strong></span> <span class='ocrx_word' id='word_1_85' title='bbox 872 1686 935 1741; x_wconf 91' lang='lat' dir='ltr'><strong>et</strong></span> <span class='ocrx_word' id='word_1_86' title='bbox 978 1697 1078 1740; x_wconf 90' lang='lat' dir='ltr'><strong>res</strong></span> <span class='ocrx_word' id='word_1_87' title='bbox 1118 1678 1431 1740; x_wconf 88' lang='lat' dir='ltr'><strong>humanas</strong></span> <span class='ocrx_word' id='word_1_88' title='bbox 1472 1677 1878 1758; x_wconf 82' lang='lat' dir='ltr'><strong>singulariter</strong></span> 
     </span>
     <span class='ocr_line' id='line_1_19' title="bbox 374 1775 1880 1858; baseline 0 -21"><span class='ocrx_word' id='word_1_89' title='bbox 374 1783 690 1857; x_wconf 81' lang='lat' dir='ltr'><strong>spectant,</strong></span> <span class='ocrx_word' id='word_1_90' title='bbox 732 1777 967 1858; x_wconf 89' lang='lat' dir='ltr'><strong>quibus</strong></span> <span class='ocrx_word' id='word_1_91' title='bbox 997 1778 1099 1856; x_wconf 90' lang='lat' dir='ltr'><strong>(ut</strong></span> <span class='ocrx_word' id='word_1_92' title='bbox 1132 1784 1457 1839; x_wconf 84' lang='lat' dir='ltr'><strong>ostensum</strong></span> <span class='ocrx_word' id='word_1_93' title='bbox 1492 1777 1615 1854; x_wconf 88' lang='lat' dir='ltr'><strong>est)</strong></span> <span class='ocrx_word' id='word_1_94' title='bbox 1651 1775 1880 1837; x_wconf 88' lang='lat' dir='ltr'><strong>infima</strong></span> 
     </span>
    </p>
   </div>
   <div class='ocr_carea' id='block_1_10' title="bbox 1985 796 3493 1863">
    <p class='ocr_par' dir='ltr' id='par_1_10' title="bbox 1985 796 3493 1863">
     <span class='ocr_line' id='line_1_20' title="bbox 1985 796 3482 880; baseline 0.003 -26"><span class='ocrx_word' id='word_1_95' title='bbox 1985 811 2186 874; x_wconf 92' lang='lat' dir='ltr'><strong>quum</strong></span> <span class='ocrx_word' id='word_1_96' title='bbox 2257 796 2545 860; x_wconf 89' lang='lat' dir='ltr'><strong>ordinata</strong></span> <span class='ocrx_word' id='word_1_97' title='bbox 2614 799 3098 880; x_wconf 78' lang='lat' dir='ltr'><strong>gubernationis</strong></span> <span class='ocrx_word' id='word_1_98' title='bbox 3159 797 3357 861; x_wconf 88' lang='lat' dir='ltr'><strong>series</strong></span> <span class='ocrx_word' id='word_1_99' title='bbox 3418 797 3482 859; x_wconf 91' lang='lat' dir='ltr'><strong>id</strong></span> 
     </span>
     <span class='ocr_line' id='line_1_21' title="bbox 1987 891 3486 976; baseline 0.003 -24"><span class='ocrx_word' id='word_1_100' title='bbox 1987 891 2199 972; x_wconf 90' lang='lat' dir='ltr'><strong>ipsum</strong></span> <span class='ocrx_word' id='word_1_101' title='bbox 2240 895 2470 976; x_wconf 87' lang='lat' dir='ltr'><strong>exigat,</strong></span> <span class='ocrx_word' id='word_1_102' title='bbox 2504 903 2574 958; x_wconf 89' lang='lat' dir='ltr'><strong>ut</strong></span> <span class='ocrx_word' id='word_1_103' title='bbox 2613 916 2649 958; x_wconf 91' lang='lat' dir='ltr'><strong>a</strong></span> <span class='ocrx_word' id='word_1_104' title='bbox 2689 898 2948 961; x_wconf 87' lang='lat' dir='ltr'><strong>distanti</strong></span> <span class='ocrx_word' id='word_1_105' title='bbox 2993 899 3058 960; x_wconf 90' lang='lat' dir='ltr'><strong>in</strong></span> <span class='ocrx_word' id='word_1_106' title='bbox 3097 898 3341 960; x_wconf 87' lang='lat' dir='ltr'><strong>distans</strong></span> <span class='ocrx_word' id='word_1_107' title='bbox 3373 895 3486 958; x_wconf 90' lang='lat' dir='ltr'><strong>fiat</strong></span> 
     </span>
     <span class='ocr_line' id='line_1_22' title="bbox 1985 994 3488 1075; baseline 0.004 -25"><span class='ocrx_word' id='word_1_108' title='bbox 1985 1007 2324 1071; x_wconf 86' lang='lat' dir='ltr'><strong>processus</strong></span> <span class='ocrx_word' id='word_1_109' title='bbox 2384 1013 2498 1075; x_wconf 90' lang='lat' dir='ltr'><strong>per</strong></span> <span class='ocrx_word' id='word_1_110' title='bbox 2553 995 2843 1059; x_wconf 87' lang='lat' dir='ltr'><strong>ordinata</strong></span> <span class='ocrx_word' id='word_1_111' title='bbox 2905 997 3134 1070; x_wconf 91' lang='lat' dir='ltr'><strong>media,</strong></span> <span class='ocrx_word' id='word_1_112' title='bbox 3183 995 3351 1058; x_wconf 92' lang='lat' dir='ltr'><strong>sicut</strong></span> <span class='ocrx_word' id='word_1_113' title='bbox 3397 994 3488 1057; x_wconf 88' lang='lat' dir='ltr'><strong>ait</strong></span> 
     </span>
     <span class='ocr_line' id='line_1_23' title="bbox 1986 1089 3483 1177; baseline 0.003 -26"><span class='ocrx_word' id='word_1_114' title='bbox 1986 1089 2349 1173; x_wconf 76' lang='lat' dir='ltr'><strong>DionysiuS,</strong></span> <span class='ocrx_word' id='word_1_115' title='bbox 2382 1100 2444 1155; x_wconf 91' lang='lat' dir='ltr'><strong>et</strong></span> <span class='ocrx_word' id='word_1_116' title='bbox 2491 1094 2554 1156; x_wconf 89' lang='lat' dir='ltr'><strong>in</strong></span> <span class='ocrx_word' id='word_1_117' title='bbox 2599 1095 2882 1177; x_wconf 85' lang='lat' dir='ltr'><strong>Physicis</strong></span> <span class='ocrx_word' id='word_1_118' title='bbox 2924 1095 3314 1158; x_wconf 83' lang='lat' dir='ltr'><strong>Aristoteles,</strong></span> <span class='ocrx_word' id='word_1_119' title='bbox 3347 1094 3483 1157; x_wconf 89' lang='lat' dir='ltr'><strong>Non</strong></span> 
     </span>
     <span class='ocr_line' id='line_1_24' title="bbox 1988 1186 3487 1272; baseline 0.005 -25"><span class='ocrx_word' id='word_1_120' title='bbox 1988 1186 2191 1268; x_wconf 86' lang='lat' dir='ltr'><strong>igitur·</strong></span> <span class='ocrx_word' id='word_1_121' title='bbox 2212 1191 2572 1272; x_wconf 88' lang='lat' dir='ltr'><strong>superiores</strong></span> <span class='ocrx_word' id='word_1_122' title='bbox 2605 1193 2728 1255; x_wconf 84' lang='lat' dir='ltr'><strong>illae</strong></span> <span class='ocrx_word' id='word_1_123' title='bbox 2748 1193 3092 1257; x_wconf 83' lang='lat' dir='ltr'><strong>deiformes</strong></span> <span class='ocrx_word' id='word_1_124' title='bbox 3123 1193 3487 1256; x_wconf 62' lang='lat' dir='ltr'><strong>substantiae</strong></span> 
     </span>
     <span class='ocr_line' id='line_1_25' title="bbox 1990 1289 3486 1373; baseline 0.003 -26"><span class='ocrx_word' id='word_1_125' title='bbox 1990 1305 2104 1368; x_wconf 86' lang='lat' dir='ltr'><strong>per</strong></span> <span class='ocrx_word' id='word_1_126' title='bbox 2151 1289 2528 1370; x_wconf 88' lang='lat' dir='ltr'><strong>semetipsas</strong></span> <span class='ocrx_word' id='word_1_127' title='bbox 2577 1290 2966 1364; x_wconf 87' lang='lat' dir='ltr'><strong>immediate,</strong></span> <span class='ocrx_word' id='word_1_128' title='bbox 3019 1291 3127 1354; x_wconf 92' lang='lat' dir='ltr'><strong>sed</strong></span> <span class='ocrx_word' id='word_1_129' title='bbox 3178 1310 3293 1373; x_wconf 90' lang='lat' dir='ltr'><strong>per</strong></span> <span class='ocrx_word' id='word_1_130' title='bbox 3339 1290 3486 1352; x_wconf 90' lang='lat' dir='ltr'><strong>sub-</strong></span> 
     </span>
     <span class='ocr_line' id='line_1_26' title="bbox 1988 1385 3491 1462; baseline 0.003 -16"><span class='ocrx_word' id='word_1_131' title='bbox 1988 1385 2262 1448; x_wconf 88' lang='lat' dir='ltr'><strong>alternas</strong></span> <span class='ocrx_word' id='word_1_132' title='bbox 2303 1387 2425 1449; x_wconf 91' lang='lat' dir='ltr'><strong>sibi</strong></span> <span class='ocrx_word' id='word_1_133' title='bbox 2469 1396 2737 1462; x_wconf 89' lang='lat' dir='ltr'><strong>mentes,</strong></span> <span class='ocrx_word' id='word_1_134' title='bbox 2773 1389 3150 1452; x_wconf 88' lang='lat' dir='ltr'><strong>inferiorum</strong></span> <span class='ocrx_word' id='word_1_135' title='bbox 3188 1389 3491 1452; x_wconf 87' lang='lat' dir='ltr'><strong>videlicet</strong></span> 
     </span>
     <span class='ocr_line' id='line_1_27' title="bbox 1989 1484 3488 1567; baseline 0.002 -22"><span class='ocrx_word' id='word_1_136' title='bbox 1989 1484 2288 1546; x_wconf 90' lang='lat' dir='ltr'><strong>ordinum</strong></span> <span class='ocrx_word' id='word_1_137' title='bbox 2337 1486 2623 1567; x_wconf 90' lang='lat' dir='ltr'><strong>spiritus,</strong></span> <span class='ocrx_word' id='word_1_138' title='bbox 2672 1487 3018 1550; x_wconf 89' lang='lat' dir='ltr'><strong>humanam</strong></span> <span class='ocrx_word' id='word_1_139' title='bbox 3067 1487 3488 1551; x_wconf 84' lang='lat' dir='ltr'><strong>hierarchiam</strong></span> 
     </span>
     <span class='ocr_line' id='line_1_28' title="bbox 1989 1581 3492 1667; baseline 0.003 -26"><span class='ocrx_word' id='word_1_140' title='bbox 1989 1581 2292 1662; x_wconf 88' lang='lat' dir='ltr'><strong>dirigunt,</strong></span> <span class='ocrx_word' id='word_1_141' title='bbox 2347 1585 2695 1664; x_wconf 86' lang='lat' dir='ltr'><strong>purgando,</strong></span> <span class='ocrx_word' id='word_1_142' title='bbox 2747 1585 3124 1648; x_wconf 86' lang='lat' dir='ltr'><strong>illustrando</strong></span> <span class='ocrx_word' id='word_1_143' title='bbox 3182 1593 3245 1648; x_wconf 88' lang='lat' dir='ltr'><strong>et</strong></span> <span class='ocrx_word' id='word_1_144' title='bbox 3303 1585 3492 1667; x_wconf 91' lang='lat' dir='ltr'><strong>perfi-</strong></span> 
     </span>
     <span class='ocr_line' id='line_1_29' title="bbox 1989 1678 3493 1757; baseline 0.003 -17"><span class='ocrx_word' id='word_1_145' title='bbox 1989 1678 2216 1742; x_wconf 91' lang='lat' dir='ltr'><strong>ciendo</strong></span> <span class='ocrx_word' id='word_1_146' title='bbox 2260 1682 2570 1743; x_wconf 90' lang='lat' dir='ltr'><strong>eamdem.</strong></span> <span class='ocrx_word' id='word_1_147' title='bbox 2609 1683 2933 1757; x_wconf 86' lang='lat' dir='ltr'><strong>Praeterea,</strong></span> <span class='ocrx_word' id='word_1_148' title='bbox 2978 1691 3045 1745; x_wconf 91' lang='lat' dir='ltr'><strong>ut</strong></span> <span class='ocrx_word' id='word_1_149' title='bbox 3089 1683 3302 1746; x_wconf 88' lang='lat' dir='ltr'><strong>verbis</strong></span> <span class='ocrx_word' id='word_1_150' title='bbox 3347 1683 3493 1746; x_wconf 91' lang='lat' dir='ltr'><strong>Gre-</strong></span> 
     </span>
     <span class='ocr_line' id='line_1_30' title="bbox 1988 1777 3489 1863; baseline 0.002 -25"><span class='ocrx_word' id='word_1_151' title='bbox 1988 1777 2148 1858; x_wconf 84' lang='lat' dir='ltr'><strong>gorii</strong></span> <span class='ocrx_word' id='word_1_152' title='bbox 2184 1787 2343 1850; x_wconf 87' lang='lat' dir='ltr'><strong>utar,</strong></span> <span class='ocrx_word' id='word_1_153' title='bbox 2378 1779 2714 1862; x_wconf 86' lang='lat' dir='ltr'><strong>Dionysius</strong></span> <span class='ocrx_word' id='word_1_154' title='bbox 2755 1782 3153 1863; x_wconf 86' lang='lat' dir='ltr'><strong>Areopagita,</strong></span> <span class='ocrx_word' id='word_1_155' title='bbox 3186 1780 3489 1862; x_wconf 89' lang='lat' dir='ltr'><strong>antiquus</strong></span> 
     </span>
    </p>
   </div>
   <div class='ocr_carea' id='block_1_11' title="bbox 376 1873 3778 1957">
    <p class='ocr_par' dir='ltr' id='par_1_11' title="bbox 376 1873 3778 1957">
     <span class='ocr_line' id='line_1_31' title="bbox 376 1873 3778 1957; baseline 0.004 -23"><span class='ocrx_word' id='word_1_156' title='bbox 376 1873 740 1937; x_wconf 86' lang='lat' dir='ltr'><strong>hierarchia</strong></span> <span class='ocrx_word' id='word_1_157' title='bbox 798 1874 1111 1957; x_wconf 83' lang='lat' dir='ltr'><strong>praesidet.</strong></span> <span class='ocrx_word' id='word_1_158' title='bbox 1177 1875 1298 1937; x_wconf 91' lang='lat' dir='ltr'><strong>Sed</strong></span> <span class='ocrx_word' id='word_1_159' title='bbox 1360 1875 1421 1936; x_wconf 91' lang='lat' dir='ltr'><strong>in</strong></span> <span class='ocrx_word' id='word_1_160' title='bbox 1493 1873 1872 1956; x_wconf 83' lang='lat' dir='ltr'><strong>praeeedenti</strong></span> <span class='ocrx_word' id='word_1_161' title='bbox 1915 1875 1961 1936; x_wconf 91' lang='lat' dir='ltr'>B</span> <span class='ocrx_word' id='word_1_162' title='bbox 1993 1875 2292 1939; x_wconf 88' lang='lat' dir='ltr'><strong>videlicet</strong></span> <span class='ocrx_word' id='word_1_163' title='bbox 2322 1885 2384 1940; x_wconf 88' lang='lat' dir='ltr'><strong>et</strong></span> <span class='ocrx_word' id='word_1_164' title='bbox 2414 1878 2799 1941; x_wconf 88' lang='lat' dir='ltr'><strong>venerabilis</strong></span> <span class='ocrx_word' id='word_1_165' title='bbox 2831 1879 3248 1954; x_wconf 86' lang='lat' dir='ltr'><strong>Pater,fertur</strong></span> <span class='ocrx_word' id='word_1_166' title='bbox 3276 1879 3487 1941; x_wconf 88' lang='lat' dir='ltr'><strong>dicere</strong></span> <span class='ocrx_word' id='word_1_167' title='bbox 3535 1901 3778 1948; x_wconf 61' lang='lat' dir='ltr'><strong>noemia-t.</strong></span> 
     </span>
    </p>
   </div>
   <div class='ocr_carea' id='block_1_12' title="bbox 244 1972 1879 2052">
    <p class='ocr_par' dir='ltr' id='par_1_12' title="bbox 244 1972 1879 2052">
     <span class='ocr_line' id='line_1_32' title="bbox 244 1972 1879 2052; baseline 0.001 -20"><span class='ocrx_word' id='word_1_168' title='bbox 244 2004 350 2033; x_wconf 67' lang='grc' dir='ltr'><strong>ιω.</strong></span> <span class='ocrx_word' id='word_1_169' title='bbox 376 1972 651 2036; x_wconf 88' lang='lat' dir='ltr'><strong>articulo</strong></span> <span class='ocrx_word' id='word_1_170' title='bbox 680 1972 865 2036; x_wconf 87' lang='lat' dir='ltr'><strong>aliter</strong></span> <span class='ocrx_word' id='word_1_171' title='bbox 892 1973 1209 2036; x_wconf 88' lang='lat' dir='ltr'><strong>declarata</strong></span> <span class='ocrx_word' id='word_1_172' title='bbox 1248 1979 1340 2034; x_wconf 88' lang='lat' dir='ltr'><strong>est</strong></span> <span class='ocrx_word' id='word_1_173' title='bbox 1380 1973 1697 2035; x_wconf 86' lang='lat' dir='ltr'><strong>Virtutum</strong></span> <span class='ocrx_word' id='word_1_174' title='bbox 1739 1989 1879 2052; x_wconf 93' lang='lat' dir='ltr'><strong>pro-</strong></span> 
     </span>
    </p>
   </div>
   <div class='ocr_carea' id='block_1_13' title="bbox 372 2071 1880 2644">
    <p class='ocr_par' dir='ltr' id='par_1_13' title="bbox 378 2071 636 2151">
     <span class='ocr_line' id='line_1_33' title="bbox 378 2071 636 2151; baseline 0 -19"><span class='ocrx_word' id='word_1_175' title='bbox 378 2071 636 2151; x_wconf 81' lang='lat' dir='ltr'><strong>prietaS.</strong></span> 
     </span>
    </p>

    <p class='ocr_par' dir='ltr' id='par_1_14' title="bbox 372 2168 1880 2644">
     <span class='ocr_line' id='line_1_34' title="bbox 455 2168 1880 2252; baseline -0.001 -22"><span class='ocrx_word' id='word_1_176' title='bbox 455 2170 675 2252; x_wconf 88' lang='lat' dir='ltr'><strong>ltaque</strong></span> <span class='ocrx_word' id='word_1_177' title='bbox 709 2168 1096 2231; x_wconf 85' lang='lat' dir='ltr'><strong>difformiter</strong></span> <span class='ocrx_word' id='word_1_178' title='bbox 1122 2168 1593 2251; x_wconf 86' lang='lat' dir='ltr'><strong>quodammodo</strong></span> <span class='ocrx_word' id='word_1_179' title='bbox 1622 2168 1880 2230; x_wconf 88' lang='lat' dir='ltr'><strong>tradunt</strong></span> 
     </span>
     <span class='ocr_line' id='line_1_35' title="bbox 376 2265 1877 2331; baseline -0.001 -2"><span class='ocrx_word' id='word_1_180' title='bbox 376 2267 439 2329; x_wconf 89' lang='lat' dir='ltr'><strong>hi</strong></span> <span class='ocrx_word' id='word_1_181' title='bbox 486 2267 843 2331; x_wconf 87' lang='lat' dir='ltr'><strong>coelestium</strong></span> <span class='ocrx_word' id='word_1_182' title='bbox 890 2267 1189 2330; x_wconf 87' lang='lat' dir='ltr'><strong>ordinum</strong></span> <span class='ocrx_word' id='word_1_183' title='bbox 1240 2285 1473 2330; x_wconf 89' lang='lat' dir='ltr'><strong>nomen</strong></span> <span class='ocrx_word' id='word_1_184' title='bbox 1524 2274 1588 2328; x_wconf 92' lang='lat' dir='ltr'><strong>et</strong></span> <span class='ocrx_word' id='word_1_185' title='bbox 1628 2265 1877 2328; x_wconf 89' lang='lat' dir='ltr'><strong>ordina-</strong></span> 
     </span>
     <span class='ocr_line' id='line_1_36' title="bbox 372 2365 1879 2447; baseline -0.001 -20"><span class='ocrx_word' id='word_1_186' title='bbox 372 2366 640 2429; x_wconf 86' lang='lat' dir='ltr'><strong>tionem.</strong></span> <span class='ocrx_word' id='word_1_187' title='bbox 701 2366 933 2429; x_wconf 89' lang='lat' dir='ltr'><strong>Positio</strong></span> <span class='ocrx_word' id='word_1_188' title='bbox 992 2372 1203 2428; x_wconf 83' lang='lat' dir='ltr'><strong>tamen</strong></span> <span class='ocrx_word' id='word_1_189' title='bbox 1267 2365 1571 2447; x_wconf 84' lang='lat' dir='ltr'><strong>Dionysii,</strong></span> <span class='ocrx_word' id='word_1_190' title='bbox 1634 2365 1744 2446; x_wconf 92' lang='lat' dir='ltr'><strong>qui</strong></span> <span class='ocrx_word' id='word_1_191' title='bbox 1816 2372 1879 2426; x_wconf 91' lang='lat' dir='ltr'><strong>et</strong></span> 
     </span>
     <span class='ocr_line' id='line_1_37' title="bbox 372 2462 1877 2546; baseline -0.001 -20"><span class='ocrx_word' id='word_1_192' title='bbox 372 2465 855 2528; x_wconf 90' lang='lat' dir='ltr'><strong>amantissimus</strong></span> <span class='ocrx_word' id='word_1_193' title='bbox 905 2465 1503 2546; x_wconf 89' lang='lat' dir='ltr'><strong>secretissimusque</strong></span> <span class='ocrx_word' id='word_1_194' title='bbox 1549 2462 1723 2526; x_wconf 88' lang='lat' dir='ltr'><strong>Pauli</strong></span> <span class='ocrx_word' id='word_1_195' title='bbox 1784 2463 1877 2525; x_wconf 92' lang='lat' dir='ltr'><strong>di-</strong></span> 
     </span>
     <span class='ocr_line' id='line_1_38' title="bbox 374 2561 1877 2644; baseline -0.003 -18"><span class='ocrx_word' id='word_1_196' title='bbox 374 2563 665 2644; x_wconf 88' lang='lat' dir='ltr'><strong>scipulus</strong></span> <span class='ocrx_word' id='word_1_197' title='bbox 712 2563 975 2636; x_wconf 86' lang='lat' dir='ltr'><strong>exstitit,</strong></span> <span class='ocrx_word' id='word_1_198' title='bbox 1022 2571 1084 2626; x_wconf 88' lang='lat' dir='ltr'><strong>et</strong></span> <span class='ocrx_word' id='word_1_199' title='bbox 1131 2563 1235 2624; x_wconf 91' lang='lat' dir='ltr'><strong>cui</strong></span> <span class='ocrx_word' id='word_1_200' title='bbox 1286 2561 1513 2625; x_wconf 87' lang='lat' dir='ltr'><strong>Paulus</strong></span> <span class='ocrx_word' id='word_1_201' title='bbox 1564 2579 1877 2624; x_wconf 88' lang='lat' dir='ltr'><strong>reserasse</strong></span> 
     </span>
    </p>
   </div>
   <div class='ocr_carea' id='block_1_14' title="bbox 320 2659 1876 2744">
    <p class='ocr_par' dir='ltr' id='par_1_15' title="bbox 320 2659 1876 2744">
     <span class='ocr_line' id='line_1_39' title="bbox 320 2659 1876 2744; baseline -0.001 -23"><span class='ocrx_word' id='word_1_202' title='bbox 320 2694 347 2728; x_wconf 74' lang='grc' dir='ltr'><strong>ι.</strong></span> <span class='ocrx_word' id='word_1_203' title='bbox 376 2679 503 2723; x_wconf 90' lang='lat' dir='ltr'><strong>non</strong></span> <span class='ocrx_word' id='word_1_204' title='bbox 547 2661 897 2742; x_wconf 84' lang='lat' dir='ltr'><strong>ambigitur</strong></span> <span class='ocrx_word' id='word_1_205' title='bbox 944 2681 1083 2744; x_wconf 83' lang='lat' dir='ltr'><strong>quae</strong></span> <span class='ocrx_word' id='word_1_206' title='bbox 1134 2660 1377 2723; x_wconf 88' lang='lat' dir='ltr'><strong>homini</strong></span> <span class='ocrx_word' id='word_1_207' title='bbox 1430 2659 1699 2725; x_wconf 75' lang='lat' dir='ltr'><strong>revelari</strong></span> <span class='ocrx_word' id='word_1_208' title='bbox 1748 2677 1876 2722; x_wconf 92' lang='lat' dir='ltr'><strong>non</strong></span> 
     </span>
    </p>
   </div>
   <div class='ocr_carea' id='block_1_15' title="bbox 374 2757 1879 3038">
    <p class='ocr_par' dir='ltr' id='par_1_16' title="bbox 374 2757 1879 3038">
     <span class='ocr_line' id='line_1_40' title="bbox 376 2757 1879 2841; baseline -0.002 -21"><span class='ocrx_word' id='word_1_209' title='bbox 376 2758 581 2832; x_wconf 87' lang='lat' dir='ltr'><strong>licuit,</strong></span> <span class='ocrx_word' id='word_1_210' title='bbox 634 2759 775 2839; x_wconf 81' lang='lat' dir='ltr'><strong>ejus</strong></span> <span class='ocrx_word' id='word_1_211' title='bbox 820 2759 1143 2841; x_wconf 88' lang='lat' dir='ltr'><strong>(inquam)</strong></span> <span class='ocrx_word' id='word_1_212' title='bbox 1194 2758 1425 2840; x_wconf 90' lang='lat' dir='ltr'><strong>positio</strong></span> <span class='ocrx_word' id='word_1_213' title='bbox 1474 2757 1879 2819; x_wconf 89' lang='lat' dir='ltr'><strong>communior</strong></span> 
     </span>
     <span class='ocr_line' id='line_1_41' title="bbox 374 2856 1876 2939; baseline -0.001 -21"><span class='ocrx_word' id='word_1_214' title='bbox 374 2865 489 2918; x_wconf 88' lang='lat' dir='ltr'><strong>est.</strong></span> <span class='ocrx_word' id='word_1_215' title='bbox 536 2858 813 2939; x_wconf 70' lang='lat' dir='ltr'><strong>Utraque</strong></span> <span class='ocrx_word' id='word_1_216' title='bbox 859 2863 1096 2929; x_wconf 90' lang='lat' dir='ltr'><strong>tamen,</strong></span> <span class='ocrx_word' id='word_1_217' title='bbox 1141 2857 1309 2918; x_wconf 91' lang='lat' dir='ltr'><strong>sicut</strong></span> <span class='ocrx_word' id='word_1_218' title='bbox 1354 2857 1626 2918; x_wconf 87' lang='lat' dir='ltr'><strong>Thomas</strong></span> <span class='ocrx_word' id='word_1_219' title='bbox 1678 2856 1876 2918; x_wconf 89' lang='lat' dir='ltr'><strong>mani·</strong></span> 
     </span>
     <span class='ocr_line' id='line_1_42' title="bbox 374 2953 1875 3038; baseline -0.001 -22"><span class='ocrx_word' id='word_1_220' title='bbox 374 2955 587 3028; x_wconf 76' lang='lat' dir='ltr'><strong>restat,</strong></span> <span class='ocrx_word' id='word_1_221' title='bbox 621 2973 699 3018; x_wconf 86' lang='lat' dir='ltr'><strong>ex</strong></span> <span class='ocrx_word' id='word_1_222' title='bbox 727 2955 941 3018; x_wconf 88' lang='lat' dir='ltr'><strong>verbis</strong></span> <span class='ocrx_word' id='word_1_223' title='bbox 971 2955 1255 3038; x_wconf 88' lang='lat' dir='ltr'><strong>Apostoli</strong></span> <span class='ocrx_word' id='word_1_224' title='bbox 1286 2953 1728 3016; x_wconf 86' lang='lat' dir='ltr'><strong>auctoritatem</strong></span> <span class='ocrx_word' id='word_1_225' title='bbox 1770 2954 1875 3015; x_wconf 87' lang='lat' dir='ltr'><strong>ha-</strong></span> 
     </span>
    </p>
   </div>
   <div class='ocr_carea' id='block_1_16' title="bbox 1988 1966 3782 3041">
    <p class='ocr_par' dir='ltr' id='par_1_17' title="bbox 1988 1966 3782 2940">
     <span class='ocr_line' id='line_1_43' title="bbox 1991 1966 3776 2058; baseline 0.002 -23"><span class='ocrx_word' id='word_1_226' title='bbox 1991 1975 2109 2036; x_wconf 91' lang='lat' dir='ltr'><strong>hoc</strong></span> <span class='ocrx_word' id='word_1_227' title='bbox 2169 1975 2339 2055; x_wconf 92' lang='lat' dir='ltr'><strong>quod</strong></span> <span class='ocrx_word' id='word_1_228' title='bbox 2401 1975 2588 2039; x_wconf 91' lang='lat' dir='ltr'><strong>modo</strong></span> <span class='ocrx_word' id='word_1_229' title='bbox 2644 1976 3080 2039; x_wconf 87' lang='lat' dir='ltr'><strong>introductum</strong></span> <span class='ocrx_word' id='word_1_230' title='bbox 3137 1983 3255 2050; x_wconf 89' lang='lat' dir='ltr'><strong>est,</strong></span> <span class='ocrx_word' id='word_1_231' title='bbox 3316 1977 3484 2058; x_wconf 90' lang='lat' dir='ltr'><strong>quod</strong></span> <span class='ocrx_word' id='word_1_232' title='bbox 3515 1966 3776 2010; x_wconf 45' lang='lat' dir='ltr'><strong>”kf-⁰³¹¹·</strong></span> 
     </span>
     <span class='ocr_line' id='line_1_44' title="bbox 1988 2072 3486 2157; baseline 0.001 -23"><span class='ocrx_word' id='word_1_233' title='bbox 1988 2072 2236 2134; x_wconf 87' lang='lat' dir='ltr'><strong>seilicet</strong></span> <span class='ocrx_word' id='word_1_234' title='bbox 2309 2073 2686 2136; x_wconf 86' lang='lat' dir='ltr'><strong>inferiorum</strong></span> <span class='ocrx_word' id='word_1_235' title='bbox 2759 2075 3091 2138; x_wconf 84' lang='lat' dir='ltr'><strong>dumtaxat</strong></span> <span class='ocrx_word' id='word_1_236' title='bbox 3155 2075 3486 2157; x_wconf 87' lang='lat' dir='ltr'><strong>agminum</strong></span> 
     </span>
     <span class='ocr_line' id='line_1_45' title="bbox 1988 2171 3491 2252; baseline 0.001 -20"><span class='ocrx_word' id='word_1_237' title='bbox 1988 2171 2254 2252; x_wconf 89' lang='lat' dir='ltr'><strong>spiritus</strong></span> <span class='ocrx_word' id='word_1_238' title='bbox 2293 2173 2370 2234; x_wconf 88' lang='lat' dir='ltr'><strong>ad</strong></span> <span class='ocrx_word' id='word_1_239' title='bbox 2419 2171 2698 2233; x_wconf 89' lang='lat' dir='ltr'><strong>humana</strong></span> <span class='ocrx_word' id='word_1_240' title='bbox 2740 2173 2965 2235; x_wconf 88' lang='lat' dir='ltr'><strong>solatia</strong></span> <span class='ocrx_word' id='word_1_241' title='bbox 3003 2173 3104 2236; x_wconf 86' lang='lat' dir='ltr'><strong>vel</strong></span> <span class='ocrx_word' id='word_1_242' title='bbox 3148 2173 3491 2235; x_wconf 88' lang='lat' dir='ltr'><strong>visibiliter</strong></span> 
     </span>
     <span class='ocr_line' id='line_1_46' title="bbox 1989 2268 3486 2344; baseline 0.001 -13"><span class='ocrx_word' id='word_1_243' title='bbox 1989 2268 2089 2331; x_wconf 92' lang='lat' dir='ltr'><strong>vel</strong></span> <span class='ocrx_word' id='word_1_244' title='bbox 2124 2268 2541 2332; x_wconf 87' lang='lat' dir='ltr'><strong>invisibiliter</strong></span> <span class='ocrx_word' id='word_1_245' title='bbox 2575 2271 2924 2333; x_wconf 84' lang='lat' dir='ltr'><strong>mittantur.</strong></span> <span class='ocrx_word' id='word_1_246' title='bbox 2960 2272 3081 2334; x_wconf 91' lang='lat' dir='ltr'><strong>Sed</strong></span> <span class='ocrx_word' id='word_1_247' title='bbox 3112 2271 3263 2333; x_wconf 91' lang='lat' dir='ltr'><strong>huic</strong></span> <span class='ocrx_word' id='word_1_248' title='bbox 3296 2270 3486 2344; x_wconf 86' lang='lat' dir='ltr'><strong>dieto,</strong></span> 
     </span>
     <span class='ocr_line' id='line_1_47' title="bbox 1988 2369 3491 2450; baseline 0.002 -21"><span class='ocrx_word' id='word_1_249' title='bbox 1988 2369 2158 2450; x_wconf 92' lang='lat' dir='ltr'><strong>quod</strong></span> <span class='ocrx_word' id='word_1_250' title='bbox 2206 2369 2270 2430; x_wconf 91' lang='lat' dir='ltr'><strong>in</strong></span> <span class='ocrx_word' id='word_1_251' title='bbox 2313 2369 2474 2431; x_wconf 89' lang='lat' dir='ltr'><strong>Isaia</strong></span> <span class='ocrx_word' id='word_1_252' title='bbox 2531 2370 2835 2432; x_wconf 89' lang='lat' dir='ltr'><strong>scribitur</strong></span> <span class='ocrx_word' id='word_1_253' title='bbox 2880 2388 3005 2432; x_wconf 91' lang='lat' dir='ltr'><strong>non</strong></span> <span class='ocrx_word' id='word_1_254' title='bbox 3053 2369 3306 2432; x_wconf 89' lang='lat' dir='ltr'><strong>videtur</strong></span> <span class='ocrx_word' id='word_1_255' title='bbox 3347 2388 3491 2432; x_wconf 89' lang='lat' dir='ltr'><strong>eon-</strong></span> 
     </span>
     <span class='ocr_line' id='line_1_48' title="bbox 1989 2466 3782 2548; baseline 0 -20"><span class='ocrx_word' id='word_1_256' title='bbox 1989 2483 2213 2528; x_wconf 90' lang='lat' dir='ltr'><strong>sonare</strong></span> <span class='ocrx_word' id='word_1_257' title='bbox 2264 2483 2278 2526; x_wconf 93' lang='lat'><strong>:</strong></span> <span class='ocrx_word' id='word_1_258' title='bbox 2328 2466 2574 2528; x_wconf 86' lang='lat' dir='ltr'><strong>Volavit</strong></span> <span class='ocrx_word' id='word_1_259' title='bbox 2616 2467 2884 2548; x_wconf 88' lang='lat' dir='ltr'><strong>(inquit)</strong></span> <span class='ocrx_word' id='word_1_260' title='bbox 2924 2467 3004 2529; x_wconf 88' lang='lat' dir='ltr'><strong>ad</strong></span> <span class='ocrx_word' id='word_1_261' title='bbox 3051 2487 3151 2530; x_wconf 90' lang='lat' dir='ltr'><strong>me</strong></span> <span class='ocrx_word' id='word_1_262' title='bbox 3200 2486 3366 2530; x_wconf 90' lang='lat' dir='ltr'><strong>unus</strong></span> <span class='ocrx_word' id='word_1_263' title='bbox 3411 2468 3488 2529; x_wconf 91' lang='lat' dir='ltr'><strong>de</strong></span> <span class='ocrx_word' id='word_1_264' title='bbox 3571 2484 3782 2537; x_wconf 45' lang='lat' dir='ltr'><strong>Isana,</strong></span> 
     </span>
     <span class='ocr_line' id='line_1_49' title="bbox 1988 2549 3558 2646; baseline 0 -20"><span class='ocrx_word' id='word_1_265' title='bbox 1988 2563 2320 2646; x_wconf 88' lang='lat' dir='ltr'><strong>Seraphim</strong></span> <span class='ocrx_word' id='word_1_266' title='bbox 2340 2582 2356 2642; x_wconf 83' lang='lat'><em>3</em></span> <span class='ocrx_word' id='word_1_267' title='bbox 2380 2572 2444 2626; x_wconf 91' lang='lat' dir='ltr'><strong>et</strong></span> <span class='ocrx_word' id='word_1_268' title='bbox 2475 2564 2537 2626; x_wconf 90' lang='lat' dir='ltr'><strong>in</strong></span> <span class='ocrx_word' id='word_1_269' title='bbox 2573 2583 2763 2626; x_wconf 89' lang='lat' dir='ltr'><strong>manu</strong></span> <span class='ocrx_word' id='word_1_270' title='bbox 2796 2566 2938 2645; x_wconf 85' lang='lat' dir='ltr'><strong>ejus</strong></span> <span class='ocrx_word' id='word_1_271' title='bbox 2970 2565 3274 2639; x_wconf 80' lang='lat' dir='ltr'><strong>calculuS‚</strong></span> <span class='ocrx_word' id='word_1_272' title='bbox 3301 2584 3491 2646; x_wconf 89' lang='lat' dir='ltr'><strong>quem</strong></span> <span class='ocrx_word' id='word_1_273' title='bbox 3517 2549 3558 2590; x_wconf 88' lang='lat'><strong>⁷·</strong></span> 
     </span>
     <span class='ocr_line' id='line_1_50' title="bbox 1988 2661 3488 2744; baseline 0.002 -22"><span class='ocrx_word' id='word_1_274' title='bbox 1988 2661 2234 2743; x_wconf 85' lang='lat' dir='ltr'><strong>forcipe</strong></span> <span class='ocrx_word' id='word_1_275' title='bbox 2281 2661 2631 2724; x_wconf 88' lang='lat' dir='ltr'><strong>abstulerat</strong></span> <span class='ocrx_word' id='word_1_276' title='bbox 2678 2662 2756 2724; x_wconf 91' lang='lat' dir='ltr'><strong>de</strong></span> <span class='ocrx_word' id='word_1_277' title='bbox 2803 2663 3009 2736; x_wconf 88' lang='lat' dir='ltr'><strong>altari,</strong></span> <span class='ocrx_word' id='word_1_278' title='bbox 3057 2670 3120 2725; x_wconf 91' lang='lat' dir='ltr'><strong>et</strong></span> <span class='ocrx_word' id='word_1_279' title='bbox 3167 2662 3376 2744; x_wconf 88' lang='lat' dir='ltr'><strong>tetigit</strong></span> <span class='ocrx_word' id='word_1_280' title='bbox 3419 2680 3488 2725; x_wconf 92' lang='lat' dir='ltr'><strong>os</strong></span> 
     </span>
     <span class='ocr_line' id='line_1_51' title="bbox 1991 2759 3780 2841; baseline 0.002 -20"><span class='ocrx_word' id='word_1_281' title='bbox 1991 2779 2225 2822; x_wconf 90' lang='lat' dir='ltr'><strong>meum.</strong></span> <span class='ocrx_word' id='word_1_282' title='bbox 2263 2759 2338 2822; x_wconf 88' lang='lat' dir='ltr'><strong>Et</strong></span> <span class='ocrx_word' id='word_1_283' title='bbox 2369 2760 2710 2841; x_wconf 79' lang='lat' dir='ltr'><strong>Apostolus</strong></span> <span class='ocrx_word' id='word_1_284' title='bbox 2743 2761 2816 2822; x_wconf 94' lang='lat' dir='ltr'><strong>ad</strong></span> <span class='ocrx_word' id='word_1_285' title='bbox 2850 2761 3146 2824; x_wconf 85' lang='lat' dir='ltr'><strong>Hebraeos</strong></span> <span class='ocrx_word' id='word_1_286' title='bbox 3176 2761 3265 2823; x_wconf 90' lang='lat' dir='ltr'><strong>ait</strong></span> <span class='ocrx_word' id='word_1_287' title='bbox 3289 2779 3303 2822; x_wconf 90' lang='lat'>:</span> <span class='ocrx_word' id='word_1_288' title='bbox 3326 2760 3488 2824; x_wconf 90' lang='lat' dir='ltr'><strong>Non·</strong></span> <span class='ocrx_word' id='word_1_289' title='bbox 3519 2787 3695 2838; x_wconf 58' lang='lat' dir='ltr'><strong>mom,</strong></span> <span class='ocrx_word' id='word_1_290' title='bbox 3716 2792 3780 2832; x_wconf 76' lang='lat' dir='ltr'><strong>u.</strong></span> 
     </span>
     <span class='ocr_line' id='line_1_52' title="bbox 1988 2857 3399 2940; baseline 0 -20"><span class='ocrx_word' id='word_1_291' title='bbox 1988 2877 2065 2920; x_wconf 90' lang='lat' dir='ltr'><strong>ne</strong></span> <span class='ocrx_word' id='word_1_292' title='bbox 2097 2876 2319 2921; x_wconf 91' lang='lat' dir='ltr'><strong>omnes</strong></span> <span class='ocrx_word' id='word_1_293' title='bbox 2349 2857 2875 2921; x_wconf 86' lang='lat' dir='ltr'><strong>administratorii</strong></span> <span class='ocrx_word' id='word_1_294' title='bbox 2908 2858 3175 2940; x_wconf 89' lang='lat' dir='ltr'><strong>spiritus</strong></span> <span class='ocrx_word' id='word_1_295' title='bbox 3207 2863 3399 2921; x_wconf 61' lang='lat' dir='ltr'><strong>sunt?</strong></span> 
     </span>
    </p>

    <p class='ocr_par' dir='ltr' id='par_1_18' title="bbox 2064 2953 3779 3041">
     <span class='ocr_line' id='line_1_53' title="bbox 2064 2953 3779 3041; baseline 0.005 -27"><span class='ocrx_word' id='word_1_296' title='bbox 2064 2954 2181 3027; x_wconf 84' lang='lat' dir='ltr'><strong>Qui</strong></span> <span class='ocrx_word' id='word_1_297' title='bbox 2234 2953 2428 3034; x_wconf 90' lang='lat' dir='ltr'><strong>igitur</strong></span> <span class='ocrx_word' id='word_1_298' title='bbox 2485 2957 2868 3019; x_wconf 87' lang='lat' dir='ltr'><strong>sententiam</strong></span> <span class='ocrx_word' id='word_1_299' title='bbox 2918 2957 3202 3041; x_wconf 87' lang='lat' dir='ltr'><strong>Dionysii</strong></span> <span class='ocrx_word' id='word_1_300' title='bbox 3258 2957 3483 3020; x_wconf 83' lang='lat' dir='ltr'><strong>sectari</strong></span> <span class='ocrx_word' id='word_1_301' title='bbox 3519 2978 3580 3023; x_wconf 71' lang='lat' dir='ltr'><strong>no</strong></span> <span class='ocrx_word' id='word_1_302' title='bbox 3603 2977 3779 3022; x_wconf 75' lang='lat' dir='ltr'><strong>Coelest.</strong></span> 
     </span>
    </p>
   </div>
   <div class='ocr_carea' id='block_1_17' title="bbox 375 3041 3778 3136">
    <p class='ocr_par' dir='ltr' id='par_1_19' title="bbox 375 3041 3778 3136">
     <span class='ocr_line' id='line_1_54' title="bbox 375 3041 3778 3136; baseline 0 -20"><span class='ocrx_word' id='word_1_303' title='bbox 375 3054 529 3117; x_wconf 87' lang='lat' dir='ltr'><strong>bere</strong></span> <span class='ocrx_word' id='word_1_304' title='bbox 589 3061 812 3136; x_wconf 90' lang='lat' dir='ltr'><strong>potest.</strong></span> <span class='ocrx_word' id='word_1_305' title='bbox 865 3053 1023 3116; x_wconf 88' lang='lat' dir='ltr'><strong>Nam</strong></span> <span class='ocrx_word' id='word_1_306' title='bbox 1072 3054 1149 3116; x_wconf 91' lang='lat' dir='ltr'><strong>ad</strong></span> <span class='ocrx_word' id='word_1_307' title='bbox 1197 3051 1507 3135; x_wconf 88' lang='lat' dir='ltr'><strong>Ephesios</strong></span> <span class='ocrx_word' id='word_1_308' title='bbox 1557 3051 1870 3126; x_wconf 81' lang='lat' dir='ltr'><strong>scribenS,</strong></span> <span class='ocrx_word' id='word_1_309' title='bbox 1909 3050 1953 3114; x_wconf 90' lang='lat' dir='ltr'>C</span> <span class='ocrx_word' id='word_1_310' title='bbox 1986 3051 2254 3132; x_wconf 86' lang='lat' dir='ltr'><strong>eligunt,</strong></span> <span class='ocrx_word' id='word_1_311' title='bbox 2289 3052 2408 3114; x_wconf 92' lang='lat' dir='ltr'><strong>hoc</strong></span> <span class='ocrx_word' id='word_1_312' title='bbox 2449 3054 2858 3135; x_wconf 89' lang='lat' dir='ltr'><strong>respondent,</strong></span> <span class='ocrx_word' id='word_1_313' title='bbox 2893 3055 3064 3136; x_wconf 93' lang='lat' dir='ltr'><strong>quod</strong></span> <span class='ocrx_word' id='word_1_314' title='bbox 3108 3054 3485 3117; x_wconf 89' lang='lat' dir='ltr'><strong>inferiorum</strong></span> <span class='ocrx_word' id='word_1_315' title='bbox 3517 3041 3778 3085; x_wconf 74' lang='lat'><strong>¹¹¹⁰‘·⁶·⁸¹¹¹·</strong></span> 
     </span>
    </p>
   </div>
   <div class='ocr_carea' id='block_1_18' title="bbox 318 3150 1917 3336">
    <p class='ocr_par' dir='ltr' id='par_1_20' title="bbox 318 3150 1917 3336">
     <span class='ocr_line' id='line_1_55' title="bbox 318 3150 1871 3224; baseline 0.001 -12"><span class='ocrx_word' id='word_1_316' title='bbox 318 3184 347 3220; x_wconf 80' lang='grc' dir='ltr'><strong>ι,</strong></span> <span class='ocrx_word' id='word_1_317' title='bbox 375 3153 463 3216; x_wconf 89' lang='lat' dir='ltr'><strong>ait</strong></span> <span class='ocrx_word' id='word_1_318' title='bbox 516 3170 531 3214; x_wconf 72' lang='grc' dir='ltr'><strong><em>ε</em></strong></span> <span class='ocrx_word' id='word_1_319' title='bbox 584 3153 989 3215; x_wconf 87' lang='lat' dir='ltr'><strong>Constituens</strong></span> <span class='ocrx_word' id='word_1_320' title='bbox 1040 3151 1245 3224; x_wconf 89' lang='lat' dir='ltr'><strong>illum,</strong></span> <span class='ocrx_word' id='word_1_321' title='bbox 1284 3151 1500 3214; x_wconf 91' lang='lat' dir='ltr'><strong>Jesum</strong></span> <span class='ocrx_word' id='word_1_322' title='bbox 1548 3150 1871 3224; x_wconf 87' lang='lat' dir='ltr'><strong>videlicet,</strong></span> 
     </span>
     <span class='ocr_line' id='line_1_56' title="bbox 374 3247 1917 3336; baseline -0.002 -23"><span class='ocrx_word' id='word_1_323' title='bbox 374 3252 451 3313; x_wconf 89' lang='lat' dir='ltr'><strong>ad</strong></span> <span class='ocrx_word' id='word_1_324' title='bbox 510 3251 834 3314; x_wconf 86' lang='lat' dir='ltr'><strong>dexteram</strong></span> <span class='ocrx_word' id='word_1_325' title='bbox 884 3268 1062 3312; x_wconf 89' lang='lat' dir='ltr'><strong>suam</strong></span> <span class='ocrx_word' id='word_1_326' title='bbox 1126 3249 1187 3310; x_wconf 89' lang='lat' dir='ltr'><strong>in</strong></span> <span class='ocrx_word' id='word_1_327' title='bbox 1240 3247 1631 3319; x_wconf 83' lang='lat' dir='ltr'><strong>coelestibuS,</strong></span> <span class='ocrx_word' id='word_1_328' title='bbox 1680 3268 1917 3336; x_wconf 27' lang='lat' dir='ltr'><strong>supra·</strong></span> 
     </span>
    </p>
   </div>
   <div class='ocr_carea' id='block_1_19' title="bbox 368 3347 1875 3826">
    <p class='ocr_par' dir='ltr' id='par_1_21' title="bbox 368 3347 1875 3826">
     <span class='ocr_line' id='line_1_57' title="bbox 369 3347 1875 3429; baseline -0.003 -17"><span class='ocrx_word' id='word_1_329' title='bbox 369 3367 629 3412; x_wconf 89' lang='lat' dir='ltr'><strong>omnem</strong></span> <span class='ocrx_word' id='word_1_330' title='bbox 664 3348 1094 3429; x_wconf 84' lang='lat' dir='ltr'><strong>Principatum</strong></span> <span class='ocrx_word' id='word_1_331' title='bbox 1135 3355 1196 3408; x_wconf 92' lang='lat' dir='ltr'><strong>et</strong></span> <span class='ocrx_word' id='word_1_332' title='bbox 1240 3347 1609 3409; x_wconf 76' lang='lat' dir='ltr'><strong>potestatem</strong></span> <span class='ocrx_word' id='word_1_333' title='bbox 1649 3353 1713 3408; x_wconf 93' lang='lat' dir='ltr'><strong>et</strong></span> <span class='ocrx_word' id='word_1_334' title='bbox 1742 3347 1875 3408; x_wconf 89' lang='lat' dir='ltr'><strong>Vir-</strong></span> 
     </span>
     <span class='ocr_line' id='line_1_58' title="bbox 371 3445 1871 3526; baseline -0.003 -16"><span class='ocrx_word' id='word_1_335' title='bbox 371 3456 572 3510; x_wconf 87' lang='lat' dir='ltr'><strong>tutem</strong></span> <span class='ocrx_word' id='word_1_336' title='bbox 622 3454 685 3510; x_wconf 86' lang='lat' dir='ltr'><strong>et</strong></span> <span class='ocrx_word' id='word_1_337' title='bbox 732 3445 1260 3508; x_wconf 86' lang='lat' dir='ltr'><strong>Dominationem.</strong></span> <span class='ocrx_word' id='word_1_338' title='bbox 1311 3445 1399 3507; x_wconf 89' lang='lat' dir='ltr'><strong>Ex</strong></span> <span class='ocrx_word' id='word_1_339' title='bbox 1451 3461 1579 3526; x_wconf 91' lang='lat' dir='ltr'><strong>quo</strong></span> <span class='ocrx_word' id='word_1_340' title='bbox 1627 3446 1871 3507; x_wconf 89' lang='lat' dir='ltr'><strong>innote-</strong></span> 
     </span>
     <span class='ocr_line' id='line_1_59' title="bbox 368 3544 1869 3628; baseline -0.003 -19"><span class='ocrx_word' id='word_1_341' title='bbox 368 3547 511 3618; x_wconf 88' lang='lat' dir='ltr'><strong>scit,</strong></span> <span class='ocrx_word' id='word_1_342' title='bbox 547 3554 692 3628; x_wconf 89' lang='lat' dir='ltr'><strong>post</strong></span> <span class='ocrx_word' id='word_1_343' title='bbox 737 3544 1231 3616; x_wconf 84' lang='lat' dir='ltr'><strong>DominationeS,</strong></span> <span class='ocrx_word' id='word_1_344' title='bbox 1254 3544 1535 3606; x_wconf 88' lang='lat' dir='ltr'><strong>Virtutes</strong></span> <span class='ocrx_word' id='word_1_345' title='bbox 1582 3544 1869 3625; x_wconf 84' lang='lat' dir='ltr'><strong>proxime</strong></span> 
     </span>
     <span class='ocr_line' id='line_1_60' title="bbox 369 3641 1867 3707; baseline -0.003 0"><span class='ocrx_word' id='word_1_346' title='bbox 369 3643 689 3707; x_wconf 87' lang='lat' dir='ltr'><strong>collocari.</strong></span> <span class='ocrx_word' id='word_1_347' title='bbox 730 3643 803 3706; x_wconf 91' lang='lat' dir='ltr'><strong>Et</strong></span> <span class='ocrx_word' id='word_1_348' title='bbox 832 3643 1003 3704; x_wconf 87' lang='lat' dir='ltr'><strong>hunc</strong></span> <span class='ocrx_word' id='word_1_349' title='bbox 1035 3641 1296 3705; x_wconf 92' lang='lat' dir='ltr'><strong>modum</strong></span> <span class='ocrx_word' id='word_1_350' title='bbox 1335 3641 1698 3704; x_wconf 89' lang='lat' dir='ltr'><strong>observavit</strong></span> <span class='ocrx_word' id='word_1_351' title='bbox 1730 3642 1867 3703; x_wconf 91' lang='lat' dir='ltr'><strong>Dio-</strong></span> 
     </span>
     <span class='ocr_line' id='line_1_61' title="bbox 370 3739 1867 3826; baseline -0.004 -20"><span class='ocrx_word' id='word_1_352' title='bbox 370 3744 611 3826; x_wconf 76' lang='lat' dir='ltr'><strong>nysius,</strong></span> <span class='ocrx_word' id='word_1_353' title='bbox 662 3743 785 3806; x_wconf 86' lang='lat' dir='ltr'><strong>Sed</strong></span> <span class='ocrx_word' id='word_1_354' title='bbox 833 3741 1315 3806; x_wconf 88' lang='lat' dir='ltr'><strong>Colossensibus</strong></span> <span class='ocrx_word' id='word_1_355' title='bbox 1358 3742 1527 3803; x_wconf 90' lang='lat' dir='ltr'><strong>idem</strong></span> <span class='ocrx_word' id='word_1_356' title='bbox 1580 3739 1867 3802; x_wconf 85' lang='lat' dir='ltr'><strong>scribens</strong></span> 
     </span>
    </p>
   </div>
   <div class='ocr_carea' id='block_1_20' title="bbox 313 3839 1867 3926">
    <p class='ocr_par' dir='ltr' id='par_1_22' title="bbox 313 3839 1867 3926">
     <span class='ocr_line' id='line_1_62' title="bbox 313 3839 1867 3926; baseline -0.005 -20"><span class='ocrx_word' id='word_1_357' title='bbox 313 3869 341 3906; x_wconf 76' lang='grc' dir='ltr'><strong>ι,</strong></span> <span class='ocrx_word' id='word_1_358' title='bbox 370 3841 739 3926; x_wconf 78' lang='lat' dir='ltr'><strong>Apostolus,</strong></span> <span class='ocrx_word' id='word_1_359' title='bbox 771 3841 928 3904; x_wconf 92' lang='lat' dir='ltr'><strong>dicit</strong></span> <span class='ocrx_word' id='word_1_360' title='bbox 962 3858 975 3902; x_wconf 91' lang='lat'>:</span> <span class='ocrx_word' id='word_1_361' title='bbox 1010 3841 1155 3904; x_wconf 91' lang='lat' dir='ltr'><strong>Sive</strong></span> <span class='ocrx_word' id='word_1_362' title='bbox 1186 3840 1445 3912; x_wconf 88' lang='lat' dir='ltr'><strong>Throni,</strong></span> <span class='ocrx_word' id='word_1_363' title='bbox 1484 3840 1617 3902; x_wconf 91' lang='lat' dir='ltr'><strong>sive</strong></span> <span class='ocrx_word' id='word_1_364' title='bbox 1660 3839 1867 3901; x_wconf 91' lang='lat' dir='ltr'><strong>Domi·</strong></span> 
     </span>
    </p>
   </div>
   <div class='ocr_carea' id='block_1_21' title="bbox 368 3938 1871 4203">
    <p class='ocr_par' dir='ltr' id='par_1_23' title="bbox 368 3938 1871 4203">
     <span class='ocr_line' id='line_1_63' title="bbox 368 3938 1862 4020; baseline -0.003 -16"><span class='ocrx_word' id='word_1_365' title='bbox 368 3942 685 4015; x_wconf 76' lang='lat' dir='ltr'><strong>natione5‚</strong></span> <span class='ocrx_word' id='word_1_366' title='bbox 717 3940 851 4002; x_wconf 91' lang='lat' dir='ltr'><strong>sive</strong></span> <span class='ocrx_word' id='word_1_367' title='bbox 882 3940 1303 4020; x_wconf 78' lang='lat' dir='ltr'><strong>PrincipatuS,</strong></span> <span class='ocrx_word' id='word_1_368' title='bbox 1338 3939 1473 4000; x_wconf 89' lang='lat' dir='ltr'><strong>sive</strong></span> <span class='ocrx_word' id='word_1_369' title='bbox 1502 3938 1862 4001; x_wconf 88' lang='lat' dir='ltr'><strong>Potestates.</strong></span> 
     </span>
     <span class='ocr_line' id='line_1_64' title="bbox 368 4037 1871 4123; baseline -0.003 -20"><span class='ocrx_word' id='word_1_370' title='bbox 368 4042 437 4104; x_wconf 89' lang='lat' dir='ltr'><strong>ln</strong></span> <span class='ocrx_word' id='word_1_371' title='bbox 469 4058 597 4123; x_wconf 92' lang='lat' dir='ltr'><strong>quo</strong></span> <span class='ocrx_word' id='word_1_372' title='bbox 630 4046 877 4102; x_wconf 89' lang='lat' dir='ltr'><strong>constat</strong></span> <span class='ocrx_word' id='word_1_373' title='bbox 898 4038 1293 4119; x_wconf 87' lang='lat' dir='ltr'><strong>Principatus</strong></span> <span class='ocrx_word' id='word_1_374' title='bbox 1327 4045 1468 4119; x_wconf 90' lang='lat' dir='ltr'><strong>post</strong></span> <span class='ocrx_word' id='word_1_375' title='bbox 1486 4037 1871 4099; x_wconf 87' lang='lat' dir='ltr'><strong>Dominatio-</strong></span> 
     </span>
     <span class='ocr_line' id='line_1_65' title="bbox 370 4135 1867 4203; baseline -0.004 -1"><span class='ocrx_word' id='word_1_376' title='bbox 370 4159 485 4203; x_wconf 89' lang='lat' dir='ltr'><strong>nes</strong></span> <span class='ocrx_word' id='word_1_377' title='bbox 521 4138 885 4201; x_wconf 84' lang='lat' dir='ltr'><strong>immediate</strong></span> <span class='ocrx_word' id='word_1_378' title='bbox 924 4136 1221 4199; x_wconf 89' lang='lat' dir='ltr'><strong>ordinari.</strong></span> <span class='ocrx_word' id='word_1_379' title='bbox 1260 4135 1335 4198; x_wconf 87' lang='lat' dir='ltr'><strong>Et</strong></span> <span class='ocrx_word' id='word_1_380' title='bbox 1374 4136 1534 4197; x_wconf 89' lang='lat' dir='ltr'><strong>hanc</strong></span> <span class='ocrx_word' id='word_1_381' title='bbox 1566 4135 1867 4198; x_wconf 86' lang='lat' dir='ltr'><strong>ordinati-</strong></span> 
     </span>
    </p>
   </div>
   <div class='ocr_carea' id='block_1_22' title="bbox 1977 3149 3726 4196">
    <p class='ocr_par' dir='ltr' id='par_1_24' title="bbox 1977 3149 3726 4196">
     <span class='ocr_line' id='line_1_66' title="bbox 1985 3149 3484 3233; baseline 0.002 -21"><span class='ocrx_word' id='word_1_382' title='bbox 1985 3149 2282 3212; x_wconf 88' lang='lat' dir='ltr'><strong>ordinum</strong></span> <span class='ocrx_word' id='word_1_383' title='bbox 2315 3150 2524 3230; x_wconf 88' lang='lat' dir='ltr'><strong>angeli</strong></span> <span class='ocrx_word' id='word_1_384' title='bbox 2569 3150 2824 3213; x_wconf 90' lang='lat' dir='ltr'><strong>illorum</strong></span> <span class='ocrx_word' id='word_1_385' title='bbox 2867 3151 3212 3233; x_wconf 89' lang='lat' dir='ltr'><strong>spirituum</strong></span> <span class='ocrx_word' id='word_1_386' title='bbox 3252 3170 3484 3215; x_wconf 91' lang='lat' dir='ltr'><strong>nomen</strong></span> 
     </span>
     <span class='ocr_line' id='line_1_67' title="bbox 1982 3246 3488 3331; baseline 0.002 -23"><span class='ocrx_word' id='word_1_387' title='bbox 1982 3246 2311 3328; x_wconf 90' lang='lat' dir='ltr'><strong>accipiunt</strong></span> <span class='ocrx_word' id='word_1_388' title='bbox 2370 3266 2644 3329; x_wconf 90' lang='lat' dir='ltr'><strong>quorum</strong></span> <span class='ocrx_word' id='word_1_389' title='bbox 2705 3250 2965 3331; x_wconf 87' lang='lat' dir='ltr'><strong>explent</strong></span> <span class='ocrx_word' id='word_1_390' title='bbox 3019 3249 3335 3312; x_wconf 88' lang='lat' dir='ltr'><strong>officium.</strong></span> <span class='ocrx_word' id='word_1_391' title='bbox 3392 3250 3488 3311; x_wconf 88' lang='lat' dir='ltr'><strong>Et·</strong></span> 
     </span>
     <span class='ocr_line' id='line_1_68' title="bbox 1982 3344 3726 3430; baseline 0.005 -22"><span class='ocrx_word' id='word_1_392' title='bbox 1982 3347 2154 3408; x_wconf 92' lang='lat' dir='ltr'><strong>enim</strong></span> <span class='ocrx_word' id='word_1_393' title='bbox 2227 3344 2558 3428; x_wconf 89' lang='lat' dir='ltr'><strong>Seraphim</strong></span> <span class='ocrx_word' id='word_1_394' title='bbox 2617 3347 2998 3428; x_wconf 89' lang='lat' dir='ltr'><strong>(secundum</strong></span> <span class='ocrx_word' id='word_1_395' title='bbox 3075 3349 3485 3430; x_wconf 86' lang='lat' dir='ltr'><strong>praeostensa)</strong></span> <span class='ocrx_word' id='word_1_396' title='bbox 3512 3376 3592 3415; x_wconf 70' lang='lat' dir='ltr'><strong>m.</strong></span> <span class='ocrx_word' id='word_1_397' title='bbox 3630 3385 3726 3416; x_wconf 75' lang='lat' dir='ltr'><strong>m.</strong></span> 
     </span>
     <span class='ocr_line' id='line_1_69' title="bbox 1982 3444 3482 3528; baseline 0.002 -22"><span class='ocrx_word' id='word_1_398' title='bbox 1982 3444 2376 3506; x_wconf 86' lang='lat' dir='ltr'><strong>incalescens</strong></span> <span class='ocrx_word' id='word_1_399' title='bbox 2408 3445 2662 3506; x_wconf 90' lang='lat' dir='ltr'><strong>dicitur.</strong></span> <span class='ocrx_word' id='word_1_400' title='bbox 2697 3445 2977 3526; x_wconf 83' lang='lat' dir='ltr'><strong>Angelus</strong></span> <span class='ocrx_word' id='word_1_401' title='bbox 3017 3446 3210 3526; x_wconf 88' lang='lat' dir='ltr'><strong>igitur</strong></span> <span class='ocrx_word' id='word_1_402' title='bbox 3251 3447 3362 3528; x_wconf 91' lang='lat' dir='ltr'><strong>qui</strong></span> <span class='ocrx_word' id='word_1_403' title='bbox 3404 3447 3482 3510; x_wconf 91' lang='lat' dir='ltr'><strong>de</strong></span> 
     </span>
     <span class='ocr_line' id='line_1_70' title="bbox 1980 3542 3481 3626; baseline 0.002 -23"><span class='ocrx_word' id='word_1_404' title='bbox 1980 3543 2159 3604; x_wconf 89' lang='lat' dir='ltr'><strong>altari</strong></span> <span class='ocrx_word' id='word_1_405' title='bbox 2195 3542 2535 3605; x_wconf 89' lang='lat' dir='ltr'><strong>carbonem</strong></span> <span class='ocrx_word' id='word_1_406' title='bbox 2568 3543 2835 3607; x_wconf 88' lang='lat' dir='ltr'><strong>abstulit</strong></span> <span class='ocrx_word' id='word_1_407' title='bbox 2866 3552 2936 3605; x_wconf 88' lang='lat' dir='ltr'><strong>ut</strong></span> <span class='ocrx_word' id='word_1_408' title='bbox 2966 3544 3306 3608; x_wconf 90' lang='lat' dir='ltr'><strong>locutionis</strong></span> <span class='ocrx_word' id='word_1_409' title='bbox 3339 3564 3481 3626; x_wconf 89' lang='lat' dir='ltr'><strong>pec-</strong></span> 
     </span>
     <span class='ocr_line' id='line_1_71' title="bbox 1982 3640 3483 3712; baseline 0.002 -11"><span class='ocrx_word' id='word_1_410' title='bbox 1982 3647 2119 3701; x_wconf 86' lang='lat' dir='ltr'><strong>cata</strong></span> <span class='ocrx_word' id='word_1_411' title='bbox 2163 3640 2551 3712; x_wconf 90' lang='lat' dir='ltr'><strong>incenderet,</strong></span> <span class='ocrx_word' id='word_1_412' title='bbox 2587 3659 2712 3703; x_wconf 91' lang='lat' dir='ltr'><strong>non</strong></span> <span class='ocrx_word' id='word_1_413' title='bbox 2756 3642 3281 3704; x_wconf 89' lang='lat' dir='ltr'><strong>inconvenienter</strong></span> <span class='ocrx_word' id='word_1_414' title='bbox 3310 3643 3483 3705; x_wconf 85' lang='lat' dir='ltr'><strong>Sera-</strong></span> 
     </span>
     <span class='ocr_line' id='line_1_72' title="bbox 1982 3738 3481 3823; baseline 0.003 -24"><span class='ocrx_word' id='word_1_415' title='bbox 1982 3739 2164 3820; x_wconf 90' lang='lat' dir='ltr'><strong>phim</strong></span> <span class='ocrx_word' id='word_1_416' title='bbox 2205 3738 2700 3819; x_wconf 87' lang='lat' dir='ltr'><strong>appellationem</strong></span> <span class='ocrx_word' id='word_1_417' title='bbox 2745 3740 3005 3801; x_wconf 88' lang='lat' dir='ltr'><strong>sortitus</strong></span> <span class='ocrx_word' id='word_1_418' title='bbox 3047 3747 3159 3802; x_wconf 91' lang='lat' dir='ltr'><strong>est.</strong></span> <span class='ocrx_word' id='word_1_419' title='bbox 3193 3741 3481 3823; x_wconf 91' lang='lat' dir='ltr'><strong>Denique</strong></span> 
     </span>
     <span class='ocr_line' id='line_1_73' title="bbox 1980 3837 3481 3920; baseline 0.002 -22"><span class='ocrx_word' id='word_1_420' title='bbox 1980 3837 2190 3920; x_wconf 90' lang='lat' dir='ltr'><strong>palam</strong></span> <span class='ocrx_word' id='word_1_421' title='bbox 2240 3845 2358 3909; x_wconf 90' lang='lat' dir='ltr'><strong>est,</strong></span> <span class='ocrx_word' id='word_1_422' title='bbox 2413 3855 2669 3900; x_wconf 88' lang='lat' dir='ltr'><strong>omnem</strong></span> <span class='ocrx_word' id='word_1_423' title='bbox 2720 3856 2934 3899; x_wconf 90' lang='lat' dir='ltr'><strong>rerum</strong></span> <span class='ocrx_word' id='word_1_424' title='bbox 2985 3846 3336 3900; x_wconf 89' lang='lat' dir='ltr'><strong>creatarum</strong></span> <span class='ocrx_word' id='word_1_425' title='bbox 3384 3857 3481 3901; x_wconf 85' lang='lat' dir='ltr'><strong>ca-</strong></span> 
     </span>
     <span class='ocr_line' id='line_1_74' title="bbox 1978 3935 3480 4018; baseline 0 -20"><span class='ocrx_word' id='word_1_426' title='bbox 1978 3944 2216 4010; x_wconf 90' lang='lat' dir='ltr'><strong>tenam,</strong></span> <span class='ocrx_word' id='word_1_427' title='bbox 2267 3935 2770 4017; x_wconf 89' lang='lat' dir='ltr'><strong>universumque</strong></span> <span class='ocrx_word' id='word_1_428' title='bbox 2822 3936 3254 4018; x_wconf 89' lang='lat' dir='ltr'><strong>angelicarum</strong></span> <span class='ocrx_word' id='word_1_429' title='bbox 3309 3956 3480 4000; x_wconf 91' lang='lat' dir='ltr'><strong>men-</strong></span> 
     </span>
     <span class='ocr_line' id='line_1_75' title="bbox 1979 4033 3477 4114; baseline 0.001 -18"><span class='ocrx_word' id='word_1_430' title='bbox 1979 4034 2138 4096; x_wconf 91' lang='lat' dir='ltr'><strong>tium</strong></span> <span class='ocrx_word' id='word_1_431' title='bbox 2181 4033 2493 4107; x_wconf 90' lang='lat' dir='ltr'><strong>ordinem,</strong></span> <span class='ocrx_word' id='word_1_432' title='bbox 2527 4033 2882 4114; x_wconf 89' lang='lat' dir='ltr'><strong>comparari</strong></span> <span class='ocrx_word' id='word_1_433' title='bbox 2927 4034 3004 4095; x_wconf 89' lang='lat' dir='ltr'><strong>ad</strong></span> <span class='ocrx_word' id='word_1_434' title='bbox 3051 4035 3250 4096; x_wconf 91' lang='lat' dir='ltr'><strong>Deum</strong></span> <span class='ocrx_word' id='word_1_435' title='bbox 3292 4035 3477 4098; x_wconf 90' lang='lat' dir='ltr'><strong>bene-</strong></span> 
     </span>
     <span class='ocr_line' id='line_1_76' title="bbox 1977 4131 3476 4196; baseline 0.001 -2"><span class='ocrx_word' id='word_1_436' title='bbox 1977 4133 2222 4195; x_wconf 90' lang='lat' dir='ltr'><strong>dictum</strong></span> <span class='ocrx_word' id='word_1_437' title='bbox 2253 4131 2418 4194; x_wconf 91' lang='lat' dir='ltr'><strong>sicut</strong></span> <span class='ocrx_word' id='word_1_438' title='bbox 2449 4131 2946 4195; x_wconf 89' lang='lat' dir='ltr'><strong>instrumentum</strong></span> <span class='ocrx_word' id='word_1_439' title='bbox 2977 4139 3037 4195; x_wconf 90' lang='lat' dir='ltr'><strong>et</strong></span> <span class='ocrx_word' id='word_1_440' title='bbox 3068 4133 3476 4196; x_wconf 88' lang='lat' dir='ltr'><strong>subserviens</strong></span> 
     </span>
    </p>
   </div>
   <div class='ocr_carea' id='block_1_23' title="bbox 374 4228 3476 4314">
    <p class='ocr_par' dir='ltr' id='par_1_25' title="bbox 374 4228 3476 4314">
     <span class='ocr_line' id='line_1_77' title="bbox 374 4228 3476 4314; baseline -0.002 -14"><span class='ocrx_word' id='word_1_441' title='bbox 374 4255 563 4300; x_wconf 88' lang='lat' dir='ltr'><strong>onem</strong></span> <span class='ocrx_word' id='word_1_442' title='bbox 597 4242 873 4299; x_wconf 87' lang='lat' dir='ltr'><strong>sectatus</strong></span> <span class='ocrx_word' id='word_1_443' title='bbox 904 4241 1001 4296; x_wconf 88' lang='lat' dir='ltr'><strong>est</strong></span> <span class='ocrx_word' id='word_1_444' title='bbox 1028 4233 1385 4314; x_wconf 88' lang='lat' dir='ltr'><strong>Gregorius.</strong></span> <span class='ocrx_word' id='word_1_445' title='bbox 1412 4234 1687 4314; x_wconf 77' lang='lat' dir='ltr'><strong>Utraque</strong></span> <span class='ocrx_word' id='word_1_446' title='bbox 1718 4251 1867 4313; x_wconf 89' lang='lat' dir='ltr'><strong>ergo</strong></span> <span class='ocrx_word' id='word_1_447' title='bbox 1898 4229 1946 4290; x_wconf 91' lang='lat' dir='ltr'>D</span> <span class='ocrx_word' id='word_1_448' title='bbox 1979 4249 2287 4311; x_wconf 86' lang='lat' dir='ltr'><strong>organum</strong></span> <span class='ocrx_word' id='word_1_449' title='bbox 2318 4230 2394 4291; x_wconf 91' lang='lat' dir='ltr'><strong>ad</strong></span> <span class='ocrx_word' id='word_1_450' title='bbox 2426 4228 2743 4290; x_wconf 81' lang='lat' dir='ltr'><strong>artificem</strong></span> <span class='ocrx_word' id='word_1_451' title='bbox 2777 4237 2841 4291; x_wconf 91' lang='lat' dir='ltr'><strong>et</strong></span> <span class='ocrx_word' id='word_1_452' title='bbox 2872 4230 3296 4312; x_wconf 90' lang='lat' dir='ltr'><strong>principalem</strong></span> <span class='ocrx_word' id='word_1_453' title='bbox 3328 4249 3476 4314; x_wconf 92' lang='lat' dir='ltr'><strong>ope-</strong></span> 
     </span>
    </p>
   </div>
   <div class='ocr_carea' id='block_1_24' title="bbox 374 4331 1861 4418">
    <p class='ocr_par' dir='ltr' id='par_1_26' title="bbox 374 4331 1861 4418">
     <span class='ocr_line' id='line_1_78' title="bbox 374 4331 1861 4418; baseline -0.005 -19"><span class='ocrx_word' id='word_1_454' title='bbox 374 4336 608 4418; x_wconf 88' lang='lat' dir='ltr'><strong>positio</strong></span> <span class='ocrx_word' id='word_1_455' title='bbox 638 4334 959 4416; x_wconf 89' lang='lat' dir='ltr'><strong>sapienter</strong></span> <span class='ocrx_word' id='word_1_456' title='bbox 987 4352 1060 4396; x_wconf 88' lang='lat' dir='ltr'><strong>ac</strong></span> <span class='ocrx_word' id='word_1_457' title='bbox 1091 4332 1301 4396; x_wconf 91' lang='lat' dir='ltr'><strong>sobrie</strong></span> <span class='ocrx_word' id='word_1_458' title='bbox 1340 4331 1707 4414; x_wconf 88' lang='lat' dir='ltr'><strong>recipienda</strong></span> <span class='ocrx_word' id='word_1_459' title='bbox 1749 4339 1861 4392; x_wconf 89' lang='lat' dir='ltr'><strong>est.</strong></span> 
     </span>
    </p>
   </div>
   <div class='ocr_carea' id='block_1_25' title="bbox 734 4542 1507 4609">
    <p class='ocr_par' dir='ltr' id='par_1_27' title="bbox 734 4542 1507 4609">
     <span class='ocr_line' id='line_1_79' title="bbox 734 4542 1507 4609; baseline -0.008 0"><span class='ocrx_word' id='word_1_460' title='bbox 734 4543 1221 4609; x_wconf 83' lang='lat' dir='ltr'><strong>ARTICULUS</strong></span> <span class='ocrx_word' id='word_1_461' title='bbox 1266 4542 1507 4604; x_wconf 84' lang='lat' dir='ltr'><strong>LXIX.</strong></span> 
     </span>
    </p>
   </div>
   <div class='ocr_carea' id='block_1_26' title="bbox 370 4663 1869 4831">
    <p class='ocr_par' dir='ltr' id='par_1_28' title="bbox 370 4663 1869 4831">
     <span class='ocr_line' id='line_1_80' title="bbox 370 4663 1869 4741; baseline -0.006 -10"><span class='ocrx_word' id='word_1_462' title='bbox 370 4673 457 4732; x_wconf 78' lang='lat' dir='ltr'><strong>Et</strong></span> <span class='ocrx_word' id='word_1_463' title='bbox 495 4677 589 4728; x_wconf 80' lang='lat' dir='ltr'><strong>est</strong></span> <span class='ocrx_word' id='word_1_464' title='bbox 628 4668 862 4727; x_wconf 75' lang='lat' dir='ltr'><strong>solutio</strong></span> <span class='ocrx_word' id='word_1_465' title='bbox 890 4665 1237 4740; x_wconf 55' lang='lat' dir='ltr'><strong>cujusdam</strong></span> <span class='ocrx_word' id='word_1_466' title='bbox 1267 4663 1697 4722; x_wconf 74' lang='lat' dir='ltr'><strong>dubitationis</strong></span> <span class='ocrx_word' id='word_1_467' title='bbox 1725 4683 1869 4741; x_wconf 74' lang='lat' dir='ltr'><strong>quw</strong></span> 
     </span>
     <span class='ocr_line' id='line_1_81' title="bbox 664 4753 1571 4831; baseline -0.003 -17"><span class='ocrx_word' id='word_1_468' title='bbox 664 4775 747 4814; x_wconf 75' lang='lat' dir='ltr'><strong>ex</strong></span> <span class='ocrx_word' id='word_1_469' title='bbox 781 4753 1218 4831; x_wconf 67' lang='lat' dir='ltr'><strong>praeinductis</strong></span> <span class='ocrx_word' id='word_1_470' title='bbox 1259 4753 1571 4812; x_wconf 79' lang='lat' dir='ltr'><strong>nascitur.</strong></span> 
     </span>
    </p>
   </div>
   <div class='ocr_carea' id='block_1_27' title="bbox 370 4919 1871 5398">
    <p class='ocr_par' dir='ltr' id='par_1_29' title="bbox 370 4919 1871 5398">
     <span class='ocr_line' id='line_1_82' title="bbox 520 4919 1865 5006; baseline -0.008 -16"><span class='ocrx_word' id='word_1_471' title='bbox 520 4919 809 4990; x_wconf 77' lang='lat' dir='ltr'><strong>ABlTUM</strong></span> <span class='ocrx_word' id='word_1_472' title='bbox 852 4923 1094 5006; x_wconf 88' lang='lat' dir='ltr'><strong>quippe</strong></span> <span class='ocrx_word' id='word_1_473' title='bbox 1134 4929 1251 4994; x_wconf 90' lang='lat' dir='ltr'><strong>est,</strong></span> <span class='ocrx_word' id='word_1_474' title='bbox 1294 4920 1586 4983; x_wconf 85' lang='lat' dir='ltr'><strong>infimam</strong></span> <span class='ocrx_word' id='word_1_475' title='bbox 1630 4919 1865 4982; x_wconf 87' lang='lat' dir='ltr'><strong>hierar-</strong></span> 
     </span>
     <span class='ocr_line' id='line_1_83' title="bbox 553 5020 1870 5089; baseline -0.008 0"><span class='ocrx_word' id='word_1_476' title='bbox 553 5027 765 5089; x_wconf 88' lang='lat' dir='ltr'><strong>chiam</strong></span> <span class='ocrx_word' id='word_1_477' title='bbox 826 5031 1057 5086; x_wconf 81' lang='lat' dir='ltr'><strong>nostrae</strong></span> <span class='ocrx_word' id='word_1_478' title='bbox 1121 5021 1568 5084; x_wconf 71' lang='lat' dir='ltr'><strong>ecclesiastica)</strong></span> <span class='ocrx_word' id='word_1_479' title='bbox 1636 5020 1870 5081; x_wconf 89' lang='lat' dir='ltr'><strong>hierar-</strong></span> 
     </span>
     <span class='ocr_line' id='line_1_84' title="bbox 370 5119 1868 5207; baseline -0.008 -17"><span class='ocrx_word' id='word_1_480' title='bbox 370 5127 531 5190; x_wconf 81' lang='lat' dir='ltr'><strong>chiae</strong></span> <span class='ocrx_word' id='word_1_481' title='bbox 576 5123 937 5207; x_wconf 60' lang='lat' dir='ltr'><strong>praesidere,</strong></span> <span class='ocrx_word' id='word_1_482' title='bbox 989 5139 1261 5204; x_wconf 82' lang='lat' dir='ltr'><strong>praeesse</strong></span> <span class='ocrx_word' id='word_1_483' title='bbox 1302 5119 1717 5202; x_wconf 86' lang='lat' dir='ltr'><strong>proximeque</strong></span> <span class='ocrx_word' id='word_1_484' title='bbox 1767 5138 1868 5179; x_wconf 93' lang='lat' dir='ltr'><strong>su-</strong></span> 
     </span>
     <span class='ocr_line' id='line_1_85' title="bbox 374 5215 1867 5308; baseline -0.008 -20"><span class='ocrx_word' id='word_1_485' title='bbox 374 5223 667 5308; x_wconf 89' lang='lat' dir='ltr'><strong>perponi.</strong></span> <span class='ocrx_word' id='word_1_486' title='bbox 719 5221 809 5283; x_wconf 86' lang='lat' dir='ltr'><strong>Ex</strong></span> <span class='ocrx_word' id='word_1_487' title='bbox 857 5237 985 5303; x_wconf 91' lang='lat' dir='ltr'><strong>quo</strong></span> <span class='ocrx_word' id='word_1_488' title='bbox 1035 5218 1358 5282; x_wconf 88' lang='lat' dir='ltr'><strong>videbitur</strong></span> <span class='ocrx_word' id='word_1_489' title='bbox 1401 5218 1613 5281; x_wconf 90' lang='lat' dir='ltr'><strong>forsan</strong></span> <span class='ocrx_word' id='word_1_490' title='bbox 1656 5215 1867 5288; x_wconf 90' lang='lat' dir='ltr'><strong>alicui,</strong></span> 
     </span>
     <span class='ocr_line' id='line_1_86' title="bbox 376 5314 1871 5398; baseline -0.007 -12"><span class='ocrx_word' id='word_1_491' title='bbox 376 5341 503 5386; x_wconf 89' lang='lat' dir='ltr'><strong>non</strong></span> <span class='ocrx_word' id='word_1_492' title='bbox 568 5319 694 5383; x_wconf 89' lang='lat' dir='ltr'><strong>nisi</strong></span> <span class='ocrx_word' id='word_1_493' title='bbox 753 5317 995 5382; x_wconf 85' lang='lat' dir='ltr'><strong>infimae</strong></span> <span class='ocrx_word' id='word_1_494' title='bbox 1052 5315 1427 5379; x_wconf 65' lang='lat' dir='ltr'><strong>hierarchiae</strong></span> <span class='ocrx_word' id='word_1_495' title='bbox 1482 5315 1745 5398; x_wconf 89' lang='lat' dir='ltr'><strong>spiritus</strong></span> <span class='ocrx_word' id='word_1_496' title='bbox 1792 5314 1871 5375; x_wconf 90' lang='lat' dir='ltr'><strong>ad</strong></span> 
     </span>
    </p>
   </div>
   <div class='ocr_carea' id='block_1_28' title="bbox 1976 4328 3763 5396">
    <p class='ocr_par' dir='ltr' id='par_1_30' title="bbox 1976 4328 3763 5396">
     <span class='ocr_line' id='line_1_87' title="bbox 1978 4328 3476 4400; baseline 0.001 -10"><span class='ocrx_word' id='word_1_497' title='bbox 1978 4335 2227 4390; x_wconf 88' lang='lat' dir='ltr'><strong>rantem</strong></span> <span class='ocrx_word' id='word_1_498' title='bbox 2280 4345 2294 4389; x_wconf 74' lang='grc' dir='ltr'>ε</span> <span class='ocrx_word' id='word_1_499' title='bbox 2349 4333 2412 4388; x_wconf 90' lang='lat' dir='ltr'><strong>et</strong></span> <span class='ocrx_word' id='word_1_500' title='bbox 2472 4328 2826 4389; x_wconf 91' lang='lat' dir='ltr'><strong>secundum</strong></span> <span class='ocrx_word' id='word_1_501' title='bbox 2888 4328 3030 4400; x_wconf 90' lang='lat' dir='ltr'><strong>hoc,</strong></span> <span class='ocrx_word' id='word_1_502' title='bbox 3092 4345 3314 4392; x_wconf 91' lang='lat' dir='ltr'><strong>omnes</strong></span> <span class='ocrx_word' id='word_1_503' title='bbox 3370 4331 3476 4392; x_wconf 87' lang='lat' dir='ltr'><strong>ad-</strong></span> 
     </span>
     <span class='ocr_line' id='line_1_88' title="bbox 1980 4425 3474 4506; baseline 0.002 -18"><span class='ocrx_word' id='word_1_504' title='bbox 1980 4425 2422 4488; x_wconf 88' lang='lat' dir='ltr'><strong>ministratorii</strong></span> <span class='ocrx_word' id='word_1_505' title='bbox 2483 4425 2748 4506; x_wconf 89' lang='lat' dir='ltr'><strong>spiritus</strong></span> <span class='ocrx_word' id='word_1_506' title='bbox 2803 4433 2970 4487; x_wconf 89' lang='lat' dir='ltr'><strong>sunt.</strong></span> <span class='ocrx_word' id='word_1_507' title='bbox 3024 4427 3474 4491; x_wconf 84' lang='lat' dir='ltr'><strong>Verumtamen</strong></span> 
     </span>
     <span class='ocr_line' id='line_1_89' title="bbox 1978 4523 3476 4607; baseline 0.002 -21"><span class='ocrx_word' id='word_1_508' title='bbox 1978 4526 2145 4607; x_wconf 91' lang='lat' dir='ltr'><strong>quod</strong></span> <span class='ocrx_word' id='word_1_509' title='bbox 2219 4543 2344 4586; x_wconf 90' lang='lat' dir='ltr'><strong>non</strong></span> <span class='ocrx_word' id='word_1_510' title='bbox 2415 4541 2636 4586; x_wconf 91' lang='lat' dir='ltr'><strong>omnes</strong></span> <span class='ocrx_word' id='word_1_511' title='bbox 2705 4523 3076 4587; x_wconf 88' lang='lat' dir='ltr'><strong>immediate</strong></span> <span class='ocrx_word' id='word_1_512' title='bbox 3143 4527 3476 4588; x_wconf 88' lang='lat' dir='ltr'><strong>mittantur</strong></span> 
     </span>
     <span class='ocr_line' id='line_1_90' title="bbox 1978 4622 3474 4705; baseline 0.002 -21"><span class='ocrx_word' id='word_1_513' title='bbox 1978 4641 2188 4705; x_wconf 91' lang='lat' dir='ltr'><strong>neque</strong></span> <span class='ocrx_word' id='word_1_514' title='bbox 2237 4622 2516 4684; x_wconf 85' lang='lat' dir='ltr'><strong>exterius</strong></span> <span class='ocrx_word' id='word_1_515' title='bbox 2564 4622 2986 4696; x_wconf 86' lang='lat' dir='ltr'><strong>destinentur,</strong></span> <span class='ocrx_word' id='word_1_516' title='bbox 3040 4624 3206 4687; x_wconf 89' lang='lat' dir='ltr'><strong>sicut</strong></span> <span class='ocrx_word' id='word_1_517' title='bbox 3249 4626 3474 4688; x_wconf 87' lang='lat' dir='ltr'><strong>asserit</strong></span> 
     </span>
     <span class='ocr_line' id='line_1_91' title="bbox 1977 4719 3472 4804; baseline 0.002 -21"><span class='ocrx_word' id='word_1_518' title='bbox 1977 4721 2339 4804; x_wconf 79' lang='lat' dir='ltr'><strong>DionysiuS,</strong></span> <span class='ocrx_word' id='word_1_519' title='bbox 2373 4738 2449 4781; x_wconf 87' lang='lat' dir='ltr'><strong>ex</strong></span> <span class='ocrx_word' id='word_1_520' title='bbox 2481 4719 2677 4781; x_wconf 91' lang='lat' dir='ltr'><strong>verbo</strong></span> <span class='ocrx_word' id='word_1_521' title='bbox 2711 4720 2988 4782; x_wconf 88' lang='lat' dir='ltr'><strong>Danielis</strong></span> <span class='ocrx_word' id='word_1_522' title='bbox 3027 4722 3350 4804; x_wconf 83' lang='lat' dir='ltr'><strong>prophetae</strong></span> <span class='ocrx_word' id='word_1_523' title='bbox 3382 4724 3472 4786; x_wconf 90' lang='lat' dir='ltr'><strong>vi-</strong></span> 
     </span>
     <span class='ocr_line' id='line_1_92' title="bbox 1976 4818 3763 4902; baseline 0.003 -20"><span class='ocrx_word' id='word_1_524' title='bbox 1976 4821 2163 4882; x_wconf 88' lang='lat' dir='ltr'><strong>detur</strong></span> <span class='ocrx_word' id='word_1_525' title='bbox 2191 4818 2573 4880; x_wconf 85' lang='lat' dir='ltr'><strong>elucescere.</strong></span> <span class='ocrx_word' id='word_1_526' title='bbox 2601 4818 2998 4881; x_wconf 88' lang='lat' dir='ltr'><strong>Contestatur</strong></span> <span class='ocrx_word' id='word_1_527' title='bbox 3026 4838 3259 4902; x_wconf 90' lang='lat' dir='ltr'><strong>nempe</strong></span> <span class='ocrx_word' id='word_1_528' title='bbox 3291 4838 3304 4883; x_wconf 92' lang='lat'><strong>:</strong></span> <span class='ocrx_word' id='word_1_529' title='bbox 3340 4823 3471 4885; x_wconf 87' lang='lat' dir='ltr'><strong>Mil·</strong></span> <span class='ocrx_word' id='word_1_530' title='bbox 3501 4846 3763 4898; x_wconf 52' lang='lat' dir='ltr'><strong>naas-nuo.</strong></span> 
     </span>
     <span class='ocr_line' id='line_1_93' title="bbox 1978 4915 3472 4988; baseline 0.002 -8"><span class='ocrx_word' id='word_1_531' title='bbox 1978 4918 2061 4980; x_wconf 91' lang='lat' dir='ltr'><strong>lia</strong></span> <span class='ocrx_word' id='word_1_532' title='bbox 2094 4917 2371 4979; x_wconf 89' lang='lat' dir='ltr'><strong>millium</strong></span> <span class='ocrx_word' id='word_1_533' title='bbox 2405 4915 2852 4977; x_wconf 88' lang='lat' dir='ltr'><strong>ministrabant</strong></span> <span class='ocrx_word' id='word_1_534' title='bbox 2882 4915 2964 4988; x_wconf 88' lang='lat' dir='ltr'><strong>ei,</strong></span> <span class='ocrx_word' id='word_1_535' title='bbox 2997 4923 3060 4978; x_wconf 94' lang='lat' dir='ltr'><strong>et</strong></span> <span class='ocrx_word' id='word_1_536' title='bbox 3089 4917 3301 4980; x_wconf 91' lang='lat' dir='ltr'><strong>decies</strong></span> <span class='ocrx_word' id='word_1_537' title='bbox 3332 4920 3472 4982; x_wconf 90' lang='lat' dir='ltr'><strong>mil-</strong></span> 
     </span>
     <span class='ocr_line' id='line_1_94' title="bbox 1979 5013 3475 5100; baseline 0.002 -22"><span class='ocrx_word' id='word_1_538' title='bbox 1979 5017 2094 5078; x_wconf 92' lang='lat' dir='ltr'><strong>lies</strong></span> <span class='ocrx_word' id='word_1_539' title='bbox 2146 5022 2414 5076; x_wconf 87' lang='lat' dir='ltr'><strong>centena</strong></span> <span class='ocrx_word' id='word_1_540' title='bbox 2463 5013 2664 5075; x_wconf 89' lang='lat' dir='ltr'><strong>millia</strong></span> <span class='ocrx_word' id='word_1_541' title='bbox 2707 5013 3098 5075; x_wconf 79' lang='lat' dir='ltr'><strong>adsistebant·</strong></span> <span class='ocrx_word' id='word_1_542' title='bbox 3144 5016 3223 5078; x_wconf 91' lang='lat' dir='ltr'><strong>ei.</strong></span> <span class='ocrx_word' id='word_1_543' title='bbox 3271 5017 3475 5100; x_wconf 87' lang='lat' dir='ltr'><strong>Super</strong></span> 
     </span>
     <span class='ocr_line' id='line_1_95' title="bbox 1978 5111 3472 5197; baseline 0.003 -22"><span class='ocrx_word' id='word_1_544' title='bbox 1978 5114 2147 5197; x_wconf 92' lang='lat' dir='ltr'><strong>quod</strong></span> <span class='ocrx_word' id='word_1_545' title='bbox 2179 5113 2268 5174; x_wconf 89' lang='lat' dir='ltr'><strong>ait</strong></span> <span class='ocrx_word' id='word_1_546' title='bbox 2297 5111 2634 5191; x_wconf 86' lang='lat' dir='ltr'><strong>Gregorius</strong></span> <span class='ocrx_word' id='word_1_547' title='bbox 2670 5129 2682 5172; x_wconf 92' lang='lat'>:</span> <span class='ocrx_word' id='word_1_548' title='bbox 2719 5111 2901 5172; x_wconf 85' lang='lat' dir='ltr'><strong>Aliud</strong></span> <span class='ocrx_word' id='word_1_549' title='bbox 2948 5119 3045 5173; x_wconf 92' lang='lat' dir='ltr'><strong>est</strong></span> <span class='ocrx_word' id='word_1_550' title='bbox 3090 5114 3472 5190; x_wconf 88' lang='lat' dir='ltr'><strong>ministrare,</strong></span> 
     </span>
     <span class='ocr_line' id='line_1_96' title="bbox 1980 5209 3474 5287; baseline 0.003 -13"><span class='ocrx_word' id='word_1_551' title='bbox 1980 5211 2151 5275; x_wconf 87' lang='lat' dir='ltr'><strong>aliud</strong></span> <span class='ocrx_word' id='word_1_552' title='bbox 2201 5210 2525 5272; x_wconf 88' lang='lat' dir='ltr'><strong>adsistere.</strong></span> <span class='ocrx_word' id='word_1_553' title='bbox 2579 5209 2696 5282; x_wconf 88' lang='lat' dir='ltr'><strong>Qui</strong></span> <span class='ocrx_word' id='word_1_554' title='bbox 2743 5209 2914 5273; x_wconf 84' lang='lat' dir='ltr'><strong>enirn</strong></span> <span class='ocrx_word' id='word_1_555' title='bbox 2969 5211 3354 5287; x_wconf 87' lang='lat' dir='ltr'><strong>ministrant,</strong></span> <span class='ocrx_word' id='word_1_556' title='bbox 3397 5217 3474 5278; x_wconf 91' lang='lat' dir='ltr'><strong>ad</strong></span> 
     </span>
     <span class='ocr_line' id='line_1_97' title="bbox 1985 5307 3475 5396; baseline 0.002 -23"><span class='ocrx_word' id='word_1_557' title='bbox 1985 5329 2098 5374; x_wconf 89' lang='lat' dir='ltr'><strong>nos</strong></span> <span class='ocrx_word' id='word_1_558' title='bbox 2126 5328 2380 5392; x_wconf 90' lang='lat' dir='ltr'><strong>quoque</strong></span> <span class='ocrx_word' id='word_1_559' title='bbox 2404 5307 2815 5371; x_wconf 87' lang='lat' dir='ltr'><strong>destinantur.</strong></span> <span class='ocrx_word' id='word_1_560' title='bbox 2838 5307 3164 5372; x_wconf 82' lang='lat' dir='ltr'><strong>Adsistunt</strong></span> <span class='ocrx_word' id='word_1_561' title='bbox 3187 5330 3356 5387; x_wconf 87' lang='lat' dir='ltr'><strong>vero,</strong></span> <span class='ocrx_word' id='word_1_562' title='bbox 3373 5314 3475 5396; x_wconf 90' lang='lat' dir='ltr'><strong>qui</strong></span> 
     </span>
    </p>
   </div>
  </div>
 </body>
</html>
