4300 6259
891 468 1018 536 592
2147 481 2334 529 mnnx
2374 482 2751 531 alvan-rmus

962 654 1114 712 Fons
1142 657 1229 712 est
1257 653 1452 712 omnis
1481 651 1845 728 paternitatis
1882 656 1940 710 et
1979 651 2389 726 generationis,

889 833 1253 889 PATIENTIA
1304 833 1458 890 inter
1504 832 1726 890 Fructus
1774 831 2022 906 Spiritus
2065 831 2261 887 Sancti
2308 847 2394 887 re-

961 924 1248 987 censetur,
1282 939 1480 994 quare,
1511 922 1694 978 2281).

831 1063 836 1068 .
889 1010 1157 1066 PAULUS
1187 1010 2032 1074 samosatenus,Antiochenus
2061 1008 2387 1082 episcopus,

959 1099 1252 1157 Christum
1293 1100 1630 1172 adoptivum
1665 1099 1764 1156 Dei
1796 1099 2029 1164 Filium,
2064 1114 2181 1155 non
2222 1099 2390 1154 natu-

958 1190 1163 1253 ralem,
1197 1190 1457 1256 docebat,
1489 1190 1680 1246 4150’.

888 1277 1295 1334 PAUPERTAS
1325 1278 1582 1351 spiritus,
1597 1295 1728 1351 quae
1759 1279 1950 1351 prima
1969 1282 2056 1335 est
2074 1277 2383 1338 beatitudo,

959 1368 1065 1422 227
1079 1368 1140 1432 D,
1177 1367 1319 1440 quid
1349 1368 1441 1432 sit,
1470 1369 1574 1424 227
1594 1369 1676 1424 D'.

889 1459 1026 1514 PAX
1076 1458 1218 1531 quid
1265 1459 1356 1523 sit,
1406 1459 1610 1525 228ος
1651 1475 1756 1516 cur
1803 1459 1954 1514 inter
2001 1455 2390 1514 beatitudines

961 1551 1322 1613 numeretur,
1354 1548 1557 1615 2288,
1597 1551 1654 1605 et
1693 1547 1843 1604 inter
1882 1546 2104 1604 fructus
2141 1545 2389 1618 Spiritus

959 1636 1176 1700 Sancti,
1207 1637 1392 1692 2280.

889 1726 1250 1783 PECCATUM
1289 1725 1502 1783 dicitur
1539 1742 1801 1783 recessus
1837 1727 1910 1782 ab
1949 1724 2174 1791 ordine,
2205 1725 2385 1790 3221),

957 1817 1139 1881 331Α,
1170 1816 1277 1871 472
1293 1815 1368 1881 C’,
1402 1832 1504 1872 seu
1533 1815 1604 1872 ab
1634 1832 1701 1872 eo
1741 1817 1896 1888 quod
1935 1818 2019 1871 est
2060 1815 2386 1870 secundum

959 1908 1252 1970 naturam,
1286 1905 1390 1961 103
1407 1905 1470 1970 Β,
1513 1904 1807 1976 corruptio
1856 1903 2034 1968 modi,
2077 1901 2291 1975 speciei
2333 1905 2390 1959 et

957 1993 1197 2058 ordinis,
1244 1993 1458 2060 163Β’;
1498 1992 1824 2049 formaliter
1870 2008 1986 2048 non
2033 1993 2121 2047 est
2166 1989 2388 2062 aliquid

959 2082 1296 2142 subsistens.
1313 2099 1419 2138 nec
1447 2082 1508 2138 in
1539 2081 1874 2138 subsistenti
1895 2081 2198 2147 exsistens,
2213 2079 2386 2145 3220,

962 2189 1068 2228 nec
1099 2189 1336 2228 causam
1372 2172 1544 2229 habet
1581 2170 1947 2236 efficientem,
1975 2171 2076 2226 sed
2116 2168 2388 2225 deficien—

961 2266 1100 2326 tem,
1133 2262 1306 2317 3220.
1340 2261 1502 2318 Sicut
1538 2260 1696 2318 enim
1738 2260 1798 2316 in
1839 2259 2001 2316 omni
2042 2276 2218 2316 causa
2256 2258 2390 2314 sub-

961 2351 1232 2408 ordinata
1281 2350 1495 2406 accidit
1547 2349 1771 2406 malum
1829 2365 2015 2421 quum
2064 2349 2134 2404 ab
2186 2347 2389 2403 ordine

961 2457 1154 2499 causae
1208 2439 1416 2513 primae
1470 2439 1706 2504 recedit,
1737 2439 1937 2504 472Β’,
1987 2437 2072 2494 sic
2116 2437 2178 2494 in
2226 2435 2389 2493 omni

961 2533 1092 2589 ente
1122 2529 1502 2586 subordinato
1529 2527 1742 2585 accidit
1762 2531 2066 2601 peccatum
2098 2543 2282 2600 quum
2314 2527 2387 2582 ad

965 2619 1324 2693 superiorem
1381 2618 1558 2675 finem
1625 2634 1742 2673 non
1810 2617 2001 2674 debite
2061 2616 2387 2679 ordinatur,

965 2710 1140 2768 4720’
1181 2726 1194 2765 :
1240 2724 1392 2765 unus
1439 2710 1525 2764 est
1569 2723 1707 2780 ergo
1755 2707 1853 2779 qui
1893 2723 2128 2780 peccare
2168 2705 2387 2778 nequit,

966 2801 1245 2875 quoniam
1294 2798 1402 2854 sibi
1448 2797 1556 2870 ipsi
1606 2797 1740 2853 finis
1795 2799 1896 2861 est,
1945 2796 2142 2862 4720’,
2186 2794 2390 2852 ceteris

965 2890 1243 2963 competit
1272 2905 1528 2961 peccare,
1560 2888 1758 2952 4720’,
1783 2885 1920 2959 quia
1949 2903 1984 2942 a
2013 2884 2248 2958 proprio
2276 2884 2388 2942 fine

965 2979 1206 3037 deficere
1238 2978 1499 3051 possunt,
1529 2975 1636 3031 473
1648 2977 1710 3030 Α.
1741 3007 1814 3017 -
1843 2976 1984 3032 Cum
2028 2973 2392 3047 providentia

964 3069 1064 3126 Dei
1113 3071 1264 3124 stare
1313 3068 1500 3138 potest
1541 3068 1865 3136 peccatum,
1908 3065 2008 3120 321
2029 3063 2110 3128 Β’,
2142 3062 2281 3135 quia
2329 3061 2389 3118 in

963 3160 1198 3233 peccato
1228 3159 1367 3213 sunt
1394 3156 1547 3211 duo:
1571 3157 1734 3211 actus
1762 3153 2031 3211 videlicet
2057 3156 2116 3210 et
2143 3149 2391 3208 actionis

963 3247 1294 3321 obliquitas,
1356 3246 1463 3301 322
1479 3245 1577 3311 Β’;
1635 3247 1800 3301 actus
1848 3243 1908 3300 in
1957 3245 2243 3316 quantum
2303 3244 2391 3298 est

964 3339 1200 3396 effectus
1229 3334 1518 3408 potentias,
1543 3336 1630 3390 est
1656 3351 1691 3390 a
1719 3333 1853 3398 Deo,
1881 3333 1986 3389 322
2001 3333 2082 3396 Β’,
2110 3334 2167 3388 et
2191 3347 2392 3388 secun-

963 3428 1106 3484 dum
1168 3426 1323 3497 quod
1381 3423 1646 3480 ordinem
1703 3423 1876 3479 habet
1928 3422 2002 3478 ad
2057 3420 2384 3478 naturalem

963 3514 1306 3587 appetitum,
1357 3511 1512 3568 cadit
1563 3512 1670 3569 sub
1727 3511 1930 3567 ordine
1990 3508 2385 3583 providentiae,

964 3606 1167 3668 3220;
1207 3602 1519 3675 obliquitas
1555 3604 1750 3659 autem
1791 3599 2038 3656 actionis
2077 3615 2193 3655 non
2234 3602 2321 3655 est
2354 3614 2389 3654 a

963 3693 1436 3761 Deo,32213’,nee
1464 3691 1620 3747 cadit
1647 3691 1754 3747 sub
1782 3687 2162 3762 providentia,
2186 3688 2291 3743 322
2306 3687 2385 3753 0’,

963 3799 1071 3841 nec
1099 3800 1134 3840 a
1164 3783 1280 3838 Deo
1319 3780 1623 3853 praescitur
1661 3779 1774 3835 nisi
1813 3795 1915 3851 per
1951 3794 2126 3834 suum
2166 3779 2391 3832 contra-

962 3873 1140 3939 rium,
1169 3872 1276 3928 322
1295 3871 1336 3925 D
1359 3888 1373 3936 ;
1406 3872 1463 3926 et
1491 3870 1642 3926 Deus
1671 3884 1979 3939 cooperare
2010 3869 2198 3939 potest
2233 3864 2387 3922 actui

966 3961 1108 4035 quin
1140 3961 1481 4033 cooperetur
1508 3959 1762 4030 peccato,
1795 3957 1899 4012 322
1911 3955 1992 4021 Α’,
2023 3958 2082 4013 et
2109 3972 2285 4012 causa
2314 3955 2389 4010 sit

963 4051 1201 4126 peccati,
1225 4050 1406 4105 3220.
1434 4080 1497 4089 -
1529 4048 1836 4103 Peccatum
1867 4047 1953 4100 est
1981 4043 2223 4100 malitiae
2251 4060 2389 4116 quo-

965 4140 1283 4198 dammodo
1331 4134 1594 4201 infinitae,
1649 4136 1750 4190 197
1764 4136 1824 4200 Β,
1875 4137 1932 4190 et
1987 4133 2253 4188 ordinem
2302 4149 2388 4189 ra-

962 4228 1140 4286 tionis
1187 4229 1394 4284 creatae
1449 4226 1523 4282 ad
1580 4225 1762 4281 Deum
1817 4222 1985 4286 tollit,
2033 4221 2233 4285 506ssss
2286 4223 2387 4279 sed

966 4320 1269 4392 peccatum
1334 4313 1557 4372 veniale
1615 4313 1782 4370 illum
1845 4311 2114 4368 ordinem
2172 4310 2388 4367 minuit

964 4411 1218 4472 tantum,
1251 4404 1494 4462 mortale
1525 4402 1755 4476 penitus
1786 4400 1992 4466 aufert,
2022 4400 2221 4466 50613',
2254 4417 2386 4472 pro·-

965 4501 1094 4572 pter
1140 4496 1296 4568 quod
1345 4493 1577 4550 mortali
1625 4491 1868 4549 debetur
1923 4507 2092 4563 poena
2147 4494 2383 4556 aeterna,

962 4586 1182 4653 506A’3
1215 4584 1336 4640 imo
1365 4583 1427 4639 in
1459 4583 1584 4655 ipso
1623 4584 1760 4638 sunt
1796 4582 1913 4637 duo
1946 4597 1959 4635 :
1992 4579 2253 4644 formale,
2284 4595 2387 4635 seu

965 4675 1179 4733 mentis
1221 4672 1443 4730 aversio
1471 4689 1506 4727 a
1533 4686 1768 4727 summo
1809 4669 1980 4734 bono,
2012 4668 2104 4725 cui
2144 4669 2388 4726 debetur

961 4781 1133 4838 poena
1179 4759 1402 4826 damni,
1455 4760 1652 4824 19313’,
1701 4758 1886 4824 51οΑ,
1927 4756 2244 4820 materiale,
2283 4772 2386 4814 seu

961 4852 1260 4912 conversio
1288 4852 1362 4908 ad
1391 4851 1613 4906 bonum
1640 4846 2074 4911 commutabile,
2097 4845 2192 4903 cui
2222 4846 2389 4904 debe-

959 4949 1058 5002 tur
1087 4959 1259 5017 poena
1287 4957 1509 5005 sensus,
1544 4939 1646 4995 193
1664 4938 1741 5004 Β’,
1771 4937 1880 4993 510
1894 4939 1958 4993 Α.
1994 4969 2058 4978 -
2089 4937 2264 4993 Aliud
2302 4940 2388 4994 est

961 5037 1264 5109 peccatum
1315 5045 1596 5102 personae,
1627 5029 1782 5100 quod
1831 5026 2123 5100 peccantis
2164 5028 2385 5083 bonum

960 5123 1150 5182 aufert
1181 5119 1483 5194 personale
1521 5122 1579 5176 et
1619 5117 1878 5191 peccanti
1917 5119 2148 5174 tantum
2194 5115 2387 5188 impu-

958 5216 1135 5277 tatur,
1187 5211 1290 5266 451
1311 5211 1376 5273 Α,
1417 5207 1579 5265 aliud
1627 5210 1927 5279 peccatum
1976 5209 2221 5272 naturae,
2271 5221 2385 5278 quo

961 5300 1256 5379 peccantis
1301 5299 1480 5356 etiam
1537 5299 1692 5354 dona
1748 5300 1972 5354 naturae
2016 5295 2382 5361 auferuntur,

2571 654 2771 720 451Α;
2828 657 2902 711 ad
2969 657 3285 728 utrumque
3339 655 3659 730 requiritur
3707 656 3967 722 voluntas.

2572 742 2690 799 sive
2738 743 3006 801 voluntas
3051 761 3331 818 personae,
3374 749 3441 802 ut
3488 746 3547 802 in
3598 749 3823 819 peccato
3858 764 3971 819 per·

2572 848 2749 898 sonae,
2781 832 2899 890 sive
2927 834 3196 892 voluntas
3226 835 3283 891 in
3314 839 3545 902 natura,
3578 839 3645 892 ut
3672 835 3731 891 in
3760 839 3970 908 peccato

2572 925 2816 986 naturae,
2860 924 3041 979 1930.
3073 956 3147 966 -
3176 925 3269 996 Cf.
3300 924 3537 982 Malum.

2640 1012 2949 1068 Peccatum
3006 1013 3291 1086 originale
3337 1017 3424 1071 est
3469 1013 3715 1086 privatio
3757 1013 3973 1085 iustitis}

2572 1100 2873 1173 originalis
2914 1102 3123 1158 debitoe
3160 1103 3365 1168 inesse,
3410 1104 3588 1168 1911),
3616 1104 3793 1160 4501).
3824 1135 3881 1145 -
3916 1105 3973 1160 ln

2573 1191 2759 1246 Adam
2808 1190 2918 1247 fuit
2966 1195 3266 1264 peccatum
3316 1193 3561 1258 actuale,
3602 1193 3975 1249 damnationis

2572 1283 2804 1335 aeternae
2844 1279 3233 1348 meritorium,
3269 1283 3445 1347 192Α,
3485 1281 3659 1346 1961),
3694 1285 3975 1354 peccatum

2572 1367 2889 1440 personale,
2914 1369 2973 1425 in
3000 1374 3285 1442 quantum
3318 1374 3655 1443 peccantem
3686 1387 3971 1443 personam

2570 1457 2803 1531 proprio
2860 1459 3013 1515 bono
3068 1460 3333 1532 privavit,
3382 1464 3439 1517 et
3484 1463 3783 1532 peccatum
3824 1464 3977 1516 natu-

2567 1546 2708 1612 rale,
2752 1546 2813 1604 in
2853 1551 3142 1621 quantum
3183 1549 3461 1607 collatum
3502 1551 3726 1606 naturoe
3769 1550 3973 1606 donum

2568 1635 2825 1704 abstulit,
2884 1638 2992 1694 450
3010 1639 3107 1706 0’;
3159 1637 3220 1694 in
3268 1639 3513 1711 posteris
3560 1641 3649 1695 est
3692 1642 3976 1710 peccatum

2568 1727 2813 1792 naturae,
2828 1725 2966 1798 quia
2996 1727 3290 1785 voluntate
3320 1727 3578 1800 parentis
3608 1731 3826 1784 naturae
3853 1744 3975 1783 con-

2569 1813 2759 1886 tingit,
2794 1816 2971 1880 1931),
3004 1819 3059 1872 et
3090 1833 3193 1889 per
3220 1816 3490 1873 accidens
3519 1819 3815 1888 peccatum
3861 1833 3979 1888 per-

2570 1919 2747 1969 sonoe,
2780 1903 2840 1960 in
2871 1907 3157 1978 quantum
3193 1923 3441 1978 persona
3468 1905 3641 1962 talem
3682 1905 3851 1962 habet
3884 1922 3975 1962 na·

2568 1995 2783 2059 turam,
2820 1994 2922 2050 193
2938 1994 3038 2060 A'3
3070 1997 3127 2051 et
3157 1994 3299 2068 ipsis
3335 1995 3678 2068 imputatur,
3709 2011 3822 2051 non
3859 1997 3975 2050 tan·

2569 2099 2745 2154 quam
2805 2083 3107 2155 personale
3162 2088 3483 2156 peccatum,
3538 2086 3639 2141 192
3656 2088 3713 2149 Α,
3770 2085 3869 2142 sed
3920 2083 3973 2140 in

2570 2177 2857 2245 quantum
2900 2173 3256 2246 participant
3292 2179 3566 2232 naturam
3608 2176 3759 2239 Adae,
3790 2174 3973 2238 4503’,

2570 2266 2627 2319 et
2654 2279 2861 2320 omnes
2888 2280 2992 2320 suo
3022 2265 3197 2320 modo
3228 2263 3463 2320 fuerunt
3502 2263 3563 2319 in
3605 2264 3805 2324 Adam,
3836 2263 3977 2320 velut

2569 2350 2629 2407 in
2670 2352 2883 2418 radice,
2919 2353 3018 2408 191
3038 2352 3120 2418 D’,
3151 2353 3252 2408 451
3271 2353 3331 2418 Β,
3362 2352 3543 2418 4520,
3576 2355 3675 2408 aut
3708 2356 3973 2424 tanquam

2568 2441 2835 2497 membra
2873 2441 3051 2498 unius
3088 2441 3365 2514 corporis,
3404 2441 3603 2508 4500’,
3642 2441 3852 2507 4520“;
3884 2457 3977 2497 nec

2568 2529 2800 2602 injuste,
2838 2529 2975 2603 quia
3004 2546 3120 2586 non
3164 2531 3350 2604 privat
3384 2546 3483 2588 eos
3528 2532 3677 2587 bono
3713 2529 3975 2587 naturali-

2567 2622 2656 2676 ter
2700 2618 2811 2674 sibi
2851 2620 3063 2684 debito,
3106 2621 3207 2676 sed
3246 2620 3781 2694 supernaturalibus
3820 2622 3976 2676 dum·

2568 2712 2732 2766 taxat
2758 2713 2815 2767 et
2844 2709 3132 2783 gratuitis,
3168 2711 3269 2768 192
3284 2713 3349 2774 Α,
3382 2728 3515 2784 quoe
3543 2711 3627 2768 eis
3662 2711 3809 2768 Deus
3844 2727 3973 2784 prae-

2566 2799 2823 2865 stitisset,
2880 2800 2928 2854 si
2985 2800 3183 2857 fideles
3246 2801 3601 2859 mansissent
3660 2800 3835 2874 primi
3886 2817 3975 2873 pa-

2567 2892 2779 2954 rentes,
2832 2889 2935 2944 192
2952 2889 3011 2944 Β.
3052 2920 3121 2932 -
3172 2890 3235 2945 ln
3280 2893 3568 2962 quantum
3612 2892 3696 2948 est
3742 2889 3971 2961 privatio

2558 2977 2823 3052 justitioe,
2839 2994 3027 3035 unum
3048 2981 3136 3035 est
3163 2981 3221 3034 et
3248 2977 3309 3034 in
3338 2977 3555 3035 animae
3579 2979 3825 3036 essentia
3850 2976 3973 3034 resi-

2569 3069 2682 3132 det,
2717 3068 2917 3134 1920;
2951 3067 3011 3122 in
3043 3070 3332 3140 quantum
3364 3067 3859 3124 damnificativum
3894 3069 3970 3122 est

2568 3159 2813 3222 naturae,
2846 3156 3153 3228 multiplex
3180 3158 3284 3221 est,
3319 3157 3422 3212 192
3438 3157 3522 3222 Α’,
3554 3161 3610 3214 et
3646 3157 3705 3213 in
3745 3158 3973 3228 quatuor

2566 3245 2781 3302 animae
2824 3245 3048 3303 viribus
3094 3245 3273 3303 situm
3322 3249 3428 3312 est,
3464 3246 3657 3311 192132
3689 3263 3817 3319 quae
3850 3245 3971 3301 inde

2565 3335 2966 3399 vulnerantur,
2999 3351 3211 3407 nempe
3248 3335 3415 3398 ratio,
3448 3335 3719 3392 voluntas
3754 3338 3809 3392 et
3842 3337 3972 3390 uter-

2567 3441 2678 3496 que
2704 3424 2995 3497 appetitus
3022 3424 3330 3490 sensibilis,
3356 3425 3459 3482 192
3471 3425 3554 3490 Α’,
3577 3424 3831 3483 maxime
3856 3440 3971 3481 con-

2566 3512 2923 3586 cupiscibilis
2950 3515 3007 3569 et
3046 3512 3131 3568 vis
3173 3514 3521 3586 generativa,
3557 3514 3753 3570 19213’.
3786 3545 3848 3556 -
3876 3513 3970 3568 110-

2568 3601 2747 3658 minis
2794 3601 3262 3674 supernaturalia
3318 3604 3375 3658 et
3428 3601 3684 3674 gratuita
3735 3600 3966 3666 abstulit,

2572 3693 2741 3756 1880,
2778 3691 2979 3755 1921)’,
3013 3691 3307 3748 naturalia
3352 3691 3549 3764 aliquo
3602 3694 3775 3748 modo
3818 3690 3964 3752 laesit,

2567 3781 2737 3846 1880,
2772 3779 2910 3854 quia
2938 3784 3188 3853 quatuor
3216 3781 3388 3838 habet
3416 3781 3808 3838 consectaria:
3830 3781 3969 3853 igno-

2565 3870 2837 3934 rantiam,
2883 3869 3189 3936 malitiam,
3230 3869 3763 3943 concupiscentiam
3805 3873 3859 3926 et
3895 3867 3969 3924 in·

2568 3959 2925 4022 firmitatem,
2969 3959 3183 4025 192Α’;
3212 3960 3400 4015 varias
3431 3959 3610 4032 hujus
3634 3959 3765 4016 vitae
3791 3973 3966 4031 poenas

2566 4050 2622 4106 et
2662 4047 3020 4105 calamitates
3070 4048 3319 4113 induxit,
3364 4049 3467 4103 192
3483 4049 3565 4113 0’,
3614 4052 3673 4106 et
3718 4047 3965 4104 omnibus

2557 4139 2805 4212 januam
2838 4136 3047 4193 clausit
3074 4136 3348 4209 paradisi,
3367 4137 3565 4205 2051);
3586 4141 3963 4195 verumtamen

2568 4226 2706 4300 quia
2735 4226 2899 4283 nulla
2924 4225 2975 4282 ei
3006 4227 3170 4282 adest
3197 4225 3499 4283 delectatio
3527 4226 3831 4291 sensibilis,
3862 4240 3961 4281 non

2566 4316 2617 4373 ei
2668 4316 2910 4372 debetur
2946 4330 3119 4387 poena
3156 4331 3379 4380 sensus,
3412 4317 3512 4372 sed
3550 4318 3779 4373 tantum
3816 4329 3965 4387 poena

2566 4403 2789 4470 damni,
2828 4403 3034 4473 ,19:302
3085 4405 3142 4460 et
3198 4403 3258 4459 in
3314 4404 3436 4460 solo
3476 4404 3747 4477 originali
3790 4402 3965 4460 defun·

2566 4494 2640 4550 cti
2672 4494 2733 4550 in
2780 4493 2963 4549 limbo
3008 4497 3182 4550 erunt
3226 4495 3445 4566 absque
3490 4495 3749 4552 sensibili
3796 4508 3960 4567 poena,

2569 4582 2821 4640 naturali
2852 4581 3121 4640 felicitate
3151 4584 3426 4650 contenti,
3458 4584 3654 4640 2310’.
3675 4617 3748 4627 -
3772 4581 3965 4640 Passio-

2569 4673 2659 4729 nis
2698 4672 2908 4729 Christi
2958 4672 3167 4730 merito
3218 4672 3473 4731 deletum
3522 4677 3625 4740 est,
3656 4673 3847 4738 205ος
3874 4671 3961 4727 sed

2568 4765 2769 4820 contra
2798 4761 3080 4834 originale
3120 4765 3421 4834 peccatum
3464 4778 3766 4835 nunquam
3803 4758 3961 4817 defuit

2566 4851 2915 4916 remedium,
2956 4851 3136 4917 216Β,
3175 4850 3237 4906 in
3278 4851 3403 4924 lege
3438 4851 3709 4908 videlicet
3745 4855 3958 4914 naturae,

2569 4941 2709 4998 tides
2756 4943 2814 4996 et
2859 4939 3143 4996 sacrificia
3180 4943 3511 5013 parentum,
3540 4941 3718 5006 2160,
3750 4941 3807 4997 in
3855 4939 3959 5011 lege

2566 5029 2797 5101 scripta,
2830 5028 3196 5086 circumcisio
3226 5030 3417 5102 quoad
3449 5046 3675 5101 pueros,
3708 5027 3960 5087 sacrificia

2567 5121 2878 5191 parentum
2944 5121 3137 5190 quoad
3199 5118 3441 5191 puellas,
3504 5120 3677 5185 2160,
3736 5120 3792 5175 in
3853 5117 3957 5188 lege

2566 5206 2919 5279 evangelica,
2956 5206 3287 5279 Baptismus
3326 5209 3521 5279 quoad
3550 5223 3773 5274 omnes,
3798 5203 3952 5262 2163.

2570 5329 2635 5340 --
2691 5299 2769 5353 Ex
2829 5297 3171 5354 immediata
3223 5299 3637 5372 conjunctione
3690 5315 3793 5357 sua
3838 5309 3952 5353 cum
