4300 6259
1061 497 1142 544 ΒΕ
1182 495 1408 543 mum
1451 494 1834 543 cmlsTIANAE
1875 493 2177 550 rumam,
2222 493 2397 542 mmm
2441 496 2479 541 1.
2526 513 2606 526 -·-
2646 496 2785 542 Aur.
2830 497 2977 542 XXIV

3451 474 3571 540 257

461 662 644 726 calor
688 665 992 746 univoce)
1037 685 1052 729 ε
1096 667 1366 749 ideoque
1411 665 1494 729 oh
1537 665 1962 728 secundorum
1998 663 2049 726 A
2079 665 2183 738 sit,
2206 683 2331 728 non
2362 673 2459 728 est
2492 686 2705 730 meum
2737 666 3179 730 determinare.
3206 665 3333 728 Hoc
3364 665 3572 728 solum

459 779 498 820 a
543 761 757 843 primo
798 763 1190 838 distantiam,
1223 781 1352 827 non
1395 771 1494 826 est
1537 765 1616 826 de
1659 763 1754 826 eis
1795 761 1966 824 idem

459 857 708 940 aliquid
749 860 1024 924 univoce
1063 861 1344 924 dicibile.

544 956 667 1018 Sed
707 957 872 1020 scire
909 958 1229 1032 convenit,
1261 958 1432 1042 quod
1480 957 1791 1038 analogia,
1826 975 1967 1038 quae

461 1071 592 1116 non
644 1063 742 1116 est
787 1056 912 1119 nisi
961 1058 1115 1120 ordo
1163 1075 1276 1119 seu
1325 1056 1632 1119 habitudo
1683 1055 1964 1138 plurium

461 1153 542 1214 ad
586 1172 810 1226 unum,
843 1172 974 1216 uno
1015 1153 1201 1218 modo
1235 1154 1584 1216 attenditur
1611 1153 1964 1216 secundum

465 1249 1024 1332 participationem
1063 1258 1304 1314 naturae
1344 1251 1409 1312 in
1448 1250 1718 1312 diversis
1753 1270 1766 1314 :
1801 1251 1968 1314 sicut

464 1347 546 1411 de
596 1347 950 1411 substantia
993 1358 1057 1412 et
1104 1349 1434 1413 accidente
1481 1368 1594 1411 ens
1639 1349 1966 1431 analogice

463 1445 858 1508 enuntiatur.
893 1447 1052 1510 Vera
1095 1448 1292 1520 enim,
1325 1448 1622 1531 quamvis
1660 1449 1872 1510 tenuis
1905 1455 1968 1510 et

463 1542 802 1616 deficienS‚
835 1545 1067 1606 entitas
1099 1546 1163 1606 in
1203 1545 1642 1608 accidentibus
1677 1553 1774 1606 est
1807 1563 1820 1606 ε
1855 1565 1968 1608 ens

461 1642 642 1703 enim
673 1659 824 1704 vere
853 1651 916 1704 et
947 1649 1121 1704 extra
1150 1643 1432 1705 animam
1465 1643 1530 1704 in
1561 1643 1782 1704 decem
1821 1661 1972 1724 prae-

463 1739 828 1802 dicamenta
876 1741 1166 1822 partitur.
1213 1741 1506 1804 Secundo
1547 1748 1784 1812 autem,
1816 1741 1972 1802 ordo

2077 760 2537 826 affirmandum
2586 765 2907 838 existimo,
2952 765 3014 826 id
3068 765 3133 826 in
3183 780 3313 846 quo
3358 763 3577 825 divina

2077 868 2303 922 natura
2346 861 2600 943 plenius
2646 862 2917 943 refulget
2962 863 3027 924 in
3076 861 3326 936 creatiS,
3373 860 3575 922 fonta-

2078 977 2237 1020 num
2294 967 2359 1020 et
2417 959 2697 1041 primum
2758 960 2991 1024 divinae
3052 968 3293 1023 naturae
3339 977 3575 1022 nomen

2081 1055 2447 1136 ponendum
2489 1055 2623 1120 fore
2658 1074 2671 1119 ε
2706 1057 3009 1140 quoniam
3051 1057 3403 1120 secundum
3442 1074 3575 1118 om-

2079 1153 2185 1214 nia
2222 1154 2607 1228 antehabita,
2650 1173 2859 1238 neque
2910 1154 3321 1218 nominabilis
3367 1173 3577 1237 neque

2077 1251 2527 1332 cognoscibilis
2564 1261 2661 1316 est
2700 1273 2737 1316 a
2777 1252 2963 1316 nobis
3007 1254 3195 1326 Deus,
3228 1251 3353 1314 nisi
3396 1259 3468 1314 ut
3510 1252 3575 1315 in

2078 1350 2379 1413 secundis
2416 1350 2793 1432 resultantia
2832 1351 3123 1433 quaedam
3164 1358 3261 1413 est
3302 1368 3432 1413 suae
3475 1368 3579 1412 ex-

2079 1449 2403 1511 sistentiae.
2424 1449 2793 1532 Quanquam
2827 1467 2979 1512 vero
3008 1447 3319 1532 quidquid
3354 1449 3417 1510 in
3450 1448 3579 1511 Deo

2079 1554 2199 1618 est,
2240 1547 2323 1608 sit
2370 1554 2595 1609 natura
2644 1547 2807 1628 ejus,
2853 1548 3067 1630 aptius
3115 1555 3326 1609 tamen
3376 1546 3578 1610 divini

2075 1661 2221 1706 6556
2266 1652 2487 1707 natura
2536 1646 2657 1707 sub
2704 1645 3090 1728 quibusdam
3140 1645 3579 1727 appellationi-

2081 1741 2199 1804 bus
2228 1749 2291 1804 et
2320 1743 2515 1805 scitur
2544 1751 2607 1806 et
2635 1744 3018 1825 exprimitur
3047 1761 3237 1824 quarn
3268 1741 3383 1805 sub
3412 1742 3577 1816 aliia,

459 1837 612 1900 talis
650 1835 1018 1918 analogicus
1046 1857 1174 1902 non
1209 1839 1564 1901 secundum
1597 1846 1839 1901 naturae
1871 1857 1972 1901 ve·
2002 1841 2048 1904 B
2083 1860 2283 1923 quum
2336 1841 2667 1924 limpidius
2710 1842 2929 1904 divina
2974 1841 3285 1924 perfectio
3330 1842 3394 1903 in
3440 1842 3579 1924 qui—

467 1953 608 1996 ram
640 1936 1310 2011 communicationem,
1333 1937 1444 1999 sed
1474 1937 1826 1999 secundum
1860 1955 1970 2018 pu-

465 2052 610 2095 ram
640 2033 1080 2097 habitudinem
1123 2035 1656 2117 pensaturzsicut
1697 2034 1970 2096 militare

465 2131 712 2194 dicitur
739 2132 818 2194 de
845 2133 1558 2208 homine‚freno,armis
1585 2141 1648 2196 et
1677 2148 1856 2215 equo.
1874 2133 1976 2194 Se·

467 2230 756 2292 cundum
787 2230 948 2293 hanc
981 2231 1194 2313 itaque
1231 2231 1608 2312 analogiam,
1641 2231 1720 2292 de
1751 2231 1878 2292 Deo
1908 2237 1972 2292 et

415 2378 432 2390 .
470 2328 780 2390 secundis
819 2329 1040 2390 eadem
1081 2346 1206 2391 non
1249 2329 1572 2402 dicuntur,
1604 2335 1674 2390 ut
1711 2329 1970 2390 demon-

467 2434 748 2490 stratum
801 2433 916 2488 est.
969 2426 1136 2489 Talis
1184 2444 1440 2509 quoque
1485 2426 1776 2506 analogia
1823 2445 1972 2488 vera

461 2524 896 2607 aequivocatio
922 2533 1038 2598 est,
1071 2543 1272 2607 quum
1303 2525 1385 2586 sit
1417 2525 1550 2587 illic
1581 2525 1742 2587 ratio
1781 2525 1975 2586 maxi-

463 2643 576 2686 me
625 2623 892 2685 diversa.
927 2623 1190 2696 RursuS,
1221 2631 1318 2686 est
1360 2623 1760 2705 aequivocum
1801 2642 1838 2684 a
1877 2641 1974 2684 ca·

459 2729 652 2796 su‚et
681 2722 746 2782 in
777 2719 1158 2802 significatis
1189 2739 1302 2803 per
1333 2721 1544 2803 ipsum
1575 2721 1792 2783 nullus
1822 2721 1977 2784 ordo

457 2820 822 2882 attenditur
865 2818 1056 2881 unius
1100 2819 1176 2880 ad
1219 2819 1428 2896 aliud;
1473 2819 1582 2882 sed
1627 2819 1692 2880 in
1737 2819 1830 2882 eis
1874 2838 1978 2881 na·

459 2927 620 2980 tura
648 2918 1002 2980 secundum
1035 2918 1326 2979 eamdem
1367 2917 1678 2979 rationem
1709 2936 1848 2979 esse
1879 2935 1980 2998 po-

2083 1939 2351 2001 busdam
2383 1941 2807 2003 secundorum
2850 1939 3241 2002 bonitatibus
3283 1958 3586 2022 expressa

2085 2037 2169 2100 sit
2196 2055 2389 2120 quam
2430 2039 2495 2100 in
2533 2039 2695 2100 aliis.
2732 2040 2947 2121 ltaque
2978 2038 3211 2100 divinae
3250 2037 3583 2120 perfectio-

2086 2135 2187 2197 nis
2236 2135 2567 2218 plenitudo
2614 2144 2680 2198 et
2724 2144 2948 2198 natura
3006 2135 3116 2198 Dei
3178 2153 3291 2216 per
3348 2152 3583 2197 nomen

2087 2233 2389 2296 bonitatis
2419 2232 2765 2296 sublimius
2796 2233 3101 2315 explicari
3133 2233 3403 2295 videtur.

2167 2331 2380 2405 Porro,
2421 2350 2621 2414 quum
2674 2351 2813 2394 6556
2864 2330 2955 2393 rei
3006 2331 3087 2393 sit
3132 2331 3381 2394 bonitas
3420 2330 3583 2411 ejus,

2088 2448 2461 2512 rursusque,
2498 2430 2659 2492 nihil
2702 2431 2785 2493 sit
2824 2430 2922 2492 vel
2957 2429 3305 2512 appetibile
3346 2429 3447 2491 vel
3487 2429 3587 2491 sui

2088 2525 2495 2602 diffusivum,
2548 2528 2671 2590 nisi
2733 2528 3087 2590 secundum
3138 2528 3307 2610 quod
3356 2535 3473 2600 est,
3524 2534 3590 2588 et

2091 2626 2345 2698 iterum,
2378 2625 2543 2708 aequi
2586 2625 2865 2687 ambitus
2898 2626 3027 2686 sint
3055 2643 3169 2686 ens
3208 2633 3273 2687 et
3309 2625 3586 2705 bonum3

2087 2723 2295 2806 quoad
2362 2732 2741 2806 praesentem
2810 2723 3295 2805 inquisitionem
3361 2741 3587 2805 parum

2087 2821 2283 2884 refert
2312 2841 2393 2883 an
2423 2820 2664 2883 bonum
2703 2828 2813 2882 aut
2850 2839 2991 2882 esse
3022 2820 3338 2894 divinum,
3373 2839 3487 2883 ens
3526 2829 3591 2884 et

2087 2927 2381 2982 naturam
2412 2919 2553 3000 ejus
2586 2919 2889 3002 primaeve
2922 2919 3229 2981 nominet.
3254 2918 3347 2982 Ob
3378 2920 3590 3001 singu-

459 3025 598 3080 test
636 3034 650 3078 :
695 3024 766 3078 ut
805 3017 870 3079 in
917 3014 1178 3078 animali
1225 3015 1497 3077 latrabili
1547 3023 1610 3076 et
1658 3016 1832 3096 pisce
1883 3022 1980 3076 est
2013 3017 2056 3080 C
2089 3017 2253 3080 lares
2294 3025 2503 3079 tamen
2544 3023 2605 3078 et
2644 3015 3087 3099 appropriatas
3132 3016 3433 3089 rationeS,
3476 3017 3589 3079 Dei

459 3117 638 3180 ratio
665 3135 788 3177 una
815 3115 1160 3197 generiam
1192 3132 1304 3195 per
1335 3131 1562 3176 nomen
1591 3113 1765 3175 canis
1795 3113 1981 3194 aequi-

457 3232 632 3277 voce
661 3213 1128 3295 significantur.
1146 3212 1270 3274 Hac
1299 3221 1514 3275 autem
1545 3211 1980 3295 aequivocatio-

457 3332 550 3376 ne
581 3313 664 3374 de
693 3313 820 3374 Deo
849 3319 913 3374 et
941 3311 1233 3374 secundis
1263 3311 1482 3374 eadem
1513 3328 1636 3373 non
1665 3311 1974 3384 dicuntur,

461 3411 780 3494 quoniam
823 3409 1266 3472 habitudinem
1297 3409 1375 3471 ad
1407 3409 1684 3472 invicem
1717 3408 1970 3471 habent.

831 3655 1322 3721 ARTICULUS
1367 3655 1615 3721 XXIV.

679 3807 864 3875 Quod
907 3813 1155 3864 natura
1197 3806 1324 3868 Dei
1369 3806 1454 3864 sit
1504 3805 1772 3864 bonitas

345 4040 358 4049 -
407 4069 422 4078 ,
469 4001 668 4167 UT
712 4009 926 4064 autem
977 3999 1314 4082 Dionysius
1362 3999 1471 4072 ait,
1523 3999 1804 4081 primum
1866 3997 1976 4061 Dei

405 4133 420 4142 -
651 4120 690 4162 n

693 4116 880 4163 omen
914 4107 1012 4161 est
1041 4097 1306 4160 Bonum.
1345 4095 1418 4159 Et
1445 4104 1542 4160 est
1583 4097 1646 4160 in
1690 4098 1810 4160 hoc
1842 4097 1978 4180 ipse

2090 3123 2312 3177 natura
2342 3114 2591 3177 bonitas
2622 3123 2732 3177 est.
2748 3114 2978 3176 Natura
3008 3114 3247 3196 quippe
3278 3113 3368 3176 rei
3402 3115 3463 3177 id
3494 3122 3599 3176 est‘

2085 3233 2122 3275 a
2153 3231 2281 3295 quo
2310 3211 2725 3275 nobilissimae
2747 3220 2811 3274 et
2834 3211 3355 3292 singularissimae
3388 3212 3591 3294 ipsius

2089 3311 2509 3394 proprietates
2540 3317 2857 3374 emanant.
2884 3309 3245 3372 Secundum
3278 3310 3589 3373 rationem

2087 3428 2241 3472 vero
2270 3409 2446 3482 boni,
2478 3409 2897 3472 excellentius
2932 3407 3058 3470 Deo
3088 3407 3479 3471 conveniunt
3516 3427 3591 3472 ea

2090 3528 2231 3590 quae
2281 3507 2403 3590 ipsi
2454 3507 2781 3569 dumtaxat
2838 3513 2903 3568 et
2960 3505 3367 3568 notionaliter
3422 3507 3593 3569 attri-

2089 3605 2395 3668 buuntur.
2450 3605 2695 3668 Bonum
2756 3604 2931 3666 enim
2991 3611 3087 3666 est
3145 3604 3315 3685 quod
3374 3605 3591 3667 omnia

2088 3710 2421 3786 appetunt,
2475 3700 2827 3764 secundum
2878 3718 3099 3763 omnes
3148 3697 3607 3784 philosophos?

2088 3801 2391 3864 Divinum
2460 3807 2671 3862 autem
2731 3817 2870 3862 6556
2928 3800 3178 3861 cunctis
3237 3799 3587 3882 appetibile

2089 3907 2207 3971 est,
2248 3906 2552 3980 tanquam
2601 3897 2811 3959 omnis
2860 3915 2999 3959 esse
3047 3905 3109 3958 et
3158 3895 3588 3961 subsistentiae

2089 3997 2621 4060 conservativum.
2684 3994 2919 4056 Natura
2981 4011 3130 4074 ergo
3192 3993 3302 4056 Dei
3366 3995 3587 4075 cogni-

2089 4096 2219 4158 tive
2268 4093 2518 4158 bonitas
2579 4099 3007 4174 nuncupatur.
3063 4091 3377 4173 AmpliuS,
3432 4092 3585 4156 boni

461 4197 946 4264 Platonicorum
979 4195 1207 4268 fautor,
1239 4195 1349 4278 qui
1391 4213 1718 4258 summum
1751 4195 1976 4270 Deum,
2009 4199 2058 4262 D
2090 4192 2446 4277 proprietas
2496 4173 2607 4253 est'
2642 4188 3285 4252 communicabilitaS.
3320 4191 3387 4253 Id
3436 4209 3587 4272 ergo

461 4297 750 4363 idealem
781 4294 1080 4358 dicebant
1108 4293 1482 4366 bonitatem,
1517 4302 1826 4376 ponentes
1868 4312 1980 4376 per

457 4416 540 4462 se
571 4413 694 4458 ens
733 4393 796 4455 in
837 4392 1118 4456 seeundo
1156 4392 1422 4455 deorum
1465 4389 1708 4454 ordine.
1742 4391 1978 4454 Aristo-

457 4495 674 4558 telem
723 4499 936 4554 autem
995 4489 1292 4564 assecuti,
1354 4509 1467 4553 ens
1529 4497 1774 4572 ponunt
1832 4498 1978 4553 ante

457 4594 742 4658 bouum.
777 4589 1114 4670 Propterea
1157 4587 1324 4650 inter
1365 4587 1804 4669 theologorum
1849 4589 1978 4651 exi-

459 4691 648 4756 mios
691 4695 790 4752 est
833 4686 1164 4750 dissensio,
1217 4687 1644 4749 Damascenus
1691 4685 1866 4749 enim
1913 4693 1978 4749 et

457 4787 782 4860 Hilarius»,
845 4786 1000 4848 Esse
1061 4803 1175 4846 seu
1234 4783 1352 4858 Qui
1401 4791 1518 4858 est,
1571 4783 1854 4866 primum
1915 4791 1978 4848 et

455 4887 718 4952 divinae
765 4892 1008 4948 naturae
1066 4882 1422 4965 principale
1469 4899 1702 4945 nomen
1751 4884 1980 4946 consti·

459 4982 1067 5065 tuunt..Dionysius
1096 4999 1249 5044 vero
1276 4989 1340 5044 et
1368 4981 1540 5044 Plato
1573 4999 1720 5043 cum
1752 4981 1979 5044 Stoicis

457 5094 536 5152 et
581 5084 807 5148 Proclo
849 5080 1191 5154 Platonico,
1235 5079 1480 5143 Bonum
1525 5079 1704 5142 aiunt
1749 5080 1981 5143 divinae

457 5193 724 5252 naturae
757 5178 1300 5264 perfectissimum
1331 5185 1393 5241 et
1423 5178 1832 5261 primordiale
1871 5195 1980 5241 no·

457 5303 654 5354 men.
687 5281 852 5357 Quid
878 5285 1096 5342 autem
1126 5277 1354 5341 horum
1395 5277 1598 5359 magis
1629 5278 1976 5341 tenendum

734 5415 799 5466 T.
837 5414 924 5466 33.

2089 4292 2260 4376 quod
2304 4289 2751 4353 universaliter
2788 4297 2853 4352 et
2890 4287 3213 4351 fontaliter
3249 4290 3350 4353 sui
3393 4290 3590 4354 diffu-

2089 4393 2299 4454 sivum
2344 4397 2462 4464 est,
2508 4387 3071 4451 vehementissime
3110 4395 3173 4450 et
3216 4389 3590 4453 naturaliter

2089 4490 2332 4554 bonum
2381 4495 2477 4550 est
2524 4505 2538 4550 :
2586 4487 2752 4550 Deus
2800 4493 3013 4548 autem
3064 4495 3321 4550 sanctus
3371 4496 3433 4552 et
3482 4507 3587 4552 ex-

2090 4589 2322 4662 celsuS,
2376 4585 2667 4650 omnium
2726 4603 2915 4646 causa
2977 4591 3073 4646 est
3132 4593 3195 4648 et
3252 4585 3585 4650 fontanum

2088 4687 2327 4750 lumen.

2169 4784 2479 4865 Denique,
2528 4781 2887 4864 perfectum
2938 4789 3035 4843 est
3083 4782 3253 4863 quod
3300 4782 3419 4846 fini
3468 4802 3585 4849 suo

2088 4883 2277 4967 plene
2308 4883 2725 4962 conjunctum
2759 4886 2892 4941 est:
2918 4877 3069 4940 finis
3102 4879 3294 4960 igitur
3322 4889 3417 4942 est
3447 4902 3587 4964 per-

2087 4981 2385 5045 fectionis
2414 4979 2593 5041 ratio.
2618 4978 2865 5039 Bonum
2895 4983 3109 5038 autem
3141 4985 3204 5038 et
3233 4976 3386 5040 finis
3416 4982 3592 5043 eoin-

2089 5081 2335 5153 cidunt,
2365 5076 2717 5140 secundum
2749 5074 3153 5137 Aristotelem
3188 5075 3251 5137 in
3282 5077 3584 5161 Physicis.

2091 5179 2201 5241 Est
2250 5177 2443 5258 igitur
2490 5175 2741 5238 bonitas
2790 5173 2951 5234 ratio
3003 5173 3413 5255 perfectionis
3474 5180 3583 5242 rei.

2092 5277 2221 5340 Soli
2272 5292 2424 5339 vero
2480 5273 2609 5336 Deo
2666 5271 2975 5354 competit
3020 5272 3402 5356 simpliciter
3450 5297 3592 5360 per·

3280 5409 3337 5460 17
