4300 6259
840 507 1264 557 nummario
1302 503 1703 554 memores.
1748 521 1827 532 —
1868 502 1949 550 na
1989 503 2406 554 monument.
2443 505 2654 554 annun
2691 506 2735 553 A
2777 505 2896 554 nso
3317 487 3436 554 159

330 688 686 746 mentorum
728 681 937 744 adhuc
980 678 1337 754 confusam,
1378 676 1815 750 commixtam,
1846 675 1899 740 A
1928 674 2087 738 alios
2118 675 2335 759 plures
2369 694 2384 738 ε
2419 693 2546 740 non
2587 675 2738 759 quia
2775 675 2952 740 omni
2993 674 3270 739 caruerit
3307 673 3432 737 for-

328 787 389 842 et
429 780 715 842 nondum
756 787 1064 844 ornatam.
1114 779 1349 842 Eadem
1403 793 1659 860 quoque
1714 774 1817 836 die

328 877 591 940 formata
644 884 744 939 est
800 876 931 950 lux,
984 877 1051 938 id
1096 883 1194 939 est
1238 873 1595 938 substantia
1640 871 1815 944 solis,

328 976 607 1038 nondum
638 975 1105 1057 plenitudinem
1136 993 1268 1037 suae
1296 971 1821 1042 luciditatis,cau-

326 1073 589 1136 salitatis
624 1080 817 1155 atque
854 1073 1112 1135 virtutis
1150 1071 1372 1135 sortita
1414 1087 1429 1130 :
1471 1087 1631 1152 quas
1668 1086 1820 1149 quo-

328 1173 493 1234 niam
519 1171 623 1233 die
652 1179 877 1253 quarta
902 1190 939 1232 a
958 1169 1249 1233 Creatore
1278 1167 1581 1248 suscepit,
1601 1172 1821 1248 quarta

98 1283 301 1332 Gen-1¹⁴-
326 1270 425 1332 die
472 1269 641 1332 facta
688 1268 1061 1350 perhibetur
1110 1265 1373 1332 Genesis
1436 1265 1697 1347 prim03
1754 1270 1820 1326 et

86 1349 135 1388 ¹9-

326 1369 409 1430 ita
454 1367 721 1450 exponit
762 1366 1020 1429 divinus
1064 1372 1129 1428 et
1171 1362 1637 1426 sacratissimus
1680 1361 1819 1424 Dio·

322 1465 537 1548 nysius
565 1465 651 1528 ab
688 1464 979 1548 apostolo
1004 1463 1196 1527 Paulo
1234 1462 1605 1534 instrucfftus
1635 1478 1821 1542 quar-

320 1572 383 1626 to
410 1560 695 1644 capitulo
721 1563 801 1624 de
829 1560 1075 1624 Divinis
1104 1557 1498 1623 nominibus.

394 1660 725 1734 Prfeterea,
768 1678 807 1722 a
846 1659 987 1722 loco
1032 1666 1217 1720 terrae
1255 1675 1397 1739 quae
1446 1657 1510 1719 in
1560 1655 1689 1718 imo
1729 1653 1819 1735 ja-

319 1758 519 1830 cebat,
550 1758 680 1820 alia
716 1757 839 1820 tria
875 1756 1193 1820 elementa
1231 1761 1411 1817 erant
1448 1754 1816 1826 commixta,

1932 793 2057 848 ma,
2088 794 2289 857 quum
2333 775 2584 838 nullum
2627 793 3002 858 corporeum
3047 774 3187 838 sine
3229 774 3434 839 forma

1931 871 2238 936 exsistere
2267 874 2493 947 valeat,
2527 875 2635 937 sed
2679 874 2830 957 quia
2869 875 2934 936 in
2974 873 3246 956 quadam
3287 890 3434 935 con-

1929 969 2183 1034 fusione
2213 979 2277 1034 et
2305 973 2730 1055 permixtione
2763 971 3434 1046 subsistenS,nondum

1934 1068 2292 1150 pulchram,
2345 1078 2632 1152 apertam
2689 1077 3032 1154 aptamque
3095 1077 3158 1132 et
3212 1070 3433 1132 distin·

1934 1173 2101 1228 ctam
2130 1175 2466 1248 acceperat
2496 1167 2789 1240 formam,
2836 1168 3090 1249 qualem
3125 1168 3314 1230 modo
3343 1167 3437 1231 vi-

1933 1264 2180 1326 demus.
2204 1264 2488 1347 Denique
2508 1266 2717 1347 prima
2746 1265 2856 1327 illa
2877 1266 3078 1328 moles
3109 1265 3197 1328 ibi
3229 1273 3436 1329 creata

1934 1369 2051 1436 est,
2115 1361 2225 1424 ubi
2287 1363 2476 1426 modo
2532 1363 2804 1426 formata
2874 1364 3184 1426 consistit.
3247 1364 3436 1427 Terra

1935 1477 2190 1542 quoque
2221 1467 2374 1522 tunc
2406 1460 2745 1524 subsidens
2774 1469 2907 1524 erat
2939 1462 3004 1524 in
3039 1461 3249 1524 medio
3281 1462 3433 1536 loco,

1935 1557 2045 1619 ubi
2091 1565 2156 1619 et
2199 1558 2389 1620 modo
2431 1566 2550 1632 est,
2582 1559 2812 1622 ceteris
2855 1559 3060 1622 tribus
3100 1559 3436 1623 elementis

1936 1656 1999 1717 in
2032 1674 2160 1718 una
2189 1655 2564 1719 confusione
2604 1657 2981 1739 permixtis3
3013 1665 3076 1720 et
3107 1666 3288 1721 erant
3316 1659 3436 1720 cir-

1934 1772 2341 1836 cumquaque
2385 1755 2452 1817 in
2498 1755 2758 1819 modum
2805 1755 3056 1820 nebulae
3099 1756 3435 1837 cujusdam

318 1866 377 1920 et
418 1874 629 1938 usque
670 1855 749 1918 ad
794 1854 1029 1918 coelum
1074 1871 1451 1936 empyreum
1495 1851 1677 1934 quasi
1716 1870 1819 1914 va·
1856 1851 1905 1916 Β
1932 1868 2240 1934 oppansa,
2301 1872 2612 1935 suspensa
2667 1860 2859 1936 atque
2917 1861 3232 1936 porrecta,
3282 1871 3435 1936 quo-

320 1953 693 2038 porabiliter
737 1953 937 2016 instar
978 1970 1160 2034 aquae
1205 1956 1518 2033 porrecta,
1564 1956 1819 2012 extenta

320 2062 381 2117 et
408 2053 659 2116 elevata
690 2068 706 2115 :
736 2051 959 2134 sicque
998 2050 1279 2112 secunda
1316 2048 1419 2112 die
1460 2048 1613 2111 lecit
1653 2048 1819 2111 Deus

324 2153 825 2224 firmamentum,
858 2149 922 2212 id
953 2157 1049 2212 est
1085 2148 1323 2212 coelum
1362 2147 1707 2220 stellatum,
1738 2147 1817 2208 ad

324 2249 743 2312 dividendum
802 2255 865 2309 et
930 2245 1345 2309 mediandum
1404 2245 1569 2306 inter
1622 2262 1819 2325 aquas

326 2368 461 2430 quae
500 2354 689 2410 erant
726 2364 919 2428 super
948 2345 1207 2418 coelum,
1240 2350 1305 2406 et
1334 2361 1439 2406 eas
1469 2362 1611 2425 quai
1640 2350 1821 2405 erant

326 2445 443 2510 sub
482 2444 669 2509 coelo.
715 2444 890 2508 Unde
932 2443 1357 2516 concluditur,
1399 2442 1569 2524 quod
1606 2439 1823 2503 sirma-

326 2551 617 2606 mentum
656 2543 738 2604 sit
774 2541 1015 2605 factum
1054 2559 1133 2604 ex
1170 2558 1373 2624 aquea
1412 2538 1522 2602 illa
1561 2539 1825 2602 materia

324 2642 411 2704 sic
466 2640 737 2714 diffusa,
789 2646 853 2702 et
912 2639 1067 2702 item
1116 2638 1471 2701 secundum
1530 2636 1821 2700 divinum

324 2740 719 2823 Dionysium,
770 2738 881 2801 lux
940 2738 1052 2800 illa
1105 2755 1219 2800 seu
1268 2737 1419 2800 solis
1468 2734 1825 2799 substantia

322 2857 396 2901 ex
436 2838 709 2901 materia
749 2843 995 2899 constet
1032 2833 1433 2908 elementari,
1476 2833 1685 2916 prima
1721 2834 1825 2896 die

323 2944 549 3000 creata.
598 2935 835 3017 Sicque
881 2941 1225 2997 tenuerunt
1268 2931 1677 2996 Hebraeorum
1720 2932 1827 2995 do·

1934 1969 2138 2032 usque
2180 1969 2350 2013 nunc
2392 1953 2728 2014 summitas
2773 1969 3091 2036 corporeae
3134 1953 3440 2036 pertingit

1936 2055 2199 2123 naturai,
2255 2049 2315 2111 id
2375 2057 2472 2112 est
2531 2069 2732 2133 usque
2791 2050 2871 2112 ad
2928 2050 3162 2114 eoelum
3222 2069 3440 2134 empy-

1936 2165 2117 2208 reum
2155 2164 2168 2208 :
2203 2166 2344 2229 quae
2375 2149 2640 2210 materia
2669 2149 2732 2211 in
2765 2148 3079 2230 superiori
3121 2149 3219 2211 sui
3260 2157 3440 2231 parte

1938 2245 2159 2318 rarior,
2195 2245 2396 2307 levior
2421 2253 2612 2328 atque
2655 2245 2952 2309 subtilior
2994 2245 3159 2325 fuit3
3191 2247 3270 2310 de
3314 2266 3440 2330 qua

1938 2361 2076 2406 esse
2136 2343 2484 2405 creduntur
2540 2362 2722 2425 aqum
2779 2363 2921 2426 quae
2988 2363 3182 2427 super
3245 2344 3440 2409 coelos

1937 2461 2077 2504 esse
2110 2442 2425 2524 leguntur.
2459 2441 2594 2505 Lux
2625 2460 2880 2525 quoque
2910 2463 3056 2527 quae
3085 2445 3291 2526 prima
3335 2445 3440 2508 die

1939 2542 2170 2622 legitur
2217 2539 2404 2614 facta,
2456 2559 2688 2623 corpus
2739 2540 3026 2604 lucidum
3073 2540 3218 2614 fuit,
3264 2542 3441 2606 velut

1936 2639 2272 2721 splendida
2319 2639 2546 2712 nubes,
2601 2657 2726 2702 non
2785 2639 2864 2702 de
2923 2639 3149 2715 nihilo,
3201 2641 3311 2704 sed
3361 2641 3440 2704 de

1937 2736 2305 2820 praejacenti
2353 2737 2618 2800 materia
2661 2736 2900 2800 factum
2937 2755 2950 2800 ε
2985 2739 3157 2820 quod
3201 2746 3266 2802 et
3305 2757 3440 2802 cre-

1936 2836 2109 2898 ditur
2154 2835 2394 2897 factum
2447 2835 2513 2896 in
2563 2834 2850 2917 partibus
2901 2854 3058 2918 quas
3107 2836 3202 2898 sol
3253 2837 3441 2900 modo

1936 2933 2253 3012 illustrat;
2299 2935 2632 3015 potuitque
2682 2933 2746 2995 in
2794 2934 2979 3015 aquis
3029 2933 3156 2996 illis
3203 2933 3438 3010 lucere,

321 3045 547 3109 ctores,
582 3035 781 3097 etiam
812 3033 905 3096 illi
946 3033 1057 3114 qui
1090 3031 1325 3096 Christi
1364 3036 1829 3114 praecesserunt
1861 3035 1905 3101 C
1936 3051 2079 3114 quae
2122 3031 2327 3094 multo
2368 3030 2632 3094 fuerunt
2675 3031 2944 3094 rariores
2989 3051 3180 3114 quam
3227 3033 3438 3106 modo,

321 3135 688 3198 adventum.
707 3131 883 3194 Unde
912 3137 976 3192 et
1002 3130 1339 3211 Josephus,
1359 3128 1573 3192 fidelis
1603 3145 1825 3192 eorum

324 3230 896 3313 historiographuS,
950 3229 1016 3291 in
1064 3245 1182 3291 suo
1228 3227 1545 3292 Geneseos
1590 3227 1825 3311 primo-

324 3350 445 3414 que
472 3329 951 3411 Antiquitatum
985 3326 1153 3390 libro
1181 3326 1485 3390 disseruit
1516 3326 1623 3388 :ln
1656 3325 1827 3408 prin·

326 3429 493 3511 cipio
538 3427 784 3490 creavit
824 3425 989 3489 Deus
1030 3424 1267 3488 coelum
1311 3431 1375 3486 et
1416 3431 1685 3502 terram3
1718 3423 1829 3485 sed

327 3527 477 3588 dum
519 3533 697 3587 terra
736 3524 815 3586 ad
858 3523 1230 3605 adspectum
1278 3540 1406 3585 non
1452 3521 1721 3594 veniret,
1766 3528 1831 3584 et

326 3623 761 3706 profunditate
810 3639 1123 3703 aquarum
1172 3639 1247 3682 ac
1296 3619 1581 3683 tenebris
1627 3618 1832 3702 operi-

324 3731 517 3796 retur,
544 3722 715 3784 Deus
741 3721 935 3801 jussit
954 3719 1102 3782 fieri
1133 3718 1370 3781 lumen.
1395 3718 1541 3782 Post
1569 3718 1710 3792 hoc,
1736 3737 1832 3780 se-

324 3822 531 3884 cunda
558 3820 690 3894 die,
722 3817 959 3881 coelum
990 3835 1184 3899 super
1213 3816 1430 3880 omnia
1460 3816 1829 3896 collocavit;

324 3926 384 3982 et
444 3919 506 3982 ei
572 3915 949 3999 crystallum
1006 3915 1109 3996 (id
1168 3920 1268 3976 est
1332 3933 1564 3996 aquam
1632 3915 1833 3977 instar

326 4016 605 4100 crystalli
639 4014 942 4094 solidam)
974 4012 1453 4094 circumfigens„
1490 4012 1831 4076 humidum

328 4115 483 4177 illud
513 4123 581 4178 et
612 4112 919 4196 pluviale,
952 4111 1031 4174 ad
1062 4111 1403 4173 utilitatem
1447 4129 1589 4193 quae
1632 4110 1710 4173 fit
1753 4129 1831 4174 ex

330 4213 653 4276 imbribus
690 4219 899 4284 terrae,
930 4227 1211 4290 congrue
1244 4208 1591 4272 fabricatus
1620 4217 1736 4272 est.

406 4313 743 4386 Praeterea‚
775 4309 878 4372 his
922 4308 1181 4390 Josephi
1226 4306 1441 4370 verbis
1485 4315 1835 4370 consonant

117 4435 195 4478 aa
216 4448 263 4478 m
278 4438 306 4480 Α
333 4429 469 4492 quae
500 4409 673 4472 libro
702 4407 985 4470 secundo
1013 4405 1261 4468 inducit
1290 4405 1581 4486 Magister
1618 4425 1695 4468 ex
1735 4405 1833 4468 di-

96 4501 189 4548 ‘²³³
208 4499 308 4542 ¹³¹⁸
330 4510 447 4572 ctis
484 4506 955 4572 catholicorum
994 4512 1489 4586 sanctorumque
1528 4504 1830 4566 Patrum.

96 4565 181 4612 aa:
196 4576 255 4604 xiv

332 4609 559 4682 Simul,
622 4607 946 4688 inquiens,
1006 4603 1364 4666 visibilium
1422 4621 1637 4666 rerum
1706 4621 1834 4665 ma-

329 4707 511 4782 teria,
546 4702 1110 4784 invisibiliumque
1138 4708 1363 4763 natura
1392 4707 1489 4762 est
1528 4701 1829 4764 condita:

334 4804 765 4888 corporalium
813 4801 1071 4884 quidem
1130 4799 1395 4862 materia
1450 4800 1717 4862 confusa
1772 4808 1835 4862 et

335 4905 673 4986 permixta,
726 4900 997 4964 sormam
1049 4897 1451 4960 discretionis
1498 4905 1564 4960 et
1610 4897 1832 4960 distin-

333 5003 565 5066 ctionis
613 5018 741 5063 non
790 4997 1055 5071 habens,
1099 4997 1301 5060 donec
1346 5004 1563 5078 postea
1608 4995 1831 5059 forma-

336 5109 509 5164 retur
566 5109 632 5163 et
688 5098 1021 5162 distinctas
1088 5096 1400 5177 reciperet
1468 5094 1707 5157 formas
1761 5113 1833 5157 ac

328 5201 605 5282 species
638 5199 820 5261 Dicta
846 5203 944 5259 θεῖ
980 5195 1222 5278 quippe
1260 5193 1577 5266 informis,
1610 5212 1835 5256 secun-

336 5301 491 5364 dum
534 5299 1018 5381 Hieronymum,
1062 5293 1461 5376 Gregorium,
1500 5291 1734 5356 Bedam
1772 5301 1837 5356 et

1937 3129 2240 3211 quoniam
2274 3129 2556 3192 nondum
2599 3137 2782 3191 erant
2819 3138 3215 3210 congregatae
3257 3131 3323 3192 in
3355 3130 3442 3193 lo—

1937 3244 2013 3290 co
2058 3245 2202 3290 uno,
2254 3229 2470 3310 ltaque
2519 3227 2760 3290 factum
2810 3235 2906 3290 est
2957 3227 3440 3291 firmamentum

1938 3326 2003 3388 in
2059 3325 2270 3388 medio
2317 3343 2628 3407 aquarum
2671 3343 2684 3386 :
2722 3325 2788 3388 in
2819 3342 2950 3408 quo
2991 3325 3124 3388 fixa
3167 3335 3318 3390 sunt
3359 3327 3440 3389 si-

1937 3425 2128 3502 dera3
2183 3425 2289 3486 cui
2347 3424 2696 3506 suppositae
2746 3431 2894 3486 sunt
2942 3443 3122 3506 aquai
3183 3444 3326 3507 quae
3373 3425 3440 3487 in

1938 3539 2083 3584 aere
2140 3528 2290 3584 sunt
2347 3529 2412 3583 et
2466 3528 2656 3594 terra,
2707 3528 2772 3584 et
2827 3529 2978 3585 sunt
3024 3523 3442 3605 superpositae

1938 3638 2119 3702 aquae
2177 3619 2256 3682 de
2317 3618 2554 3701 quibus
2609 3620 2699 3680 ait
2755 3619 3064 3701 Propheta
3109 3621 3187 3683 ad
3237 3621 3444 3684 Domi-

1940 3736 2097 3780 num
2134 3735 2147 3779 :
2194 3717 2496 3780 Extendis
2539 3717 2774 3780 coelum
2819 3718 2986 3780 sicut
3027 3719 3286 3800 pellem,
3329 3719 3438 3801 qui
3469 3742 3762 3795 pneuma.

1940 3816 2102 3896 tegis
2131 3815 2316 3898 aquis
2347 3815 2677 3896 superiora
2705 3815 2845 3896 ejus
2881 3833 2896 3878 τ
2929 3815 3048 3878 hoc
3081 3824 3177 3878 est
3206 3816 3440 3880 coelum

1942 3915 2287 3985 sidereum,
2321 3913 2492 3996 quod
2530 3914 2608 3975 de
2646 3913 2828 3995 aquis
2867 3913 3146 3976 creditur
3177 3914 3438 3978 lactum.

1942 4011 2360 4095 crystallinus
2400 4013 2636 4074 etenim
2684 4011 2846 4093 lapis
2883 4013 3017 4092 (cui
3065 4032 3294 4095 magna
3333 4013 3443 4075 fir-

1944 4111 2133 4174 mitas
2191 4117 2255 4172 et
2319 4109 2744 4192 perspicuitas
2803 4109 2998 4190 inest)
3054 4117 3302 4174 constat
3366 4130 3443 4175 ex

1860 4214 1912 4278 D
1943 4210 2138 4292 aquis.
2166 4209 2242 4270 Et
2272 4215 2442 4270 certe
2472 4215 2688 4270 auctor
2719 4214 2981 4283 naturae,
3006 4209 3112 4291 qui
3144 4209 3262 4272 sub
3284 4210 3446 4274 coelo

1946 4309 2096 4390 ligat
2138 4327 2334 4389 aquas
2378 4307 2443 4368 in
2491 4305 2794 4380 nubibus,
2830 4313 2902 4368 ut
2938 4325 3064 4370 non
3107 4315 3447 4390 erumpant
3472 4329 3737 4382 :abuma

1943 4406 2137 4469 simul
2182 4406 2503 4478 deorsum,
2538 4411 2746 4486 potest
2787 4413 2851 4467 et
2892 4424 3087 4487 super
3131 4407 3444 4489 sphaeram

1945 4505 2089 4568 coeli
2129 4503 2378 4585 glaciali
2436 4502 2754 4565 soliditate
2792 4522 2988 4586 aquas
3030 4506 3442 4586 suspendere,

1945 4613 2007 4666 et
2051 4622 2131 4666 ne
2179 4602 2406 4676 fluant,
2451 4600 2716 4664 firmare
2762 4619 2776 4664 :
2811 4621 2954 4684 quae
2996 4602 3447 4684 qualitercum-

1944 4721 2069 4784 que
2108 4700 2197 4762 ibi
2242 4699 2393 4772 sint,
2427 4719 2532 4762 eas
2574 4699 2664 4762 ibi
2706 4718 2845 4762 esse
2877 4717 3004 4762 non
3050 4700 3440 4764 dubitamus.

2026 4800 2168 4862 Haec
2201 4817 2402 4882 pauca
2447 4799 2512 4859 in
2553 4797 2835 4860 secundo
2865 4799 3332 4862 Sententiarum
3367 4819 3444 4862 ex
3483 4815 3598 4871 cm.
3611 4813 3738 4870 mi,

1944 4898 2131 4961 dietis
2163 4905 2526 4959 sanctorum
2557 4895 2810 4957 Petrum
2841 4904 2906 4958 et
2941 4896 3270 4960 doctorum
3312 4898 3443 4980 ple·
3471 4892 3516 4934 Ρ·
3532 4878 3720 4924 ⁴⁶⁸²*

1945 4997 2090 5058 nius
2122 4996 2530 5058 continentur
2553 5011 2567 5055 :
2592 5012 2733 5076 quae
2763 4993 3079 5076 praetactis
3101 4995 3444 5077 Scripturae

1946 5093 2264 5157 canonicae
2323 5090 2808 5154 auctoritatibus
2865 5090 3246 5166 fulciunt,ur
3297 5110 3443 5156 con-

1946 5200 2176 5256 sonant
2222 5199 2286 5253 et
2334 5190 2742 5253 concordant.
2793 5190 2966 5253 Unde
3015 5209 3238 5254 rursus
3278 5192 3444 5256 Psal-
3483 5247 3564 5293 Ρ.
3572 5261 3624 5293 cx
3625 5263 3738 5306 vm

1948 5291 2334 5373 mographus
2390 5289 2688 5353 cecinit:
2739 5289 3016 5353 Laudate
3073 5305 3248 5368 eum,
3297 5292 3444 5356 coeli
3471 5315 3514 5366 ⁴,
3535 5315 3578 5358 s.
