4300 6259
848 481 968 546 158
1376 497 1801 547 aramum
1840 496 2240 545 rnaotoe1ca.
2287 515 2366 526 —-
2407 496 2488 543 na
2528 495 2946 546 rnonucrmrm
2985 499 3196 546 nanim
3235 499 3276 546 A
3320 501 3438 547 nae

850 670 1105 733 videtur
1134 668 1475 744 incertum,
1508 691 1589 734 an
1632 669 1883 734 claritas
1924 668 2067 749 ejus
2106 668 2190 732 sit
2219 685 2352 730 cor·
2383 667 2435 731 A

853 768 1055 851 porali
1105 769 1549 851 perceptibilis
1606 771 1770 832 visu.
1825 769 2076 831 Etenim
2126 767 2186 830 S.
2238 767 2351 829 Ba-

850 866 1034 928 silius
1092 867 1156 928 in
1215 867 1403 930 tertio
1459 868 1558 930 sui
1605 867 2038 930 Hexaemeron
2097 865 2354 927 videtur

850 963 1087 1026 sentire
1129 964 1300 1045 quod
1347 964 1498 1038 im0,
1530 963 1865 1026 affirmans
1909 963 2145 1026 eoelum
2192 962 2352 1024 illud

849 1061 1291 1142 superradiare
1324 1060 1546 1124 mobili
1589 1062 1771 1136 coelo,
1806 1079 1925 1123 nec
1955 1068 2170 1123 tamen
2210 1059 2352 1139 ejus

848 1157 1158 1239 fulgorem
1202 1167 1535 1240 penetrare
1590 1160 1708 1222 hoc
1754 1159 1982 1241 ipsum,
2030 1158 2166 1219 sive
2216 1175 2354 1239 pro-

848 1263 990 1338 pter
1010 1255 1214 1338 ipsius
1244 1257 1647 1332 densitatem,
1667 1257 1802 1319 sive
1824 1256 1905 1318 ob
1927 1255 2084 1317 alias
2106 1274 2348 1328 causaS,

846 1373 1007 1438 quas
1061 1372 1255 1436 super
1303 1355 1660 1418 secundum
1704 1353 2178 1417 Sententiarum
2219 1360 2351 1414 tan-

846 1453 939 1534 git
968 1452 1318 1516 Richardus
1352 1470 1367 1515 :
1401 1453 1647 1517 Coelum
1678 1453 1955 1534 (dicens)
1973 1469 2349 1536 empyreum

2859 673 3380 742 PROPOSITIO
3427 675 3570 739 Lx.

2540 863 2880 946 Antiqui
2949 865 3476 935 sacratissimi
3545 865 3970 932 celeberri-

2462 962 2729 1042 mique
2774 964 3136 1031 doctores
3183 965 3580 1046 Eeelealae,
3617 965 3787 1030 tam
3829 965 3968 1030 La-

2461 1059 2618 1124 tini
2647 1074 2889 1140 quam
2919 1060 3198 1141 Omni,
3220 1060 3732 1129 evidentibus
3761 1063 3970 1128 Scri-

2463 1157 2716 1236 pturae
2747 1160 3146 1226 canonicae
3175 1157 3791 1227 auctoritatibus
3810 1173 3969 1225 mo-

2462 1255 2554 1334 ti,
2616 1254 2949 1336 inducti,
3013 1257 3390 1339 convicti,
3456 1257 3970 1324 concorditer

2463 1349 2656 1417 fassi
2709 1354 2923 1434 sunt,
2965 1355 3344 1422 universa
3391 1356 3752 1421 coelestia
3803 1369 3974 1421 cor·

2464 1464 2658 1530 pora
2697 1466 2867 1518 esse
2910 1453 3422 1520 elementaris
3467 1455 3800 1534 naturae,
3849 1456 3970 1519 at-

847 1567 976 1613 non
1016 1557 1113 1612 est
1148 1550 1497 1626 stellatum,
1541 1552 1652 1615 sed
1693 1570 1808 1634 per
1853 1557 2057 1613 totum
2106 1545 2351 1610 unifor-
2461 1563 2615 1629 que
2663 1563 2760 1615 ex
2789 1549 3296 1630 primordiali
3325 1553 3669 1618 materia
3707 1553 3796 1618 111
3845 1567 3972 1619 ex-

846 1648 1039 1710 miter
1103 1647 1520 1724 luminosum,
1586 1650 1880 1732 quamvis
1951 1645 2352 1709 luminositas
2464 1647 2688 1712 ordio
2730 1650 3020 1729 ereata,
3065 1664 3234 1716 esse
3276 1649 3639 1734 formata.

847 1746 958 1808 illa
1008 1746 1199 1808 lateat
1254 1765 1480 1811 sensus
1540 1746 1907 1810 mortalium
1961 1763 1974 1808 :
2035 1744 2207 1827 quod
2258 1751 2356 1805 est
2545 1745 2720 1818 Quod
2751 1752 2868 1819 est,
2900 1747 3202 1828 quoniam
3234 1748 3435 1810 sancti
3465 1745 3680 1810 Patres
3715 1766 3832 1811 sua
3873 1748 3969 1810 in-

843 1843 946 1906 vel
1005 1844 1310 1926 quoniam
1359 1843 1937 1929 improportionalis
1995 1850 2093 1905 est
2146 1841 2351 1904 oeulis
2388 1845 2436 1910 B
2466 1842 2653 1923 genia
2681 1843 2746 1904 in
2779 1844 3210 1925 captivitatem
3242 1845 3576 1907 humiliter
3605 1845 3970 1926 redigentes
3997 1869 4220 1917 neom.

845 1960 973 2006 non
1002 1942 1530 2025 glorificatis3vel
1561 1945 1855 2026 quoniam
1882 1961 2063 2025 aquae
2096 1949 2232 2024 quae
2261 1959 2356 2003 su·
2466 1941 2534 2002 in
2579 1940 2808 2004 Christi
2853 1943 3258 2025 obsequium,
3294 1952 3632 2026 pensantes
3672 1944 3968 2007 beatissi-

846 2059 963 2124 per
992 2040 1474 2104 firmamentum
1515 2049 1684 2116 sunt,
1720 2059 1848 2104 non
1878 2047 2025 2103 sunt
2056 2038 2355 2101 traducti·
2468 2057 2644 2100 mum
2683 2038 2936 2121 Moysen
2983 2057 3108 2102 non
3153 2059 3345 2102 sensu
3383 2041 3686 2114 humano,
3717 2041 3830 2104 sed
3875 2041 3969 2103 in-

844 2158 942 2202 vae
973 2139 1277 2201 claritatis
1308 2139 1521 2218 illius3
1554 2141 1655 2202 vel
1688 2139 1771 2203 ob
1799 2139 2067 2202 nimiam
2091 2137 2234 2219 ejus
2265 2137 2355 2198 di·
2465 2136 2702 2199 stinctu
2732 2138 2952 2202 divino
2982 2145 3046 2201 et
3083 2156 3161 2201 ex
3193 2139 3434 2222 Spiritu
3467 2139 3696 2202 Sancto
3723 2138 3968 2202 descri-

848 2237 1144 2300 stantiam
1176 2236 1623 2318 multiplicatio
1652 2257 1766 2300 sua
1796 2255 1924 2300 non
1954 2236 2357 2319 protenditur
2466 2235 2671 2316 psisse
2739 2237 2961 2299 mundi
3028 2238 3538 2319 productionem,
3599 2237 3972 2300 maluerunt

850 2354 1055 2417 usque
1100 2336 1179 2398 ad
1230 2336 1443 2398 visum
1494 2344 1824 2414 nostrum3
1868 2336 1970 2399 vel
2025 2336 2175 2417 quia
2224 2351 2353 2397 non
2463 2352 2614 2397 vero
2673 2353 2746 2396 ac
2801 2334 3082 2417 simplici
3141 2336 3348 2398 tenori
3395 2337 3738 2418 Scripturae
3782 2335 3968 2397 illius

849 2433 1029 2496 adest
1064 2434 1123 2496 ei
1167 2432 1509 2496 influentia
1547 2434 1659 2496 Dei
1697 2435 1774 2497 ad
1819 2434 1960 2508 hoc,
1993 2441 2064 2496 ut
2106 2433 2354 2496 scilieet
2465 2432 2826 2495 intellectus
2857 2451 3004 2496 suos
3035 2432 3377 2514 subjicere,
3411 2453 3599 2517 quam
3635 2441 3826 2498 tantae
3857 2453 3970 2496 au-

850 2531 1238 2613 multiplicet
1285 2549 1355 2593 se
1402 2531 1795 2595 sensibiliter
1845 2549 2047 2613 usque
2088 2531 2167 2593 ad
2211 2548 2347 2593 nos.
2463 2531 2772 2594 ctoritatis
2801 2531 3194 2613 Scripturam
3237 2533 3315 2596 ad
3357 2533 3672 2596 humanas
3713 2533 3970 2596 ratioci-

849 2629 975 2692 Alii
1018 2630 1385 2712 opinantur,
1428 2631 1599 2712 quod
1644 2629 1897 2692 claritas
1942 2629 2085 2692 coeli
2132 2647 2351 2712 empy-
2461 2630 2749 2693 nationes
2779 2638 2842 2692 et
2880 2627 3324 2713 philosophica
3353 2632 3736 2694 documenta
3763 2639 3968 2696 retor-

850 2728 942 2790 rei
1001 2747 1127 2792 non
1186 2729 1270 2791 sit
1328 2728 1769 2810 perceptibilis
1821 2728 1965 2790 visu
2024 2728 2345 2803 exteriori,
2423 2747 2656 2810 ‘quere
2685 2734 2875 2810 atque
2903 2728 3614 2812 deflectere.Quumque
3634 2729 3968 2813 Scriptura

848 2826 1015 2889 sicut
1043 2845 1161 2890 nec
1192 2826 1447 2890 claritas
1478 2828 1643 2907 ignis
1674 2827 2081 2890 elementaris
2112 2827 2178 2888 in
2208 2845 2351 2909 pro-
2459 2826 2763 2890 canonica
2801 2827 2868 2889 in
2907 2827 3007 2888 sui
3049 2827 3313 2891 exordio
3347 2835 3565 2911 aperte
3590 2829 3826 2912 (Moyse
3858 2829 3970 2892 de-

849 2926 989 3008 pria
1045 2927 1313 3008 spbaera,
1375 2927 1681 3008 quoniam
1749 2943 1876 2990 non
1944 2933 2041 2988 est
2095 2924 2348 2988 claritas
2460 2924 2808 3005 scribente)
2855 2925 3141 2988 affirmet
3181 2943 3196 2987 :
3238 2927 3309 2988 In
3348 2926 3670 3009 principio
3720 2929 3970 2992 creavit
3996 2951 4222 3002 omn-⁸.

848 3024 1269 3088 condensata:
1295 3025 1614 3107 siquidem
1649 3043 1840 3087 eausa
1871 3024 2176 3087 claritatis
2207 3043 2347 3086 sen·
2383 3021 2428 3088 G
2460 3024 2626 3087 Deus
2676 3023 2908 3087 coelum
2951 3031 3016 3087 et
3052 3031 3330 3103 terram3
3369 3033 3540 3088 terra
3574 3033 3784 3088 autem
3824 3035 3968 3090 erat

810 3199 826 3212 .
848 3121 1055 3185 sibilis
1106 3129 1202 3185 est
1249 3123 1654 3204 congregatio
1695 3122 1974 3204 partium
2018 3122 2344 3204 diaphani,
2461 3122 2669 3184 inanis
2698 3129 2759 3185 et
2786 3141 3008 3194 vacua,
3041 3129 3103 3185 et
3141 3123 3420 3187 tenebrae
3449 3131 3632 3187 erant
3657 3143 3852 3207 super
3881 3125 3974 3187 fa-

850 3228 921 3282 ut
961 3220 1284 3284 cernimus
1328 3221 1394 3284 in
1426 3221 1741 3304 crystallo,
2463 3221 2622 3283 ciem
2649 3221 2961 3302 abyssi,et
2982 3220 3256 3302 Spiritus
3276 3221 3390 3284 Dei
3409 3221 3744 3285 ferebatur
3773 3243 3974 3306 super

929 3319 1217 3402 Insuper,
1277 3339 1359 3382 an
1418 3320 1653 3383 coelum
1718 3337 2095 3403 empyreum
2159 3318 2352 3382 influ-
2463 3337 2676 3400 aquas.
2701 3319 3001 3401 Dixitque
3021 3319 3380 3382 DeustFiat
3411 3318 3538 3382 lux.
3567 3320 3644 3382 Et
3673 3320 3839 3384 facta
3869 3329 3976 3384 est

849 3419 1091 3481 entiam
1141 3418 1371 3480 habeat
1420 3419 1486 3480 in
1527 3418 1661 3482 haec
1713 3418 2036 3492 inferiora,
2082 3418 2354 3480 dubium
2467 3416 2594 3479 lux.
2631 3417 2708 3479 Et
2735 3417 2899 3480 vidit
2927 3418 3092 3479 Deus
3133 3417 3344 3481 lucem
3375 3419 3546 3500 quod
3577 3428 3747 3482 esset
3773 3419 3970 3494 bona,

851 3517 1039 3579 habet
1076 3533 1091 3578 ε
1130 3517 1209 3580 de
1239 3537 1366 3599 qua
1397 3536 1463 3580 re
1494 3517 1829 3598 opiniones
1859 3523 2009 3579 sunt
2038 3517 2200 3579 duae.
2234 3517 2355 3579 Ve-
2466 3523 2529 3578 et
2571 3515 2792 3577 divisit
2820 3515 3028 3577 lucem
3073 3534 3110 3577 a
3151 3515 3458 3590 tenebris,
3489 3516 3972 3599 appellavitque

854 3635 998 3678 rum
1058 3616 1137 3678 de
1196 3615 1297 3678 his
1362 3623 1424 3678 et
1490 3615 1633 3678 aliis
1699 3615 2032 3678 materiam
2103 3632 2357 3677 coneer·
2469 3613 2676 3675 lucem
2709 3614 2902 3686 diem,
2937 3620 3001 3675 et
3032 3613 3324 3676 tenebras
3366 3621 3644 3678 noctem.
3677 3615 3973 3678 Factum-

857 3713 1159 3777 nentibus
1193 3713 1401 3788 istam,
1434 3713 1678 3776 dictum
1726 3720 1822 3775 est
1866 3713 2119 3795 plenius
2165 3731 2359 3795 super
2468 3730 2592 3794 que
2622 3719 2719 3774 est
2748 3729 3012 3792 vespere
3057 3718 3120 3772 et
3153 3730 3359 3787 mane,
3397 3712 3534 3775 dies
3574 3732 3758 3775 unus.
3792 3713 3972 3776 Dixit

588 3835 740 3888 quast.
772 3835 825 3884 ⁴;
856 3812 1211 3875 secundum
1261 3811 1759 3886 Sententiarum,
1812 3810 2224 3873 distinctione
2267 3829 2359 3873 se·
2469 3827 2723 3892 quoque
2753 3810 2919 3872 Deus
2944 3810 3112 3872 :Fiat
3139 3810 3622 3874 firmamentum
3655 3811 3720 3874 in
3752 3813 3970 3875 medio

561 3893 826 4014 {figbffixssg
853 3912 1083 3973 cunda.
2465 3927 2796 3990 aquarum,
2849 3915 2913 3970 et
2969 3907 3212 3970 dividat
3258 3927 3454 3991 aquas
3499 3909 3582 3971 ab
3627 3911 3834 3992 aquiS.
3887 3909 3970 3974 Et

562 4033 603 4066 ι.
932 4010 1249 4072 Postremo
1295 4015 1542 4071 constat
1587 4026 1665 4070 ex
1714 4008 1837 4083 hia,
1890 4009 2058 4090 quod
2119 4007 2355 4071 coelum
2465 4007 2621 4068 fecit
2649 4007 2815 4069 Deus
2844 4005 3351 4082 firmamentum,
3382 4008 3728 4091 divisitque
3762 4028 3969 4091 aquas

854 4126 1231 4193 empyreum
1278 4126 1439 4180 esse,
1491 4124 1619 4169 non
1669 4107 1875 4169 solum
1928 4106 2200 4169 habetur
2247 4126 2354 4169 au·
2468 4125 2608 4188 quae
2651 4112 2830 4168 erant
2870 4103 2990 4167 sub
3025 4104 3436 4169 firmamento
3472 4106 3552 4169 ab
3591 4107 3776 4190 aquis
3818 4126 3968 4190 quae

855 4205 1145 4269 ctoritate
1186 4205 1246 4268 S.
1288 4205 1528 4278 Basilii,
1576 4206 1686 4268 sed
1735 4212 1799 4268 et
1839 4205 2023 4268 Bedae
2069 4224 2143 4267 ac
2194 4205 2354 4268 Stra·
2385 4208 2434 4270 D
2466 4212 2646 4268 erant
2675 4222 2868 4287 super
2897 4203 3414 4286 firmamentum3
3445 4207 3824 4288 vocavitque
3852 4206 3969 4270 fir·

852 4303 943 4378 bi,
995 4303 1288 4386 quamvis
1346 4303 1606 4384 quidam
1664 4304 1727 4365 id
1786 4310 2035 4384 negent.
2089 4304 2352 4367 Strabus

853 4401 1095 4484 quippe
1142 4407 1206 4464 et
1251 4401 1439 4475 Beda,
1486 4408 1557 4463 ut
1603 4401 1943 4482 allegatum
1990 4409 2088 4464 est
2134 4421 2349 4485 supra,

852 4499 1004 4563 fassi
1055 4507 1205 4562 sunt
1253 4500 1489 4563 coelum
1538 4519 1915 4583 empyreum
1966 4518 2111 4564 mox
2155 4508 2226 4563 ut
2269 4502 2354 4565 fa-

852 4607 1029 4663 ctum
1088 4605 1205 4673 est,
1267 4599 1503 4662 sanctis
1561 4599 1803 4680 angelis
1862 4598 2061 4662 fuisse
2120 4600 2352 4684 imple-

849 4706 991 4761 tum
1027 4714 1042 4760 τ
1078 4698 1246 4781 quod
1291 4706 1505 4761 tamen
1557 4697 2043 4779 intelligendum
2089 4717 2216 4762 non
2257 4707 2355 4762 est

851 4799 931 4862 de
976 4797 1289 4879 corporali
1340 4797 1713 4879 repletione,
1746 4815 1957 4880 neque
1996 4798 2074 4860 de
2113 4817 2189 4860 ea
2228 4816 2354 4880 qua

850 4896 1063 4960 anima
1108 4895 1311 4978 replet
1355 4914 1609 4979 corpuS,
1644 4896 1754 4958 sed
1797 4895 1875 4958 de
1916 4897 2352 4980 proportiona-

850 5002 915 5057 ta
976 5002 1041 5057 et
1099 5002 1488 5075 congruente
1553 4995 1977 5069 decoratione,
2039 4995 2354 5057 inhabita-

852 5093 1025 5156 tione
1082 5100 1147 5155 et
1195 5092 1626 5166 distinctione,
1678 5100 1989 5173 quantum
2044 5094 2122 5154 ad
2183 5113 2356 5157 man-

854 5190 1066 5253 siones
1116 5190 1337 5273 patriae
1375 5208 1491 5271 per
1532 5190 1909 5272 sapientiam
1943 5190 2053 5253 Dei
2100 5190 2191 5253 ibi
2234 5192 2356 5255 for-

856 5296 1075 5354 mataa.

2465 4310 2858 4366 mamentum
2909 4302 3165 4377 coelum‚
3208 4309 3327 4366 etc.
3377 4304 3563 4366 Juxta
3610 4304 3782 4368 hunc
3833 4323 3972 4370 mo-

2465 4404 2617 4466 dum
2677 4401 3128 4465 describuntur
3185 4402 3450 4477 ibidem,
3511 4403 3628 4476 sol,
3680 4403 3832 4467 luna
3885 4424 3969 4469 ae

2464 4501 2672 4565 sidera
2718 4507 2944 4584 quarto
2987 4501 3090 4564 die
3139 4502 3466 4584 producta.
3512 4501 3672 4566 Hinc
3713 4503 3967 4586 antiqui

2463 4601 2752 4663 doctores
2797 4599 3224 4662 communiter
3265 4600 3640 4675 docuerunt,
3688 4602 3970 4684 primam

2465 4718 2679 4762 rerum
2728 4698 3214 4781 productionem
3267 4699 3649 4782 completam
3700 4718 3813 4782 per
3864 4700 3970 4764 in·

2464 4796 2727 4861 tervalla
2773 4815 2882 4859 sex
2932 4797 3204 4871 dierum,
3252 4798 3337 4860 ita
3379 4799 3550 4881 quod
3603 4799 3808 4881 prima
3857 4800 3968 4863 die

2465 4904 2673 4960 creata
2723 4903 2872 4958 sunt
2920 4896 3153 4959 coelum
3193 4903 3256 4960 et
3297 4904 3465 4960 terra
3497 4914 3511 4959 :
3547 4896 3969 4978 intelligendo

2465 4995 2725 5058 nomine
2756 4995 2900 5058 eoeli
2942 4995 3174 5058 coelum
3215 5013 3614 5079 empyreum,
3647 4997 3814 5078 quod
3855 5015 3964 5060 eo·

2464 5095 2610 5157 dem
2671 5094 2932 5156 instanti
2989 5111 3116 5176 quo
3174 5094 3500 5157 conditum
3551 5103 3668 5170 est,
3719 5096 3962 5159 sanctis

2464 5193 2706 5274 angelis
2748 5199 2846 5254 est
2886 5191 3238 5274 repletum;
3270 5192 3531 5256 nomine
3573 5201 3786 5257 autem
3831 5201 3962 5258 ter·

2467 5311 2552 5356 rae
2591 5291 3006 5374 intelligendo
3050 5290 3472 5355 substantiam
3507 5301 3792 5376 quatuor
3827 5294 3960 5360 ele·
