4300 6259
853 471 973 536 292

1503 493 1583 538 DE
1627 491 1854 539 mmm}
1895 489 2281 537 cums‘rIANAE
2322 488 2625 546 THEORIAE,
2670 488 2847 535 LIBER
2891 490 2929 534 1.
2978 509 3059 519 —
3098 492 3238 537 ΛΒΤ.
3286 493 3320 536 1.

1009 662 1104 726 OC
1151 664 1429 745 denique
1468 663 2032 746 Peripateticorum
2083 660 2358 724 solenni·
2386 658 2436 721 A
2468 659 2810 722 maximam
2842 660 3119 724 coelestis
3150 659 3589 744 dispositionis
3621 659 3965 723 conformi-

1034 778 1176 824 ores
1228 781 1390 843 pene
1429 761 1714 825 universi
1757 759 2155 824 concorditer
2190 777 2355 820 asse-

859 867 1028 933 runt,
1078 861 1248 941 quod
1299 859 1618 922 humanus
1668 859 2031 922 intellectus
2083 857 2148 919 in
2200 876 2355 938 prae-

856 959 1022 1022 senti
1090 959 1219 1019 vita
1296 958 1498 1040 possit
1575 957 1962 1021 substantias
2033 965 2355 1038 separatas

856 1058 1210 1120 seeundum
1269 1057 1558 1138 proprias
1621 1057 1907 1139 ipsarum
1965 1055 2353 1137 quidditates

855 1155 1382 1236 contemplarizet
1411 1155 1524 1216 hoc
1555 1155 1775 1216 dicunt
1805 1153 2005 1216 fuisse
2035 1153 2113 1215 de
2144 1159 2354 1214 mente

851 1253 1230 1316 Aristotelis,
1276 1253 1523 1334 Quippe
1574 1253 1637 1314 in
1687 1251 2172 1314 determinando
2222 1267 2353 1312 mo-

853 1352 1006 1414 dum
1037 1351 1480 1433 possibilitatis
1511 1350 1727 1431 hujus,
1757 1349 2032 1412 maxima
2061 1356 2159 1412 est
2190 1349 2353 1410 inter

853 1450 1026 1531 ipsos
1055 1449 1406 1512 diversitas
1441 1449 1797 1511 Alexander
1825 1447 2022 1521 enim,
2045 1449 2353 1510 Averroes

850 1556 916 1610 et
977 1546 1368 1619 Abubather,
1439 1546 1558 1609 hoc
1637 1546 2036 1609 concorditer
2105 1545 2349 1617 dicunt,

851 1644 1022 1727 quod
1049 1644 1284 1718 anima,
1310 1662 1450 1726 quae
1482 1643 1746 1705 humani
1790 1642 2074 1724 corporis
2113 1641 2351 1705 entele-

851 1742 995 1804 chia
1023 1749 1118 1804 est
1157 1750 1220 1803 et
1257 1741 1697 1804 substantialis
1744 1749 1944 1813 actus,
1979 1742 2062 1802 sit
2103 1742 2347 1803 destru-

2462 765 2656 820 tatem
2690 758 3065 840 rediguntur
3095 760 3413 822 elementa
3444 779 3556 842 per
3584 759 3962 823 fractionem

2462 857 2984 920 contrarietatum
3014 878 3157 940 quae
3190 858 3254 920 in
3286 858 3380 921 eis
3410 867 3578 921 sunt.
3614 858 3759 920 ldeo
3804 858 3967 921 dixit

2461 954 2699 1019 formas
2747 957 3212 1038 cognoscibiles
3270 959 3633 1040 simplicius
3690 957 3815 1020 sibi
3875 957 3967 1020 in-

2461 1073 2622 1128 esse,
2694 1055 3083 1137 tandemque
3152 1056 3246 1119 sic
3317 1056 3545 1138 persici
3616 1073 3825 1138 posse,
3897 1063 3967 1117 ut

2462 1151 2796 1232 splendeat
2860 1153 2925 1214 in
2986 1170 3062 1215 eo
3119 1152 3337 1216 lumen
3396 1153 3841 1234 intelligentiae
3898 1162 3967 1215 ut

2464 1249 2559 1311 sol
2609 1249 2675 1311 in
2726 1249 2889 1312 coelo
2935 1268 2949 1312 :
2996 1258 3061 1313 et
3111 1270 3224 1332 per
3269 1252 3391 1316 hoc
3438 1252 3765 1315 asserebat
3812 1270 3963 1314 eum

2461 1347 2849 1410 substantias
2910 1356 3229 1430 separatas
3282 1366 3470 1431 posse
3530 1350 3597 1412 in
3656 1350 3773 1412 hac
3834 1351 3967 1412 vita

2460 1445 2797 1526 speculari.
3210 1471 3218 1476 ·

2536 1542 2612 1604 Hi
2644 1543 2857 1626 itaque
2887 1551 2951 1606 et
2980 1545 3091 1626 qui
3122 1562 3229 1608 eos
3260 1546 3465 1608 secuti
3496 1553 3665 1620 sunt,
3693 1546 3961 1610 finalem

2458 1641 2737 1703 hominis
2766 1640 3138 1704 felicitatem
3172 1651 3421 1724 ponunt
3462 1643 3527 1706 in
3572 1644 3965 1727 contempla-

2458 1738 2628 1802 tione
2650 1747 3085 1820 separatorum
3109 1741 3553 1804 intellectuum
3574 1743 3637 1804 in
3662 1743 3781 1806 hac
3804 1745 3960 1806 vita.

849 1840 1090 1902 ctibilis
1118 1847 1426 1922 pereunte
1459 1856 1743 1922 corpore.
1771 1839 2104 1913 Quoniam,
2139 1847 2209 1901 ut
2237 1857 2346 1900 au·
2384 1833 2427 1895 B
2460 1836 2535 1898 Et
2576 1837 2696 1900 hoc
2734 1837 2961 1901 volunt
3007 1857 3148 1902 esse
3197 1840 3275 1902 de
3326 1847 3541 1904 mente
3578 1841 3959 1904 Aristotelis.

849 1945 987 2001 ctor
1029 1937 1178 2000 libri
1217 1937 1564 2000 Causarum
1609 1944 1673 1999 et
1708 1944 1854 1999 ante
1897 1955 2044 1998 eum
2091 1936 2347 1998 Procius

849 2037 1059 2099 testati
1101 2044 1270 2110 sunt,
1303 2053 1494 2098 omne
1533 2036 1961 2117 compositum
1992 2054 2069 2097 ex
2103 2043 2347 2097 contra-

846 2135 961 2196 riis
1007 2141 1117 2196 aut
1163 2134 1442 2196 delatum
1495 2152 1689 2214 super
1738 2133 1918 2205 illud,
1971 2131 2347 2194 dissolubile

847 2250 1108 2315 prorsus
1140 2239 1236 2293 est
1271 2239 1337 2292 et
1370 2230 1551 2293 alteri
1595 2231 2108 2313 hypostaticum3
2143 2229 2349 2292 forma

845 2347 999 2393 vero
1028 2349 1170 2411 quae
1199 2336 1297 2390 est
1325 2327 1609 2409 corporis
1640 2335 1819 2390 actus
1852 2328 2121 2409 primuS,
2156 2345 2348 2408 super

847 2427 1273 2510 compositum
1306 2427 1514 2488 delata
1545 2432 1641 2488 est
1671 2426 1896 2508 utique
1931 2444 1944 2488 :
1970 2426 2349 2507 dispergibi-

845 2527 923 2589 lis
953 2534 1050 2589 est
1079 2543 1230 2606 ergo
1263 2525 1341 2587 ab
1372 2542 1533 2599 esse,
1571 2531 1640 2586 ut
1673 2523 1975 2587 inferunt.
2013 2525 2342 2586 Verumta-

841 2644 989 2689 men
1021 2626 1188 2687 inter
1217 2624 1331 2686 hos
1363 2643 1582 2686 rursus
1615 2641 1740 2686 non
1774 2642 1978 2705 pauca
2008 2623 2344 2686 diversitas

839 2730 952 2787 est.
995 2722 1306 2785 Averroes
1347 2722 1522 2784 enim
1571 2729 1634 2784 et
1679 2720 2052 2784 Abubather
2097 2722 2342 2784 intelle-

837 2829 1014 2884 ctum
1059 2821 1283 2883 dicunt
1341 2818 1920 2900 incorruptibilem,
1973 2826 2339 2901 separatum

835 2927 900 2982 et
948 2919 1314 2981 immixtum
1369 2935 1382 2978 :
1432 2917 1974 2999 quemadmodum
2025 2925 2173 2980 ante
2232 2935 2339 2980 eos

2458 1935 2799 1998 Enimvero
2828 1937 3277 2018 AlphorabiuS,
3301 1938 3797 2021 TheophrastuS,
3818 1941 3969 2002 Avi—

2456 2051 2657 2096 cenna
2687 2041 2752 2097 et
2779 2034 3053 2115 Algazel,
3087 2036 3369 2100 animam
3410 2037 3636 2100 dicunt
3678 2037 3966 2101 formali·

2454 2139 2552 2192 ter
2577 2139 2639 2193 et
2665 2150 2779 2213 per
2803 2132 3082 2213 speciem
3112 2135 3433 2216 propriam
3462 2135 3965 2201 intellectualem

2456 2227 2615 2302 fore,
2650 2236 2712 2292 et
2741 2229 3127 2294 substantias
3159 2240 3481 2314 separatas
3515 2251 3701 2315 posse
3733 2234 3803 2296 in
3846 2236 3965 2298 hac

2456 2327 2585 2389 vita
2622 2328 3061 2410 contemplari.
3108 2330 3229 2392 Sed
3278 2332 3825 2413 quemadmodum
3876 2335 3967 2396 di-

2455 2432 2610 2487 cunt
2658 2444 2797 2487 eam
2849 2445 2885 2490 a
2933 2445 3198 2509 corpore
3248 2428 3671 2511 separabilem
3731 2439 3801 2494 et
3852 2431 3967 2494 im-

2457 2524 2813 2599 mortalem,
2856 2525 2949 2588 sie
2998 2544 3259 2608 prorsus
3309 2545 3547 2611 ponere
3595 2529 3965 2594 habuerunt

2453 2620 2714 2684 finalem
2766 2630 2829 2687 et
2878 2624 3131 2706 plenam
3194 2626 3397 2707 ipsius
3455 2625 3839 2692 felicitatem
3898 2631 3963 2694 in

2452 2720 2569 2781 hac
2612 2720 2742 2783 vita
2782 2739 2907 2784 non
2956 2741 3097 2786 esse
3137 2725 3561 2799 statuendam,
3605 2728 3715 2789 sed
3766 2728 3841 2789 in
3890 2748 3965 2792 ea

2453 2818 2665 2899 potius
2699 2819 2763 2881 in
2794 2839 2921 2902 qua
2959 2821 3575 2887 irreverberabiliter
3620 2825 3963 2889 indefecti-

2452 2915 2794 2999 biliterque
2835 2919 3027 2981 stabit
3052 2921 3131 2982 ad
3163 2921 3656 2985 illustrationem
3696 2932 3760 2985 et
3808 2943 3961 2988 con-

836 3018 998 3081 dixit
1026 3017 1423 3090 Aristoteles,
1449 3023 1511 3078 et
1540 3023 1686 3077 ante
1717 3034 1866 3078 eum
1897 3016 2336 3097 Anaxagoras3
2371 3012 2413 3075 C
2451 3015 2933 3097 templationem
2982 3020 3653 3100 supermundanorum
3708 3024 3962 3087 animo-

837 3118 947 3180 sed
990 3117 1212 3178 dicunt
1251 3114 1534 3176 animam
1574 3114 1921 3176 humanam
1963 3133 2173 3196 neque
2217 3114 2339 3177 sor-

838 3215 1110 3289 maliter,
1162 3231 1371 3294 neque
1417 3210 1924 3274 substantialiter
1972 3210 2107 3274 fore
2159 3211 2339 3275 intel-

839 3311 1322 3385 lectualem,sed
1354 3310 1684 3372 dumtaxat
1715 3328 1828 3392 per
1859 3310 2335 3372 irradiationem

839 3410 1275 3492 intelligentiae
1339 3408 1585 3490 agentis
1643 3416 1707 3470 et
1771 3417 2094 3490 separatae.
2160 3409 2335 3472 Unde

837 3511 1145 3573 Averroes
1185 3505 1348 3568 dixit
1395 3506 1792 3568 intellectum
1844 3506 2217 3587 possibilem
2268 3507 2333 3568 in

839 3607 1140 3672 omnibus
1198 3603 1570 3666 hominibus
1611 3603 1744 3667 sore
1793 3622 1996 3666 unum
2039 3623 2328 3668 numero.

839 3707 1012 3770 Dixit
1046 3722 1323 3785 namque
1370 3722 1520 3765 eum
1569 3720 1695 3765 non
1741 3721 1880 3765 esse
1925 3703 2099 3765 aliud
2138 3723 2333 3786 quam

839 3803 1322 3884 intelligentiam
1365 3800 1788 3863 illustrantem
1835 3802 2080 3863 animas
2129 3802 2333 3864 homi-

837 3923 994 3966 num
1049 3921 1062 3964 :
1115 3919 1256 3983 quae
1307 3899 1449 3961 ideo
1501 3899 1825 3980 possibilis
1874 3899 2129 3974 dicitur,
2184 3901 2334 3983 quia

837 3999 1266 4065 mediantibus
1338 3996 1887 4078 phantasmatibus
1951 4005 2014 4058 et
2081 3999 2333 4079 passivo

835 4099 1186 4169 intellectu,
1221 4094 1329 4176 qui
1362 4101 1458 4157 est
1488 4094 1694 4156 virtus
1726 4094 2084 4174 cogitativa,
2118 4095 2333 4157 unibi-

2450 3132 2594 3175 rum
2642 3132 2967 3178 conversa.
3024 3116 3098 3178 Et
3156 3118 3276 3180 hoc
3331 3119 3557 3182 dicunt
3614 3120 3821 3185 fuisse
3882 3124 3961 3186 de

2450 3220 2662 3275 mente
2692 3214 3069 3276 Aristotelis.
3092 3215 3251 3278 Sunt
3281 3224 3492 3280 autem
3524 3226 3587 3281 et
3620 3221 3959 3300 praesentis

2448 3311 2754 3392 temporis
2784 3313 3187 3393 quidam,vel
3220 3333 3287 3378 re
3317 3316 3418 3379 vel
3451 3317 3663 3398 potius
3693 3321 3957 3382 nomine
3986 3333 4206 3378 xuni-aies.

2412 3453 2419 3459 .
2447 3415 2694 3472 tantum
2753 3410 3141 3493 philosophi,
3203 3413 3316 3495 qui
3372 3415 3805 3480 Alexandrum
3876 3420 3956 3482 de

2446 3514 2670 3569 natura
2716 3509 2946 3572 animae
2992 3511 3235 3592 optime
3283 3511 3807 3595 philosophatum
3858 3536 3956 3580 re-

2447 3611 2673 3685 putant
2706 3623 2719 3667 :
2754 3626 2946 3689 quem
2988 3614 3201 3671 tamen
3238 3609 3537 3674 Albertus
3578 3613 3853 3678 rudibus
3890 3624 3955 3678 et

2446 3702 2719 3766 indoctis
2778 3704 3178 3788 philosophis
3238 3726 3365 3770 non
3427 3708 3955 3775 irrationabiliter

2446 3803 2859 3882 comparavit,
2912 3822 2988 3867 eo
3046 3806 3217 3885 quod
3276 3805 3449 3868 solus
3500 3807 3665 3870 inter
3720 3828 3953 3874 omnes

2446 3898 2731 3979 egregios
2763 3901 3718 3983 philosophos,intellectualem
3750 3907 3955 3971 virtu-

2443 4005 2573 4059 tem
2619 3999 3131 4063 destructibilem
3180 4001 3358 4063 dixit.

2521 4097 2973 4160 Verumtamen
3022 4099 3141 4161 hoc
3191 4101 3493 4163 convenit
3538 4103 3725 4177 scire,
3769 4107 3951 4188 quod

836 4199 912 4260 lis
957 4203 1054 4259 est
1097 4194 1323 4270 nobis3
1371 4199 1434 4255 et
1479 4211 1590 4274 per
1635 4193 1754 4255 hoc
1799 4193 1959 4254 dixit
2003 4194 2331 4257 hominem
2363 4192 2410 4252 D
2442 4194 3005 4276 Peripateticorum
3040 4197 3839 4280 princepsAristoteleS,in
3876 4205 3950 4267 li-

836 4292 1336 4359 intellectualem
1386 4291 1550 4352 fieri.
1606 4289 1974 4354 Abubather
2031 4292 2332 4374 equidem

834 4395 996 4457 dixit
1026 4389 1424 4454 intellectum
1457 4405 1581 4450 non
1613 4406 1752 4450 esse
1788 4389 1850 4450 in
1884 4390 2069 4451 nobis
2111 4409 2333 4454 secun-

835 4495 988 4556 dum
1019 4487 1464 4560 substantiam,
1499 4486 1608 4548 sed
1641 4505 1754 4568 per
1784 4506 1924 4549 esse
1959 4488 2277 4569 quoddam
2313 4507 2326 4551 :

833 4587 1370 4676 quemadmodum
1399 4593 1623 4646 natura
1653 4585 1813 4646 lucis
1845 4593 1939 4648 est
1971 4587 2034 4647 in
2066 4605 2331 4669 corpore

836 4701 1029 4762 terso,
1066 4685 1285 4769 pervio
1315 4690 1377 4745 et
1407 4683 1626 4765 polito,
1663 4702 1777 4764 per
1813 4703 1953 4745 esse
1995 4683 2327 4764 cujusdam

835 4785 1244 4857 resultantiae,
1279 4789 1340 4844 et
1371 4799 1495 4843 non
1530 4800 1644 4863 per
1680 4780 2119 4844 substantiam.
2156 4784 2329 4846 lnsu-

833 4907 970 4973 per,
1021 4884 1193 4947 solus
1248 4879 1604 4943 Alexander
1663 4879 2056 4942 intellectum
2117 4883 2333 4962 posuit

835 4981 1341 5050 destructibilem
1398 4986 1461 5040 et
1521 4977 1980 5059 perfectionem
2043 4981 2331 5042 materia-

835 5086 981 5148 lem.
1016 5080 1189 5142 Dixit
1216 5077 1389 5140 enim
1429 5094 1578 5137 eum
1620 5093 1745 5138 non
1785 5094 1924 5138 esse
1964 5076 2087 5138 nisi
2128 5078 2331 5158 perfe-

832 5182 1109 5246 ctionem
1140 5177 1368 5239 animae
1398 5193 1474 5236 ex
1505 5173 1844 5236 coelil'ormi
1875 5174 2329 5238 elementorum

833 5278 1191 5362 aequalitate
1249 5273 1557 5336 orientem
1615 5289 1628 5332 ε
1686 5272 1840 5334 dum
1898 5273 2198 5336 videlicet
2246 5276 2324 5337 ad

2442 4294 2560 4356 bro
2591 4293 2957 4356 Ethicorum
2993 4296 3071 4358 de
3104 4295 3404 4360 felicitate
3435 4301 3765 4381 praesentis
3796 4303 3951 4368 vitae

2441 4392 2804 4474 specialiter
2834 4393 3005 4475 loqui
3042 4395 3330 4457 intendit.
3347 4396 3683 4479 Propterea
3709 4419 3953 4484 nempe

2441 4490 2621 4564 dixit,
2655 4507 2780 4553 non
2814 4491 3199 4573 simpliciter
3226 4511 3413 4576 posse
3444 4495 3771 4560 hominem
3804 4499 3952 4562 seli-

2443 4608 2584 4652 cem
2627 4589 2791 4651 fieri.
2829 4589 3168 4654 Ostensum
3212 4593 3388 4655 enim
3430 4603 3577 4658 ante
3619 4604 3737 4669 est,
3770 4601 3947 4680 quod
3975 4624 4163 4662 mm.

2440 4688 2506 4750 in
2538 4688 2655 4750 hac
2687 4687 2814 4750 vita
2842 4705 2969 4750 non
3002 4690 3204 4770 possit
3248 4689 3383 4754 fore
3424 4691 3787 4758 intellectus
3826 4698 3947 4759 hu-

2444 4786 2612 4848 mani
2658 4805 2809 4848 vera
2850 4794 2913 4848 et
2957 4788 3263 4850 naturalis
3307 4788 3598 4853 felicitas.
3642 4791 3949 4858 Necessa-

2438 4883 2608 4945 rium
2652 4885 2953 4966 equidem
2994 4893 3111 4958 est,
3146 4893 3215 4947 ut
3257 4889 3802 4969 quemadmodum
3847 4894 3943 4956 in-

2441 4981 2817 5044 tellectualis
2866 4982 3223 5045 substantia
3270 4987 3500 5048 ceteris
3548 4990 3795 5053 naturis
3844 5001 3945 5055 est

2438 5078 2798 5160 perfectior,
2833 5080 2925 5142 sic
2956 5087 3019 5142 et
3050 5080 3177 5142 illis
3214 5082 3561 5146 sublimius
3600 5089 3939 5169 proprium

2439 5177 2659 5251 finem,
2694 5178 2804 5258 qui
2844 5185 2939 5240 est
2978 5178 3035 5240 ei
3082 5179 3402 5243 felicitatis
3443 5181 3796 5264 obJectum,
3828 5197 3944 5252 aut

2438 5275 2653 5338 finalis
2686 5275 3029 5351 beatitudo,
3056 5278 3417 5360 pertingere
3448 5283 3667 5362 possit.
3700 5284 3941 5354 Ceteras
