4300 6259
649 1363 710 1408 De
739 1364 879 1409 Divin.

620 1439 736 1472 nom.
754 1441 793 1472 c.
810 1443 881 1473 vu.

735 3449 818 3488 art.
839 3459 884 3488 ιι.

917 476 1038 542 240

1409 558 1428 572 .
1476 493 1556 539 ΠΕ
1599 491 1828 539 tumne
1869 491 2255 538 CHRISTIANAE
2294 489 2597 548 THEOmAE,
2641 491 2819 538 LIBER
2860 492 2901 536 1.
2946 509 3027 520 ·-
3067 492 3207 540 Anr.
3250 491 3337 549 VI,
3379 491 3469 538 Vn

916 659 1360 723 testimonium
1420 660 1800 734 Aristotelis,
1863 659 2011 723 libri
2069 659 2416 724 Causarum
2446 661 2499 722 A
2527 677 2719 741 quam
2765 658 2929 722 fides
2974 677 3152 722 sacra
3198 659 3390 722 tradit
3435 667 3500 722 et
3546 658 3832 742 suscipit,
3870 677 3990 741 quae

917 766 983 822 et
1028 759 1256 834 Procli,
1306 760 1520 822 anima
1574 759 1854 823 coelestis
1903 758 2273 841 exemplum
2322 764 2419 820 est

916 858 1174 921 virtutis
1229 857 1600 940 superioris,
1662 857 1991 940 exemplar
2042 864 2256 918 autem
2327 857 2419 917 in-

916 955 1170 1019 ferioris
1228 963 1490 1019 naturae.
1541 955 1701 1019 Nam
1749 974 1966 1019 rerum
2015 954 2264 1036 species
2312 953 2419 1015 ha-

917 1053 1072 1116 bent
1101 1072 1169 1117 se
1202 1060 1270 1116 ut
1300 1053 1576 1128 numeri,
1599 1054 1955 1116 secundum
1986 1052 2411 1116 Aristotelem.

914 1151 1142 1214 Divina
1179 1170 1458 1232 namque
1497 1151 1811 1234 sapientia
1845 1151 2012 1213 fines
2057 1151 2415 1231 primorum

913 1249 1113 1311 nectit
1169 1248 1506 1331 principiis
1555 1249 2008 1322 secundorum,
2060 1248 2415 1310 secundum

914 1348 1308 1430 Dionysium.
1377 1347 1553 1410 Unde
1621 1347 1686 1408 in
1751 1354 1998 1408 tantum
2064 1345 2200 1409 haec
2266 1364 2417 1408 vera

914 1455 1085 1521 sunt,
1139 1453 1210 1507 ut
1255 1444 1547 1508 videatur
1596 1445 1664 1507 in
1713 1445 1934 1507 multis
1983 1462 2198 1506 rerum
2248 1443 2415 1505 ordi-

916 1545 1108 1607 nibus
1156 1562 1193 1606 a
1250 1543 1568 1626 superiori
1625 1551 1873 1615 natura,
1923 1549 2135 1604 creata
2191 1547 2416 1603 natura

914 1643 1202 1718 inferior,
1234 1642 1404 1704 sicut
1431 1643 1626 1704 etiam
1655 1641 1979 1704 Avicenna
2017 1640 2250 1722 posuit.
2285 1639 2415 1702 Hoc

911 1750 1126 1804 tamen
1157 1759 1384 1804 verum
1415 1758 1544 1803 non
1574 1747 1688 1802 est.
1723 1739 1971 1802 Primus
2003 1739 2243 1802 etenim
2282 1756 2417 1801 om-

913 1842 1098 1904 nium
1139 1839 1358 1923 opifex
1401 1840 1590 1913 DeuS,
1635 1838 2138 1920 unumquodque
2186 1837 2415 1900 consti·
2448 1835 2496 1898 Β

913 1941 1041 2003 tuit
1067 1939 1422 2003 secundum
1454 1937 1657 2020 ipsius
1687 1945 1750 1999 et
1789 1937 2238 1999 universorum
2270 1953 2414 1998 con-

914 2038 1296 2120 gruentiam.
1319 2037 1661 2118 Nunquam
1691 2036 1864 2098 enim
1896 2043 2121 2098 natura
2150 2032 2415 2097 inferior

916 2144 1087 2200 esset
1140 2135 1302 2198 ratio
1359 2134 1783 2216 cognoscendi
1847 2133 2139 2196 altiorem
2199 2151 2413 2194 essen-

914 2235 1096 2308 tiam,
1128 2253 1338 2317 neque
1369 2233 1690 2315 quidditas
1720 2251 1848 2294 una
1877 2232 1944 2293 in
1972 2231 2235 2294 alterius
2275 2249 2414 2312 spe-

916 2334 1038 2397 ciei
1070 2333 1398 2397 notionem
1431 2332 1779 2406 induceret,
1813 2331 1867 2393 si
1905 2348 2033 2393 non
2072 2337 2241 2393 esset
2276 2330 2413 2393 haec

915 2441 1288 2496 naturarum
1359 2430 1772 2494 conformitas
1843 2438 2085 2492 mutua.
2153 2430 2416 2511 Propter

915 2535 1086 2617 quod
1116 2533 1287 2596 Plato
1326 2532 1436 2605 ait,
1470 2537 1904 2614 separatorum
1944 2539 2008 2592 et
2046 2549 2161 2613 per
2198 2549 2266 2592 se
2307 2529 2416 2592 bo-

917 2651 1144 2696 norum
1204 2631 1338 2694 haec
1395 2629 1564 2693 bona
1623 2629 1965 2710 conjuncta
2021 2627 2413 2691 resonantias

915 2730 1221 2814 quasdam
1269 2735 1332 2792 et
1381 2727 1786 2790 resultantias
1835 2725 1994 2800 fore,
2037 2746 2114 2789 ex
2163 2726 2415 2807 partici-

915 2829 1172 2912 patione
1203 2827 1463 2890 illorum
1494 2826 1953 2908 procedentes;
1985 2831 2274 2906 separata
2303 2823 2412 2886 bo-

915 2947 996 2990 na
1027 2927 1262 2990 ideales
1303 2925 1539 2988 formas
1575 2923 1928 3007 appellanS,
1963 2942 2120 3005 quas
2161 2923 2244 2985 ob
2284 2941 2413 2984 suae

2527 775 2654 820 non
2705 757 2771 818 in
2820 757 3093 820 naturali
3143 757 3409 833 lumine,
3461 759 3574 821 sed
3624 757 3691 820 in
3746 757 3993 819 increata

2526 855 2791 918 veritate
2823 854 3105 918 fulcitur.
3143 855 3264 918 Sed
3306 856 3384 918 de
3423 856 3525 920 his
3565 855 3871 939 posterius
3904 856 3991 918 de·

2525 953 2887 1016 terminatio
2947 952 3305 1016 inducenda
3362 961 3478 1016 est.
3529 955 3748 1037 Itaque
3804 953 3993 1016 lumen

2524 1051 2741 1130 gratiae
2781 1051 3017 1114 donum
3056 1059 3154 1114 est
3192 1071 3388 1135 supra
3428 1052 3785 1115 naturalem
3820 1050 3995 1132 digni-

2526 1157 2720 1212 tatem
2760 1156 2823 1212 et
2860 1151 3275 1232 capacitatem
3314 1151 3545 1214 animae
3590 1151 3788 1213 menti
3828 1150 3994 1212 inllu-

2526 1267 2703 1322 xum,
2758 1248 2824 1310 in
2873 1265 3002 1331 quo
3048 1268 3268 1312 earum
3315 1250 3661 1312 veritatum
3720 1248 3794 1310 fit
3838 1266 3994 1310 mens

2526 1345 2896 1428 inspectrix,
2946 1366 3019 1410 ac
3068 1365 3337 1430 operum
3390 1365 3603 1420 causa,
3655 1367 3793 1430 quae
3846 1353 3997 1408 natu·

2525 1445 2725 1507 ralem
2773 1446 3081 1509 rationem
3138 1454 3203 1510 et
3260 1452 3638 1529 potestatem
3696 1461 3998 1528 supergre-

2526 1543 2809 1618 diuntur,
2842 1551 2915 1606 ut
2950 1552 3103 1607 sunt
3136 1544 3461 1608 Trinitatis
3498 1544 3835 1618 confessiO,
3864 1543 3997 1606 solis

2526 1641 2731 1722 quieS,
2765 1643 3130 1724 mortuique
3160 1643 3239 1704 ad
3271 1641 3465 1706 vitam
3499 1642 3803 1707 reductio.

2949 1905 3438 1973 ARTIGULUS
3486 1907 3607 1972 VI.

2587 2049 2742 2116 Quoe
2782 2048 2869 2106 sit
2908 2049 3256 2123 proesentis
3302 2049 3616 2109 editionis
3660 2017 3947 2109 intentio.

2666 2235 2910 2300 UPLICI
2968 2236 3229 2319 quidem
3290 2235 3485 2318 igitur
3540 2236 3882 2299 exsistente
3924 2253 4001 2298 sa·

2692 2335 2954 2417 pientia,
2989 2333 3319 2417 praesentis
3350 2334 3563 2416 operis
3594 2335 3863 2398 intentio
3894 2341 3996 2406 est,

2524 2434 2665 2514 ejus
2721 2453 2865 2516 quae
2912 2452 3027 2515 per
3074 2432 3272 2495 fidem
3321 2434 3593 2495 traditur
3642 2432 4000 2514 cognitionis

2524 2539 2589 2594 et
2616 2531 2966 2614 sapientiae,
3001 2530 3363 2594 christianae
3400 2531 3703 2594 videlicet
3736 2531 3999 2604 theoriae,

2524 2630 2858 2693 veritatem
2910 2630 3234 2703 inducere,
3285 2636 3348 2691 et
3398 2628 3815 2692 fundamenta
3860 2646 4004 2692 rese-

2523 2747 2681 2802 rare,
2745 2728 3077 2810 ipsiusque
3144 2727 3595 2790 certitudinem
3662 2727 4000 2798 ostendere,

2524 2844 2652 2889 non
2710 2826 2856 2888 dico
2911 2827 3367 2888 demonstrare.
3430 2826 3741 2900 Quoniam
3808 2831 4003 2888 autem

2524 2924 2872 2988 conformis
2914 2931 3011 2986 est
3053 2923 3360 2988 habitudo
3396 2924 3811 2987 scientiarum
3848 2923 4004 2986 habi·

914 3024 1464 3089 substantialitatis
1495 3022 1975 3086 exuberantiam
2015 3021 2177 3083 dixit
2204 3039 2415 3084 essen-
2447 3023 2491 3088 C
2522 3023 2732 3086 tudini
2778 3042 3016 3096 rerum,
3051 3023 3218 3085 sicut
3260 3031 3485 3085 natura
3528 3023 3854 3087 Conditori
3894 3041 4004 3085 ser-

913 3125 1150 3187 tialiter
1179 3119 1749 3185 communicabiles
1784 3138 1797 3182 :
1831 3121 1998 3182 sicut
2027 3120 2080 3182 si
2121 3120 2217 3183 sol
2246 3126 2414 3181 esset

914 3222 1284 3286 naturaliter
1314 3221 1452 3303 ipsa
1481 3239 1595 3282 sua
1626 3219 1756 3293 lux,
1779 3219 1940 3280 lucis
1969 3217 2234 3281 diffusio
2264 3217 2412 3280 sub-

913 3320 1225 3385 stantialis
1256 3326 1424 3382 esset
1453 3318 1675 3381 solaris
1706 3318 2002 3380 essentiae
2031 3317 2347 3380 emicatio.

993 3418 1302 3493 Quoniam
1350 3415 1566 3496 igitur,
1611 3414 1794 3494 juxta
1841 3414 2257 3497 praeinducta,
2305 3432 2411 3475 na·

912 3517 1202 3580 tui-aliter
1240 3522 1454 3578 noster
1495 3513 1856 3576 intellectus
1894 3512 2222 3594 sapientiae
2270 3529 2412 3593 pos·

913 3617 1193 3680 sessivus
1261 3621 1325 3677 et
1389 3611 1724 3694 adeptivus
1783 3618 1901 3684 est,
1963 3609 2411 3690 hujuscemodi

912 3713 1054 3794 ejus
1097 3711 1430 3794 sapientia,
1465 3709 1910 3792 philosophica
1953 3707 2188 3769 dicitur
2222 3725 2235 3769 ε
2270 3727 2412 3790 quae

911 3831 991 3875 ex
1048 3811 1291 3873 naturis
1350 3827 1565 3871 rerum
1624 3808 1980 3870 secundum
2045 3805 2412 3868 essentialia

912 3909 1232 3992 principia
1295 3908 1779 3988 naturalemque
1835 3904 2289 3987 proprietatem
2348 3912 2411 3966 et

911 4009 1118 4090 legem
1162 4008 1448 4090 ipsarum
1493 4004 1798 4086 procedit.
1841 4003 1935 4065 Ad
1974 4003 2137 4064 hanc
2177 4021 2409 4083 nempe

910 4106 1291 4188 sapientiam
1322 4102 1627 4186 pertingit
1655 4101 2037 4173 intellectuS‚
2071 4099 2409 4162 sensibiles

2522 3121 2636 3194 vit,
2680 3122 2773 3183 sic
2813 3121 3119 3183 naturalis
3156 3121 3396 3202 agnitio
3432 3122 3669 3185 divinae
3702 3121 4004 3184 subservit

2522 3220 2849 3302 agnitioni.
2884 3220 3022 3282 Non
3060 3219 3234 3282 enim
3274 3220 3341 3282 in
3379 3226 3531 3294 toto,
3575 3221 3687 3284 sed
3730 3221 3798 3282 in
3841 3227 4003 3302 parte

2524 3338 2636 3381 seu
2688 3317 3086 3399 imperfecte,
3140 3325 3367 3380 natura
3422 3318 3783 3383 Creatorem
3828 3333 4001 3381 suum

2524 3422 2951 3498 repraesentat.
2974 3415 3065 3478 Ob
3097 3414 3161 3477 id
3192 3415 3385 3496 igitur
3413 3417 3624 3498 primo
3653 3416 4003 3479 divinorum

2522 3522 2812 3576 naturam
2850 3513 3203 3575 secundum
3244 3514 3600 3576 naturalem
3640 3514 4003 3597 sapientiam

2521 3619 2772 3693 oportet
2818 3609 3261 3692 contemplari,
3316 3611 3546 3674 dehinc
3602 3612 3665 3675 id
3718 3611 4006 3694 prosequi

2521 3710 2692 3793 quod
2724 3707 3054 3791 praesentis
3086 3715 3183 3770 est
3211 3708 3512 3772 editionis
3542 3709 3829 3775 intentio.

2929 3969 3418 4036 ARTICULUS
3465 3970 3616 4036 VII.

2523 4121 2707 4189 Quod
2734 4138 2980 4178 necesse
3008 4120 3093 4179 sit
3124 4121 3197 4178 in
3227 4121 3481 4179 entium
3500 4119 3847 4180 ordinibus
3872 4119 4008 4196 sore

911 4213 1169 4267 naturas
1199 4200 1923 4284 supergredienS‚atque
1955 4199 2019 4260 in
2051 4197 2407 4260 intellectu·
2439 4198 2491 4263 D
2600 4228 2712 4269 ens
2758 4209 3029 4286 aliquod
3082 4228 3213 4269 non
3267 4209 3545 4284 factum,
3589 4217 3908 4270 oeternum
3952 4215 4009 4267 et

909 4302 1109 4366 alium
1161 4300 1581 4363 essentiarum
1631 4296 2132 4378 speculationem
2192 4297 2408 4378 prodi-

911 4420 1025 4465 ens
1047 4418 1060 4463 :
1085 4407 1183 4462 est
1213 4398 1386 4460 enim
1418 4397 1735 4458 humanus
1767 4393 2128 4456 intellectus
2160 4402 2409 4457 creatus

911 4500 979 4562 in
1028 4498 1256 4561 umbra
1304 4492 1764 4576 intelligentiae,
1811 4493 2164 4554 secundum
2213 4493 2403 4556 Isaac.

908 4601 1102 4664 Porro
1149 4595 1460 4677 sapientia
1505 4593 1630 4656 alia
1677 4599 1794 4666 est,
1841 4611 1982 4673 quae
2025 4609 2153 4654 non
2204 4592 2268 4654 in
2314 4591 2407 4653 lu-

909 4699 1084 4761 mine
1128 4702 1367 4757 naturae
1420 4693 1528 4756 sed
1571 4691 1787 4773 gratiae
1841 4691 1985 4752 data
2037 4697 2153 4762 est,
2199 4708 2408 4772 neque

908 4815 987 4858 ex
1044 4792 1317 4856 naturali
1375 4809 1587 4852 rerum
1649 4806 1975 4869 processu,
2028 4786 2138 4849 sed
2188 4805 2407 4868 super-

908 4892 1182 4957 naturali
1231 4898 1296 4953 et
1343 4888 1622 4952 mirifico
1670 4887 1940 4969 patescit
1987 4902 2002 4947 z
2049 4885 2184 4949 haec
2232 4885 2407 4947 enim

907 4990 1220 5074 sapientia
1248 5007 1362 5070 per
1391 4989 1668 5069 desuper
1698 4983 2023 5047 mentibus
2054 4982 2287 5045 factam
2319 5002 2409 5045 re-

906 5089 1289 5152 velationem
1322 5085 1640 5159 inl’luitur,
1674 5092 1739 5146 et
1769 5084 1833 5145 in
1876 5080 2281 5144 mirabilibus
2313 5081 2405 5143 di-

905 5189 1071 5252 vinae
1110 5184 1368 5250 virtutis
1405 5182 1710 5266 operibus
1748 5180 2088 5244 stabilitur.
2123 5179 2266 5242 Haec
2310 5187 2407 5242 est

907 5287 1050 5373 ipsa
1093 5291 1310 5346 nostra
1353 5280 1686 5364 sapientia,
1735 5279 2078 5342 christiana
2133 5278 2401 5356 theoria,

2600 4299 3059 4374 independens,

2645 4495 2899 4558 AUSAM
2930 4501 3145 4556 autem
3182 4511 3443 4556 necesse
3480 4501 3577 4556 est
3614 4493 3851 4557 effectu
3892 4493 4011 4578 pri·

2672 4611 2848 4656 orem
2880 4611 3020 4656 esse
3052 4601 3276 4654 natura
3314 4592 3417 4656 vel
3458 4600 3763 4675 tempore.
3800 4593 3867 4657 Si
3905 4593 4012 4674 igi·

2520 4700 2625 4755 tur
2691 4710 2880 4756 omne
2938 4710 3079 4754 esse
3138 4698 3467 4754 causatum
3526 4699 3645 4766 est,
3702 4691 4013 4774 oportebit

2519 4796 2665 4851 ante
2709 4807 2899 4852 omne
2944 4807 3083 4852 esse
3126 4806 3361 4870 ponere
3402 4805 3661 4850 causam
3698 4805 3711 4850 :
3753 4807 3880 4852 non
3924 4797 4013 4850 est

2518 4895 2731 4950 autem
2773 4887 3082 4969 possibile
3122 4894 3268 4949 ante
3310 4886 3527 4949 omnia
3568 4887 3811 4970 aliquid
3856 4905 4007 4950 esse.

2517 4987 2833 5069 Amplius,
2855 4985 3017 5047 nihil
3048 4993 3286 5058 causat,
3305 4984 3430 5047 nisi
3462 4985 3815 5048 secundum
3846 4985 4011 5067 quod

2517 5093 2615 5148 est
2664 5101 2678 5146 τ
2740 5085 2795 5147 si
2853 5101 3003 5166 ergo
3061 5102 3252 5147 omne
3310 5101 3449 5146 esse
3508 5092 3837 5147 causatum
3894 5092 4007 5158 est,

2516 5183 2638 5246 erit
2666 5183 2923 5266 aliquod
2952 5200 3091 5245 esse
3120 5190 3266 5244 ante
3294 5199 3485 5244 omne
3514 5200 3670 5246 esse.
3685 5182 4003 5256 Praeterea,

2516 5299 2707 5344 omne
2726 5299 2865 5345 esse
2894 5287 3247 5356 causatum,
3270 5287 3369 5342 est
3386 5279 3465 5342 de
3486 5298 3555 5342 se
3583 5280 3651 5343 in
3680 5281 3998 5365 potentia:
