4300 6259
633 1196 763 1240 Rom.
800 1209 843 1238 ix

592 1261 659 1302 21.

600 1886 713 1930 laid.
732 1901 790 1940 xi,
811 1891 851 1930 6.

612 2869 695 2908 art.
718 2878 855 2910 axvi.

594 3547 719 3576 xmus
724 3564 735 3576 .

598 3944 769 4001 Ephes.
784 3959 811 3996 1,
822 3949 862 3988 4.

880 493 1001 559 488

1442 511 1521 557 DE
1562 509 1788 557 Lunum
1829 507 2211 556 emusrlANAE
2249 507 2549 564 Tamum,
2594 508 2768 556 LIBER
2811 509 2872 555 11.
2919 528 2998 538 —
3040 512 3178 558 Am.
3224 512 3425 558 Lxxxv

880 690 992 745 aut
1046 681 1398 760 demerit03
1449 679 1991 764 quemadmodum
2048 677 2242 740 etiam
2300 696 2378 741 ex
2406 675 2457 738 A
2570 677 2888 742 Elucescit
2930 681 3124 762 igitur
3163 701 3242 744 ex
3284 682 3406 756 his,
3447 683 3619 765 quod
3659 683 3945 766 praedesti-

882 781 1165 863 simplici
1208 781 1479 843 artificis
1528 780 1853 842 voluntate
1901 777 2125 850 oritur,
2183 783 2254 838 ut
2299 796 2377 839 ex

882 880 1105 942 eadem
1139 879 1402 942 materia
1434 877 1839 940 uniformiter
1870 875 2379 958 disposita‚quae-

885 978 1032 1041 dam
1078 997 1227 1040 vasa
1266 977 1342 1040 ad
1392 976 1662 1050 nobileS,
1706 975 1997 1058 quaedam
2040 981 2254 1036 autem
2299 973 2378 1034 ad

886 1075 1201 1158 ignobiles
1234 1094 1386 1137 usus
1417 1074 1792 1137 formentur.
1827 1074 2165 1154 Propterea
2201 1089 2377 1133 nem-

846 1226 859 1246 ,
889 1193 967 1256 pe
998 1174 1335 1255 Apostolus
1372 1191 1384 1235 :
1423 1174 1517 1235 An
1565 1190 1692 1235 non
1736 1171 1926 1234 habet
1961 1171 2230 1252 (inquit)
2269 1187 2377 1252 po-

885 1279 1177 1334 testatem
1216 1271 1481 1352 figulus,
1519 1290 1595 1332 ex
1636 1270 1857 1332 eadem
1912 1287 2118 1330 massa
2170 1266 2375 1329 facere

880 1369 1054 1432 aliud
1086 1370 1347 1451 quidem
1390 1388 1501 1431 vas
1546 1369 1609 1430 in
1656 1368 1988 1439 honorem,
2018 1366 2190 1429 aliud
2225 1382 2376 1427 vero

882 1469 948 1529 in
992 1468 1493 1530 contumeliam?
1534 1467 1711 1529 Unde
1757 1472 2023 1538 constat,
2059 1463 2378 1546 praedesti-

879 1566 1201 1628 nationem
1236 1585 1311 1628 ex
1346 1565 1589 1628 meritis
1621 1582 1746 1627 non
1781 1563 2186 1645 processisse.
2231 1561 2378 1624 Gra-

879 1665 969 1726 tia
1016 1665 1213 1738 enim,
1267 1683 1408 1746 quae
1456 1671 1552 1725 est
1603 1661 2176 1744 praedestinationis
2226 1659 2380 1722 effe-

882 1771 1043 1836 ctus,
1067 1781 1193 1825 non
1226 1763 1615 1844 praevenitur
1649 1761 1913 1834 meritiS,
1934 1761 2041 1823 sed
2076 1758 2379 1841 praecedit

2488 777 2681 851 natio,
2735 779 3098 860 reprobatio
3145 786 3210 843 et
3265 781 3518 855 electio,
3570 782 3951 863 providentiae

2488 874 2720 939 divinae
2762 885 2973 958 partes
3017 880 3307 960 quaedam
3351 889 3524 954 sunt,
3558 881 3835 963 quoniam
3867 900 3952 943 re-

2488 983 2710 1056 spectu
2743 977 3066 1040 rationalis
3087 985 3388 1041 creaturae
3420 979 3734 1041 dumtaxat
3757 980 3955 1042 dicun·

2488 1079 2630 1151 tur3
2679 1074 3076 1155 providentia
3119 1083 3333 1138 autem
3383 1076 3602 1139 omnia
3641 1079 3950 1142 connectit.

2488 1171 2646 1233 Hinc
2691 1173 2906 1253 igitur,
2952 1192 3030 1235 ex
3073 1174 3316 1237 eisdem
3370 1175 3956 1238 considerationibus

2487 1270 2722 1351 quibus
2755 1271 3216 1353 praeinductum
3258 1282 3356 1336 est
3395 1274 3839 1355 providentiam
3869 1293 3956 1335 re·

2489 1367 2608 1430 bus
2639 1369 3080 1432 necessitatem
3114 1387 3240 1432 non
3272 1371 3571 1444 influere,
3591 1373 3766 1434 etiam
3795 1391 3958 1433 nunc

2488 1465 2717 1528 deduci
2751 1474 2958 1548 potest
2987 1467 3345 1531 libertatem
3377 1488 3450 1531 ac
3483 1470 3954 1550 contingentiam

2488 1582 2616 1626 non
2659 1564 2797 1627 tolli
2847 1565 2927 1628 ab
2975 1566 3231 1629 entibus
3281 1575 3542 1649 propter
3583 1567 3960 1650 praedestina·

2489 1662 2751 1737 tionem,
2783 1663 3298 1745 reprobationem
3343 1665 3838 1748 electionemque
3877 1667 3962 1728 di-

2487 1759 2724 1822 vinam.
2759 1762 2906 1834 Quae
2933 1762 3108 1824 enirn
3141 1763 3217 1824 de
3250 1763 3647 1845 providentia
3673 1765 3728 1826 in
3759 1764 3960 1846 primo
4007 1789 4180 1825 amm

884 1862 1111 1925 merita
1157 1862 1495 1924 hominum
1546 1860 1843 1922 universa
1890 1877 1904 1922 :
1952 1858 2192 1940 alioqui
2241 1876 2376 1938 gra·
2407 1853 2454 1915 B
2491 1856 2704 1920 habita
2733 1867 2902 1932 sunt,
2937 1860 3042 1922 hic
3073 1860 3292 1942 utique
3324 1862 3535 1924 locum
3567 1863 3827 1942 habent3
3857 1863 3958 1925 sed
3981 1851 4066 1890 ⁶¹³·

880 1961 968 2022 tia
1000 1977 1123 2022 non
1157 1967 1325 2022 esset
1354 1959 1572 2038 gratia.
1608 1958 1671 2020 Si
1717 1957 1892 2020 enim
1932 1975 2011 2020 ex
2050 1954 2377 2037 operibuS‚

877 2059 1010 2139 jam
1079 2058 1297 2138 gratiae
1356 2057 1668 2119 rationem
1734 2056 1989 2118 amittit.
2051 2056 2377 2126 Praeterea‚

878 2157 1175 2220 voluntas
1217 2155 1435 2217 divina
1479 2163 1575 2216 est
1618 2153 2194 2236 praedestinationis
2239 2171 2382 2214 cau-

880 2272 948 2315 sa
1010 2270 1023 2315 :
1086 2253 1379 2314 voluntas
1446 2259 1658 2314 autem
1730 2251 1946 2314 divina
2013 2259 2108 2313 est
2174 2251 2382 2332 prima

881 2370 1089 2413 causa.
1135 2351 1255 2414 Sed
1309 2351 1530 2433 primae
1572 2369 1777 2412 causae
1818 2367 1942 2412 non
1985 2358 2082 2411 est
2129 2367 2320 2410 causa
2363 2366 2376 2410 ε

882 2449 1069 2512 aliter
1100 2457 1269 2512 esset
1299 2448 1541 2530 aliquid
1575 2448 1753 2530 prius
1785 2449 2017 2530 prim0,
2052 2449 2220 2530 quod
2262 2447 2379 2508 im-

883 2548 1097 2631 plicat.
1133 2547 1551 2610 Providentiae
1582 2546 1773 2608 etiam
1807 2547 2038 2609 divinae
2080 2565 2181 2608 res
2215 2563 2383 2607 crea-

882 2653 961 2709 tae
1005 2664 1195 2708 causa
1238 2663 1364 2708 non
1410 2653 1561 2708 sunt
1594 2664 1608 2707 ε
1643 2653 1894 2708 aeternae
1939 2644 2110 2706 enim
2158 2662 2383 2725 praeor-

883 2745 1225 2806 dinationis
1284 2763 1383 2806 res
1432 2744 1801 2825 temporalis
1851 2762 2038 2805 causa
2086 2761 2212 2806 non
2263 2749 2376 2804 cst.

884 2843 1004 2906 Sed
1048 2844 1168 2905 hoc
1212 2843 1279 2904 in
1324 2843 1531 2924 primo
1578 2842 1829 2923 plenius
1879 2843 2379 2904 demonstratum

884 2949 1000 3003 est.
1054 2942 1168 3003 Per
1225 2941 1343 3002 hoc
1390 2949 1603 3002 autem
1658 2941 1887 3022 positio
1936 2940 2222 3020 Origenis
2281 2941 2385 3001 de-

2493 1956 2792 2019 reiterare
2833 1977 2907 2019 ea
2949 1975 3075 2020 non
3121 1961 3433 2040 congruit.

2804 2184 3292 2251 ARTICULUS
3340 2187 3672 2251 LXXXV.

2495 2309 3047 2374 Quemadmodum
3090 2310 3588 2382 prcrdestinatio
3619 2310 3856 2370 Christi
3887 2309 3964 2367 sit

2573 2416 2770 2455 causa
2839 2406 2900 2456 ec
2970 2401 3308 2472 eoeemplar
3385 2400 3966 2472 praedestinationis

2575 2495 2832 2545 nostrae.

2629 2644 2716 2706 ST
2759 2645 3000 2727 quippe
3047 2647 3540 2727 praedestinatiO,
3573 2647 3784 2709 divina
3817 2667 3973 2730 quae·

2655 2744 2798 2805 dam
2849 2762 2922 2805 ac
2972 2752 3208 2807 aeterna
3266 2746 3714 2827 praeordinatio
3765 2765 3968 2809 eorum

2493 2859 2634 2921 quae
2687 2844 2749 2902 in
2802 2849 3091 2922 tempore
3143 2863 3256 2925 per
3306 2844 3415 2906 Dei
3461 2845 3728 2926 gratiam
3779 2845 3974 2908 fienda

2495 2941 3122 3022 consummandaque
3180 2942 3497 3004 exsistunt
3559 2962 3573 3004 :
3638 2944 3800 3026 quod
3852 2943 3970 3024 jam

884 3037 1355 3101 struitur.Dixit
1382 3039 1555 3100 enim
1589 3038 1701 3099 hos
1734 3039 2016 3100 converti
2046 3038 2123 3100 ad
2158 3039 2379 3111 Deum,
2415 3038 2458 3101 C
2494 3055 2748 3119 quoque
2781 3045 3153 3120 praetactum
3185 3050 3298 3102 est.
3339 3041 3448 3102 Est
3473 3049 3688 3104 autem
3727 3042 3788 3104 in
3827 3049 3974 3104 tem-

887 3145 948 3199 et
997 3155 1123 3199 non
1176 3136 1342 3209 illos,
1395 3144 1655 3218 propter
1712 3137 2002 3218 quaedam
2060 3154 2254 3218 opera
2309 3154 2383 3197 ac

888 3235 1115 3297 merita
1145 3217 1286 3316 quae
1318 3252 1540 3296 eorum
1572 3235 1802 3298 animae
1836 3235 2208 3316 priusquam
2252 3254 2386 3296 cor-

891 3333 1154 3416 poribus
1186 3333 1730 3414 imprimerentur,
1768 3333 2069 3395 fecissent
2104 3351 2115 3393 :
2151 3333 2229 3394 de
2261 3353 2384 3414 qua

738 3483 862 3522 mu,
890 3432 1153 3514 quidem
1181 3431 1499 3513 positione
1540 3432 1603 3493 in
1637 3432 1756 3493 hoc
1796 3432 2076 3493 secundo
2117 3431 2384 3512 diligen-

889 3531 1019 3592 tius
1062 3531 1395 3611 inquisitio
1437 3530 1601 3592 facta
1643 3539 1756 3593 est.

970 3630 1180 3703 Porro,
1242 3629 1485 3692 ratione
1542 3629 1969 3691 distinctionis
2029 3631 2383 3691 secundum

890 3747 1083 3810 quam
1113 3728 1373 3810 quidam
1406 3727 1957 3809 praedestinantur,
1991 3728 2250 3809 quidam
2281 3747 2388 3788 au-

892 3834 1021 3889 tem
1082 3826 1520 3908 reprobantur,
1571 3824 1789 3887 divina
1844 3825 2070 3888 electio
2127 3826 2380 3887 dicitur.

892 3927 981 3988 De
1024 3945 1149 4007 qua
1186 3925 1273 3986 ait
1314 3923 1651 4005 Apostolus
1686 3941 1699 3984 :
1736 3923 1939 4003 Elegit
1983 3940 2096 3985 nos
2142 3924 2205 3985 in
2247 3924 2387 4004 ipso

892 4032 1038 4087 ante
1082 4024 1305 4086 mundi
1355 4021 1895 4085 constitutionem.
1949 4021 2124 4083 Licet
2171 4030 2383 4084 autem

891 4123 1224 4186 electionis
1268 4141 1379 4184 seu
1425 4120 1997 4201 praedestinationis
2038 4121 2214 4182 nulla
2263 4129 2387 4182 mc-

2495 3153 2647 3218 pore
2685 3136 2814 3216 (vel
2858 3136 3070 3218 potius
3115 3137 3179 3199 in
3223 3140 3532 3220 temporis
3576 3140 3975 3222 praeordinata

2493 3233 2922 3315 plenitudine)
2968 3235 3089 3298 hoc
3139 3236 3402 3310 factum,
3455 3245 3527 3298 ut
3575 3257 3690 3319 per
3735 3239 3973 3301 unionis

2492 3332 2758 3411 gratiam
2792 3333 2984 3395 homo
3011 3341 3179 3396 esset
3218 3335 3406 3407 DeuS,
3441 3344 3504 3397 et
3550 3336 3714 3398 Deus
3759 3337 3970 3410 homo;

2494 3448 2612 3492 nec
2644 3429 2911 3491 dubium
2945 3431 3101 3513 quin
3145 3440 3378 3495 aeterna
3409 3433 3654 3496 ratione
3684 3434 3746 3497 id
3777 3434 3970 3518 ipsum

2494 3548 2530 3590 a
2580 3529 2710 3590 Deo
2757 3529 3268 3611 praedispositum
3321 3531 3422 3592 sit.
3475 3533 3693 3614 Itaque
3739 3541 3971 3596 natura-

2496 3645 2638 3688 rum
2671 3626 2942 3689 duarum
2975 3628 3041 3689 in
3074 3647 3198 3690 una
3231 3647 3500 3710 persona
3541 3630 3770 3694 Christi
3811 3632 3970 3704 unio,

2496 3725 2616 3788 sub
2664 3732 2898 3789 aeterna
2938 3727 3046 3788 Dei
3097 3728 3652 3808 praedestinatione
3695 3732 3878 3804 cadit,
3919 3737 3970 3792 et

2494 3824 2576 3887 ob
2609 3824 2669 3886 id
2701 3825 2936 3886 dicitur
2973 3825 3259 3888 Christus
3299 3845 3438 3890 esse
3481 3829 3970 3909 praedestinatus,
3997 3853 4176 3896 Romi,

2496 3924 2606 3985 sed
2656 3923 2962 4003 singulari
3019 3924 3225 3986 mode.
3281 3925 3483 3988 Ceteri
3535 3927 3709 3990 enim
3761 3927 3974 4009 praede-

2495 4020 2814 4082 stinantur
2856 4027 2925 4082 ut
2967 4020 3096 4082 sint
3136 4022 3415 4104 adoptivi
3471 4025 3580 4086 Dei
3625 4024 3772 4097 filii,
3814 4025 3976 4105 juxta

2499 4119 2656 4181 illud
2707 4119 2990 4199 Apostoli
3039 4137 3052 4180 :
3101 4121 3577 4184 Praedestinavit
3618 4141 3733 4185 nos
3781 4125 3842 4186 in
3881 4123 4182 4190 tad-epam

892 4222 1012 4284 rita
1061 4240 1249 4282 causa
1297 4220 1424 4282 sint
1463 4218 1837 4292 effectuum,
1884 4226 2096 4281 tamen
2150 4221 2384 4300 praede-
2417 4218 2466 4280 D
2497 4219 2823 4300 optionem
2863 4218 3146 4280 filiorum
3180 4219 3312 4280 Dei.
3348 4219 3466 4282 Sed
3507 4220 3676 4282 sicut
3704 4222 3974 4285 Christus

890 4319 1251 4382 stinationis
1292 4325 1353 4380 et
1394 4316 1725 4381 electionis
1765 4336 1931 4378 unus
1969 4317 2151 4379 alteri
2198 4337 2386 4380 causa

889 4425 1096 4502 potest
1136 4436 1291 4479 esse.
1331 4415 1575 4478 Dicitur
1613 4416 1876 4497 insuper
1916 4417 2386 4496 praedestinatio

888 4523 1184 4598 respectu
1240 4514 1728 4592 salvandorum3
1782 4513 2181 4595 praescientia
2234 4533 2386 4577 vero

887 4621 1181 4697 respectu
1248 4613 1667 4694 reproborum
1726 4620 1790 4674 et
1847 4611 2194 4674 electorum
2255 4613 2382 4676 dici

886 4713 1212 4777 invenitur
1246 4721 1345 4774 :et
1375 4711 1635 4792 quidem
1669 4711 1942 4792 praesciti
1974 4711 2049 4772 ad
2086 4720 2380 4786 mortem,

884 4811 1141 4894 reprobi
1198 4809 1621 4892 appellantur.
1655 4809 2129 4882 Verumtamen,
2182 4828 2381 4891 quum

884 4909 1160 4994 praesciti
1209 4909 1287 4970 ad
1337 4909 1555 4980 vitam,
1607 4907 1927 4988 singulare
1976 4925 2233 4980 nomen,
2287 4916 2381 4969 ut-

882 5017 1036 5092 puta
1080 5005 1675 5089 praedestinationis,
1710 5005 1913 5067 sortiti
1953 5005 2100 5078 sint,
2142 5023 2378 5068 nomen

879 5105 1292 5190 praescientiae
1323 5111 1615 5185 respectu
1648 5102 2064 5184 reproborum
2097 5121 2380 5165 commu-

880 5206 1027 5268 nius
1068 5203 1273 5285 accipi
1324 5202 1504 5274 solet,
1548 5209 1621 5264 ut
1668 5201 1921 5284 reprobi
1972 5201 2371 5276 exsistenteS,

879 5301 1154 5385 praesciti
1198 5299 1627 5363 nominentur.

2499 4316 2806 4397 singulari
2839 4318 3026 4378 modo
3057 4336 3186 4398 prae
3216 4317 3360 4380 aliis
3388 4319 3500 4380 Dei
3531 4319 3728 4382 Filius
3760 4330 3873 4394 est,
3895 4321 3974 4382 sic

2497 4415 2860 4497 specialiter
2909 4415 3394 4497 praedestinatus
3451 4425 3565 4479 est.
3623 4419 3758 4482 Non
3819 4420 3974 4482 enim

2497 4514 2746 4576 Christo
2794 4514 3100 4595 competit
3145 4531 3284 4575 esse
3333 4513 3544 4577 filium
3594 4517 3973 4599 adoptivum,

2496 4611 2604 4674 sed
2637 4612 2848 4693 potius
2879 4611 3254 4672 naturalem.
3287 4613 3522 4676 Natura
3561 4634 3843 4698 namque
3877 4617 3974 4679 hu-

2497 4729 2683 4772 mana
2731 4709 2807 4771 ad
2860 4709 3376 4790 personalitatem
3423 4712 3614 4774 Verbi
3664 4723 3976 4796 assumpta

2494 4815 2610 4882 est,
2656 4818 2722 4870 ut
2763 4809 2847 4870 sit
2892 4809 3060 4871 idem
3108 4809 3304 4870 Filius
3349 4809 3414 4872 in
3457 4811 3710 4876 duabus
3749 4815 3974 4877 naturis

2491 4907 2870 4980 subsistens,
2921 4907 3131 4989 sitque
3179 4927 3345 4970 unus
3399 4909 3594 4972 Filius
3639 4912 3752 4974 Dei
3797 4913 3974 4976 Patris

2491 5012 2554 5068 et
2602 5025 2795 5067 sacrae
2842 5006 3138 5086 Virginis.
3193 5007 3281 5069 De
3329 5024 3458 5088 quo
3515 5010 3818 5090 superius
3869 5019 3974 5072 tra·
4007 5020 4180 5065 uanas*-

2490 5113 2728 5166 ctatum
2778 5113 2892 5166 est.
2933 5106 3048 5168 Per
3098 5105 3358 5168 modum
3411 5107 3606 5187 igitur
3653 5107 3851 5184 hunc,
3893 5129 3971 5171 ra-
3993 5097 4098 5128 ¹¹¹¹¹

2486 5205 2660 5266 tione
2709 5211 2949 5266 naturae
2997 5214 3342 5287 assumptae
3399 5206 3639 5270 dicitur
3697 5210 3968 5274 Christus

2488 5302 2990 5386 praedestinatuS.
