4300 6259
401 865 1868 1023 ELEMENTATIO
1987 864 3508 1021 PHILOSOPHICA

1845 1240 2062 1327 SEU

897 1540 1872 1656 COMPENDIUM
1973 1539 3023 1655 PHILOSOPHIAE

701 2194 851 2281 DE
923 2191 1752 2281 PHILOSOPHIAE
1829 2190 2346 2281 NOTIONE
2416 2192 2556 2278 ET
2624 2192 3221 2281 DIVISIONE

721 2524 1242 2592 PROPOSITIO
1287 2523 1590 2589 PRIMA.

489 2720 1012 2803 Phssosopma
1068 2718 1323 2787 variis
1383 2718 1642 2785 modis
1707 2719 1908 2785 accl-

410 2822 656 2902 p1tu1·‚
707 2821 792 2886 et
843 2820 1080 2901 juxta
1133 2818 1287 2886 hoc
1339 2816 1908 2899 mu1t1p1101ter

409 2918 814 2987 definitur.

491 3016 667 3091 Quod
724 3022 842 3091 est,
895 3015 1200 3099 quoniam
1257 3013 1553 3077 definitio
1609 3013 1906 3077 determi-

413 3120 560 3177 nate
606 3120 797 3196 atque
850 3113 1114 3196 praecise
1159 3111 1466 3193 exprimit
1512 3118 1576 3175 et
1630 3111 1909 3174 declarat

411 3212 776 3275 definitum.
811 3212 1000 3275 Porro
1041 3210 1449 3294 philosophia
1490 3210 1701 3292 primo
1740 3227 1908 3273 com-

411 3310 788 3373 munissime
817 3309 1093 3373 sumitur
1120 3327 1235 3392 pro
1261 3327 1668 3391 quacumque
1697 3327 1910 3370 rerum

414 3408 660 3483 notitia,
694 3414 758 3470 et
787 3407 882 3470 sic
915 3407 1002 3469 ita
1039 3407 1427 3470 describitur
1458 3424 1472 3469 ε
1507 3406 1913 3489 Philosophia

412 3514 510 3571 est
557 3525 771 3571 rerum
820 3506 1184 3568 divinarum
1243 3512 1308 3568 et
1361 3504 1740 3569 inferiorum
1798 3524 1912 3567 seu

414 3614 770 3683 creatarum
811 3604 1109 3687 cognitio.
1145 3604 1320 3667 Unde
1359 3603 1724 3687 philosophi
1765 3611 1915 3667 sunt

1934 2522 1986 2585 A
2015 2537 2181 2600 oegre
2212 2518 2379 2583 ferre
2410 2538 2611 2603 quum
2642 2520 2869 2585 debeat
2899 2522 3084 2597 mori,
3111 2540 3515 2607 nequaquam

2018 2618 2439 2701 philosophus
2482 2618 2647 2697 fuit3
2694 2619 2977 2701 itemque
3012 2638 3026 2683 z
3060 2620 3170 2683 Vir
3206 2622 3269 2684 in
3315 2622 3519 2705 philo-

2016 2716 2243 2797 sophia
2288 2716 2529 2779 ducens
2578 2717 2797 2791 vitam,
2849 2717 3119 2781 confidit
3166 2738 3367 2801 quum
3412 2720 3519 2783 de-

2017 2813 2165 2877 beat
2212 2814 2396 2889 mori,
2442 2815 2736 2878 maximis
2786 2834 2855 2878 se
2904 2815 3251 2880 fruiturum
3292 2817 3515 2898 bonis3

2015 2922 2082 2975 ct
2110 2914 2321 2977 denuo
2346 2932 2360 2976 :
2386 2914 2522 2977 Non
2553 2921 2650 2978 est
2667 2914 2935 2997 (inquit)
2954 2916 3319 2999 philosophi
3350 2918 3521 2981 circa

2017 3010 2487 3075 oblectamenta
2542 3019 2749 3075 tactus
2806 3019 2916 3075 aut
2971 3020 3194 3095 gustus
3252 3017 3514 3079 versari.

2020 3108 2180 3172 Hinc
2228 3119 2451 3173 octavo
2498 3111 2576 3173 de
2622 3110 2889 3175 Civitatc
2934 3112 3045 3175 Dei
3094 3119 3352 3177 sanctus
3394 3114 3519 3177 dis-

2019 3208 2221 3270 seruit
2284 3208 2677 3290 Augustinus
2749 3227 2763 3271 :
2834 3210 3032 3273 Verus
3100 3210 3521 3294 philosophus

2020 3305 2132 3369 Dei
2176 3313 2419 3370 amator
2456 3314 2572 3381 est,
2612 3307 2766 3389 quia
2812 3307 3233 3391 philosophus
3278 3318 3523 3375 amator

2020 3405 2351 3486 sapientiae
2400 3405 2685 3485 dicitur3
2738 3406 2903 3469 Deus
2962 3415 3175 3470 autem
3233 3427 3384 3471 vera
3447 3428 3520 3473 ac

2021 3523 2274 3567 summa
2335 3504 2649 3586 sapientia
2710 3504 3103 3587 perhibetur.
3164 3507 3239 3570 Et
3300 3527 3520 3572 rursus

2023 3603 2264 3667 ibidem
2328 3620 2342 3665 ε
2400 3602 2707 3677 Primum,
2768 3622 3093 3667 summum
3164 3625 3237 3669 ac
3297 3626 3521 3671 verum

415 3706 645 3779 vocati,
705 3704 818 3787 qui
884 3700 1320 3787 quarumlibet
1382 3720 1598 3765 rerum
1665 3721 1910 3777 causas,
1945 3700 1994 3763 B
2023 3700 2264 3765 bonum
2306 3702 2596 3764 nominat
2634 3701 2807 3765 Plato
2846 3702 3070 3778 Deum,
3105 3703 3344 3769 idcirco
3381 3706 3522 3788 phi-

415 3804 715 3877 rationes,
767 3801 1210 3885 proprietateS,
1261 3800 1544 3865 actiones
1601 3807 1665 3864 et
1720 3819 1916 3883 opera

417 3901 802 3965 studuerunt
827 3917 1187 3981 agnoscere.
1223 3898 1456 3981 Sicque
1487 3907 1744 3981 sumpta
1774 3900 1913 3982 phi-

418 3998 730 4082 losophia,
797 3998 1182 4080 theologiam
1249 3997 1540 4069 includit,
1609 3998 1914 4081 quoniam

417 4116 634 4163 rerum
677 4097 1042 4161 divinarum
1087 4096 1348 4179 agnitio,
1393 4096 1710 4179 theologia
1752 4116 1914 4159 nun·

417 4204 706 4281 cupatur.
733 4196 1024 4261 Secundo
1053 4194 1459 4280 philosophia
1488 4196 1916 4261 communiter

416 4296 668 4379 capitur
709 4312 826 4378 pro
863 4294 1176 4359 Creatoris
1217 4312 1291 4357 ac
1329 4301 1764 4357 creaturarum
1804 4313 1913 4357 no·

415 4394 578 4469 titia,
631 4393 905 4457 naturali
965 4394 1208 4457 ratione
1259 4392 1590 4476 reperibili
1651 4412 1766 4456 seu
1821 4412 1916 4457 re-

415 4500 618 4578 perta,
669 4492 891 4575 sicque
941 4492 1152 4557 taliter
1207 4490 1518 4556 definitur
1575 4509 1588 4554 :
1640 4492 1915 4556 Philoso-

415 4592 569 4676 phia
605 4598 702 4655 est
739 4591 906 4655 entis
938 4590 1202 4654 increati
1231 4598 1342 4655 aut
1381 4590 1578 4654 creati
1623 4590 1912 4665 scientia,

413 4690 688 4755 naturali
751 4689 998 4753 lumine
1055 4688 1480 4753 innotescens,
1535 4690 1612 4753 Et
1659 4690 1745 4752 ita
1793 4688 1916 4751 dis-

411 4788 728 4871 tinguitur
781 4807 820 4851 a
877 4787 1339 4851 credendorum
1399 4788 1642 4851 notitia.
1705 4788 1914 4851 Tertio

2024 3800 2361 3883 losophum
2427 3800 2567 3863 vult
2636 3818 2777 3863 esse
2848 3801 2959 3864 Dei
3022 3811 3393 3879 amatorem,
3454 3813 3525 3868 ut

2023 3898 2329 3982 quoniam
2372 3898 2781 3983 philosophia
2817 3900 2896 3962 ad
2932 3900 3127 3963 vitam
3168 3902 3374 3965 tendit
3413 3903 3519 3966 be-

2022 4004 2214 4071 atam,
2266 3997 2486 4060 fruens
2546 3997 2674 4061 Deo
2732 3996 2955 4061 beatus
3014 3999 3099 4061 sit
3154 4001 3264 4083 qui
3322 4001 3520 4064 Deum

2023 4096 2351 4159 amaverit.

2103 4197 2430 4260 Postremo
2476 4195 2883 4277 assignantur
2928 4202 2993 4259 et
3037 4196 3179 4261 alise
3230 4199 3519 4281 quasdam

2024 4295 2447 4379 philosophias
2496 4295 2980 4378 descriptione8‚
3032 4315 3174 4379 quae
3229 4298 3308 4360 ad
3366 4316 3523 4381 prae-

2027 4394 2319 4457 inductas
2360 4393 2638 4458 faciliter
2680 4394 3096 4469 reducuntur,
3144 4402 3213 4457 ut
3256 4396 3409 4459 dum
3455 4396 3519 4458 in

2025 4492 2419 4555 Didascalico
2448 4494 2537 4555 ait
2566 4493 2744 4575 Hugo
2778 4510 2792 4556 ε
2825 4492 3233 4577 Philosophia
3262 4502 3360 4557 est
3394 4495 3521 4559 dis·
3574 4516 3647 4559 ub.
3670 4529 3699 4566 ι,
3724 4528 3769 4559 n.

2024 4589 2287 4672 ciplina,
2334 4590 2624 4654 omnium
2668 4592 3094 4656 humanarum
3148 4612 3221 4655 ac
3281 4593 3521 4657 divina-

2023 4706 2167 4750 rum
2201 4706 2415 4751 rerum
2462 4690 2737 4753 rationes
2778 4690 3063 4773 plenarie
3105 4691 3513 4774 investigans,

2025 4786 2102 4849 Et
2157 4786 2389 4849 iterum
2443 4805 2457 4849 :
2512 4787 2919 4871 Philosophia
2970 4797 3068 4853 est
3114 4808 3293 4854 amor
3348 4792 3513 4875 sapi-

409 4886 628 4950 stricte
669 4884 984 4969 accipitur
1013 4904 1129 4969 pro
1171 4886 1444 4949 naturali
1488 4904 1703 4949 rerum
1744 4887 1915 4968 agni-
1942 4883 1987 4948 C
2023 4884 2211 4949 entiae
2260 4904 2403 4968 quae
2452 4885 2693 4949 nullius
2741 4887 3054 4968 indigena,
3087 4888 3274 4952 vivax
3316 4908 3517 4965 mens,

409 4983 585 5048 tione
615 4984 910 5059 formata,
944 4984 1064 5047 hoc
1093 4991 1191 5048 est
1218 4984 1567 5047 virtutibus
1597 4985 1911 5059 decorata,

410 5082 768 5167 praesertim
799 5082 1038 5145 summi
1078 5081 1230 5146 boni
1271 5100 1508 5157 amore,
1542 5082 1767 5146 saltem
1807 5103 1917 5146 na-

408 5180 601 5245 turali
631 5186 696 5243 ct
723 5180 1056 5263 acquisito.
1089 5181 1276 5243 Juxta
1315 5199 1510 5263 quem
1555 5200 1814 5244 sensum
1847 5182 1915 5245 in

409 5278 721 5345 Phaedone
761 5277 1044 5362 loquitur
1081 5278 1252 5343 Plato
1285 5296 1298 5341 :
1333 5278 1396 5342 Si
1437 5296 1628 5362 quem
1674 5280 1911 5344 videris

2029 4990 2092 5047 et
2129 4984 2259 5048 sola
2306 5002 2519 5047 rerum
2550 4983 2853 5066 primaeva
2890 4992 2987 5048 est
3026 4986 3199 5049 ratio.
3232 4987 3377 5051 Haec
3420 4988 3523 5051 de-

2025 5082 2231 5145 finitio
2277 5083 2355 5144 ad
2404 5082 2845 5165 etymologiam
2896 5084 3169 5165 pertinet
3217 5086 3513 5150 nominis.

2025 5182 2277 5244 Etenim
2308 5185 2463 5267 φίλος
2485 5180 2719 5257 Graece,
2743 5181 2989 5244 amicus
3010 5182 3231 5246 Latine
3260 5184 3515 5259 dicitur,

2025 5286 2192 5366 σοφία
2249 5296 2399 5342 vero
2456 5280 2770 5362 sapientia
2818 5280 3288 5364 interpretatur.
3340 5282 3516 5358 Quod
