4300 6259
1129 501 1552 549 stauam-Ario
1591 499 1992 550 mammea.
2033 519 2116 535 —
2156 501 2237 548 ns
2276 499 2545 550 racemo
2584 501 2899 550 omarum
3448 480 3563 546 191

447 677 772 750 quantum
801 669 972 744 talis,
1004 689 1132 734 non
1170 677 1374 735 exstat
1403 669 1745 754 culpabilis
1781 689 1796 733 :
1831 671 1962 734 imo
1990 670 2041 732 A
2067 673 2155 738 to
2194 671 2389 740 vttae
2427 686 2591 740 suae
2632 669 3061 752 canicule,
3091 683 3277 736 mox
3315 669 3565 734 trans-

447 767 506 828 si
564 767 646 830 ad
695 767 896 832 finem
945 768 1236 832 debitum
1285 767 1618 844 reseratur,
1671 768 1962 833 consistit
2067 768 2247 836 lati.

448 864 821 941 laudabiliS,
855 867 966 929 sed
1010 873 1074 930 et
1117 866 1464 940 meritoria,
1499 887 1628 930 una
1666 885 1812 930 cum
1845 884 1963 929 suo
2148 866 2327 940 Quod
2370 875 2487 942 est,
2528 866 2681 950 quia
2716 873 2873 930 tunc
2912 865 3288 929 habuissent
3330 871 3566 926 certam

441 971 624 1036 actu,
665 962 818 1026 dum
860 972 1042 1026 actus
1071 963 1181 1026 ille
1207 983 1286 1027 ex
1327 964 1587 1027 caritate
1619 966 1906 1047 procedit
1943 982 1956 1026 :
2069 983 2203 1028 suae
2246 965 2543 1029 viationis
2582 965 3005 1038 durationem,
3038 971 3103 1026 et
3142 962 3455 1026 incolatus
3499 961 3571 1024 il·

439 1079 536 1122 ex
581 1080 709 1143 qua
757 1061 822 1124 in
869 1061 1162 1144 paradiso
1213 1061 1686 1125 indeviabiliter
1734 1061 1962 1124 suisset
2071 1063 2197 1126 lius
2230 1082 2595 1126 mensuram
2626 1063 2749 1126 sibi
2782 1081 2819 1126 a
2856 1062 2985 1126 Deo
3021 1061 3373 1144 praefixam,
3407 1060 3571 1124 sicut

443 1159 890 1242 progrediens,
924 1160 1208 1234 Interim,
1243 1178 1372 1242 quo
1415 1167 1640 1223 natura
1679 1159 1960 1222 humana
2071 1169 2135 1223 et
2196 1161 2384 1224 modo
2435 1179 2449 1224 t
2512 1161 2656 1224 ideo
2712 1167 2999 1244 tempore
3056 1159 3167 1222 illo
3225 1158 3567 1240 completo,

443 1257 517 1318 in
587 1257 878 1338 paradiso
937 1257 1164 1320 fuisset
1211 1257 1516 1332 vivacior,
1569 1257 1812 1339 purior,
1865 1257 1958 1320 in·
2070 1259 2449 1322 transissent
2494 1259 2571 1322 ad
2612 1258 2921 1340 gloriam3
2968 1276 3085 1321 nec
3130 1256 3569 1340 purgatorium

438 1357 714 1436 tegrior‚
760 1363 824 1418 et
871 1355 939 1418 in
984 1355 1162 1419 omni
1211 1374 1404 1418 sensu
1453 1355 1956 1438 perceptibilior‚
2071 1365 2227 1420 tunc
2258 1356 2501 1420 suisset.
2528 1357 3017 1440 Denique,Deus
3040 1373 3569 1437 unumquemque

437 1471 532 1516 eo
563 1471 820 1536 quoque
849 1454 1186 1517 delectatio
1217 1454 1326 1516 illa
1349 1454 1574 1517 luisset
1605 1454 1956 1518 intensior:
2071 1455 2421 1520 electorum
2470 1457 2537 1518 in
2586 1463 2817 1520 aeterna
2862 1455 3177 1539 sapientia
3237 1473 3353 1517 sua
3412 1471 3571 1536 pra)-

443 1553 812 1634 praesertim
842 1553 992 1634 quia
1019 1559 1167 1615 tunc
1197 1551 1484 1614 homines
1515 1552 1962 1634 cognovissent
2068 1553 2390 1618 ordinavit
2415 1555 2493 1618 ad
2539 1564 2785 1617 certum
2830 1553 3245 1617 beatitudinis
3272 1551 3563 1633 gradum,

439 1667 720 1713 omnem
785 1648 1262 1713 commixtionis
1317 1650 1688 1731 hujusmodi
1744 1657 1958 1712 actum
2068 1661 2130 1714 et
2162 1660 2415 1734 tempus
2454 1652 2794 1734 praestituit
2834 1651 3001 1714 infra
3040 1651 3210 1738 quod
3250 1656 3569 1712 mereatur

441 1767 604 1811 esse
658 1747 1264 1822 fructuosissimum,
1317 1755 1470 1830 puta
1527 1748 1959 1831 praedestinati
2067 1750 2367 1813 eumdem
2420 1767 2435 1814 t
2484 1767 2613 1833 quo
2670 1749 3012 1833 completo,
3064 1748 3231 1812 tollit
3284 1766 3433 1811 eum
3492 1746 3571 1809 de

441 1846 777 1909 individui
823 1847 1298 1928 procreativum
1351 1863 1366 1908 ε
1419 1865 1540 1910 nec
1587 1847 1762 1910 enim
1810 1865 1958 1910 con·
1989 1849 2036 1912 B
2069 1849 2303 1912 saeculo
2336 1850 2495 1927 isto;
2524 1849 2609 1912 ita
2646 1856 2711 1911 et
2750 1856 2904 1910 tunc
2945 1846 3173 1910 fuisset
3212 1853 3565 1929 peractum.

439 1945 784 2008 venissent
830 1943 1226 2007 infructuose
1274 1953 1386 2006 aut
1434 1945 1574 2008 sine
1629 1944 1805 2026 prole
1863 1963 1960 2006 se-
2069 1947 2176 2010 Sic
2234 1955 2297 2009 et
2349 1948 2428 2010 de
2485 1947 2777 2030 reprobis
2826 1944 3067 2020 statuit,
3121 1954 3433 2027 quantum
3481 1943 3569 2006 fa-

435 2048 846 2124 quente,nec
879 2050 1022 2124 post
1051 2043 1646 2124 impraegnationem
1675 2042 1954 2116 feminae,
2069 2045 2363 2108 cinerum
2408 2047 2657 2130 pondus
2699 2045 2780 2109 ab
2818 2061 3205 2127 unoquoque
3250 2043 3404 2107 velit
3447 2042 3573 2105 sus-

431 2141 580 2204 nisi
649 2146 791 2223 post
855 2148 1132 2224 partum.
1193 2140 1354 2202 Hinc
1419 2147 1486 2202 et
1541 2140 1959 2224 probabiliter
2067 2143 2237 2206 serre
2271 2162 2285 2207 ε
2319 2161 2447 2226 quo
2474 2144 2845 2227 adimpleto,
2870 2143 3163 2226 protinus
3191 2141 3570 2204 auferuntur

433 2240 758 2314 ereditur,
819 2241 990 2322 quod
1047 2239 1311 2322 aequalis
1376 2239 1606 2302 suisset
1669 2240 1954 2304 virorum
2067 2244 2146 2305 de
2198 2243 2427 2306 medio.
2474 2243 2649 2306 Unde
2694 2241 3003 2304 Dominus
3046 2240 3208 2304 dixit
3250 2240 3329 2302 ad
3372 2239 3568 2302 Abra-

431 2337 932 2420 mulierumque
961 2355 1312 2418 numerus;
1345 2356 1465 2400 nec
1495 2338 1828 2418 virginitas
1857 2339 1956 2402 fu·
2067 2340 2215 2403 ham
2252 2357 2267 2402 τ
2298 2340 2593 2404 Nondum
2633 2340 2969 2422 completae
3008 2346 3157 2401 sunt
3196 2337 3565 2420 iniquitates
3598 2357 3868 2410 amanio.

431 2437 610 2514 isset
659 2444 812 2498 tunc
859 2437 1086 2510 virtuS‚
1130 2455 1250 2500 nec
1299 2445 1670 2500 conservata
1715 2437 1796 2500 ab
1843 2437 1954 2500 ali·
2067 2439 2599 2502 Amor-rhaeorum.
2636 2439 2713 2501 Et
2748 2438 2919 2521 apud
2952 2437 3290 2501 Jeremiam
3336 2436 3568 2518 legitur

431 2553 602 2617 quo.
655 2535 978 2598 Postremo
1021 2535 1396 2598 commixtio
1439 2535 1550 2598 illa
1593 2534 1732 2598 sine
1778 2535 1954 2598 omni
2063 2537 2295 2600 Judaeis
2334 2537 2579 2600 dictum
2612 2554 2625 2599 :
2658 2538 2795 2602 Non
2836 2543 3081 2620 poterat
3116 2553 3229 2598 vos
3259 2535 3567 2598 Dominus
3629 2553 3724 2600 ser.
3748 2567 3861 2608 mv.

431 2633 820 2696 indecentia
861 2633 1229 2706 exstitisset,
1277 2651 1480 2716 neque
1526 2651 1563 2694 a
1611 2633 1955 2716 spirituali·
2065 2635 2234 2698 ultra
2279 2635 2615 2708 sustinere,
2662 2643 2923 2718 propter
2970 2633 3279 2697 malitiam
3328 2634 3565 2698 studio·
3594 2621 3662 2664 ²²·

433 2733 576 2794 bus
615 2731 868 2794 actibus
917 2729 1378 2813 impedivisset,
1419 2729 1588 2793 sicut
1625 2749 1794 2794 nunc
1843 2750 1959 2794 sua
2065 2753 2211 2796 rum
2259 2740 2639 2797 vestrorum.
2692 2731 2981 2797 Christus
3031 2733 3187 2796 item
3248 2732 3313 2795 in
3364 2733 3567 2796 Evan-

429 2830 782 2913 voluptate
828 2831 1138 2892 rationem
1181 2828 1500 2892 absorbet.
2063 2833 2235 2914 gelio
2270 2850 2284 2894 τ
2318 2832 2583 2916 implete
2612 2832 2879 2915 (inquit)
2910 2850 3277 2895 mensuram
3308 2839 3563 2914 patrum
3645 2845 3821 2890 natet..

2065 2939 2449 2994 vestrorum.
2484 2931 2934 2994 Verumtamen
2966 2930 3167 3013 aliqui
3196 2929 3563 3012 opinantur,
3594 2921 3711 2960 ’ω’
3737 2911 3807 2954 ³²·

1988 3033 2031 3098 C
2064 3031 2236 3112 quod
2264 3029 2547 3092 universi
2578 3030 2641 3092 in
2675 3029 2969 3113 paradiso
3002 3025 3571 3110 mansissent,quo‡

2065 3147 2269 3210 usque
2339 3127 2591 3190 cunctis
2657 3127 3003 3211 procreatis
3072 3127 3313 3200 electis,
3374 3125 3569 3190 simul

2063 3225 2339 3290 fuissent
2376 3226 2663 3290 translati
2704 3233 2767 3289 et
2805 3225 3146 3308 glorificati
3182 3243 3197 3288 t
3231 3225 3401 3308 quod
3442 3243 3571 3288 non

523 3331 626 3395 In
675 3328 1152 3395 innoeentiae
1197 3328 1443 3408 statu,
1493 3325 1861 3393 homines
1907 3339 1956 3392 a
2064 3342 2230 3398 reor,
2281 3323 2435 3406 quia
2489 3323 2799 3408 quamdiu
2860 3324 3242 3388 mansissent
3302 3322 3567 3397 ibidem,

417 3427 824 3510 paradiso
891 3425 1268 3493 terrestri
1327 3424 1428 3492 ad
1498 3424 1958 3506 paradisum
2065 3421 2341 3485 fuissent
2390 3421 2455 3484 in
2504 3421 2810 3486 continuo
2855 3423 3192 3486 assiduove
3251 3420 3569 3503 profectu,

417 3524 1067 3604 ooelestem,sine
1097 3523 1576 3592 intermedia
1606 3536 1837 3604 poena
1866 3537 1958 3589 ao
2065 3521 2287 3603 sicque
2331 3521 2577 3603 priores
2621 3519 2805 3584 valde
2847 3520 3280 3584 excrevissent
3324 3520 3388 3583 in
3438 3537 3570 3582 me-

415 3624 736 3702 morte,
766 3621 1108 3688 fuissent
1134 3621 1585 3701 sigillatim,
1616 3620 1958 3702 eomple—
2065 3619 2189 3682 rito
2220 3618 2385 3682 ultra
2414 3627 2791 3702 postremoS,
2826 3619 3055 3681 deinde
3088 3618 3152 3681 in
3186 3617 3473 3701 praemio.

878 3095 1399 3163 PROPOSITIO
1447 3095 1518 3160 C.

1287 4067 1428 4152 DE
1511 4063 2024 4152 PECCATO
2103 4062 2737 4151 ORIGINALI

862 4405 1384 4474 PROPOSITIO
1429 4405 1538 4470 CI.
1983 4398 2034 4463 D
2066 4397 2498 4482 primordialis
2523 4396 2809 4480 justitiae,
2834 4395 3061 4480 primis
3082 4399 3453 4482 parentibus
3474 4399 3569 4464 sic

2066 4497 2333 4571 collatae,
2386 4497 2557 4579 quod
2604 4496 2729 4560 fuit
2784 4497 2848 4558 in
2910 4505 3195 4580 posteros
3250 4499 3570 4562 transfun-

519 4601 946 4680 originale
989 4599 1406 4680 peceatum
1443 4598 1568 4663 est
1605 4595 1957 4676 privatio
2067 4596 2275 4660 denda
2306 4613 2321 4659 ε
2355 4594 2591 4678 quibus
2636 4595 2909 4677 posteris
2952 4595 3227 4677 privatio
3267 4595 3378 4660 illa
3414 4615 3570 4679 quo-

413 4699 880 4780 originalis
937 4695 1283 4780 justitiae
1341 4709 1434 4762 ae
1489 4695 1773 4774 gratiae
1833 4694 1955 4760 de·
2068 4694 2409 4757 dammodo
2458 4694 2808 4775 imputatur
2854 4711 2891 4754 a
2943 4692 3091 4766 Deo,
3143 4693 3209 4756 in
3258 4702 3569 4776 quantum

417 4803 648 4871 bitae
695 4802 978 4877 inesse,
1035 4797 1138 4862 ad
1195 4795 1406 4877 quod
1463 4792 1960 4873 multiplices
2068 4811 2292 4856 omnes
2322 4809 2439 4854 suo
2468 4791 2655 4853 modo
2684 4791 2947 4854 suerunt
2976 4792 3041 4853 in
3074 4791 3279 4873 primo
3307 4803 3571 4875 parente

417 4913 714 4988 poenae
767 4896 1102 4964 inflictae
1149 4895 1338 4960 sunt
1386 4894 1470 4959 et
1515 4895 1960 4958 oonseeutae
2070 4891 2269 4954 veluti
2316 4891 2381 4952 in
2425 4889 2658 4962 radice,
2708 4890 2773 4951 in
2819 4908 2945 4971 qua
2986 4888 3338 4953 deformata
3380 4899 3443 4954 et
3486 4893 3574 4954 vi-

415 5007 536 5071 111
577 4999 936 5065 homine·
2071 4990 2223 5052 tiata
2265 4988 2389 5050 fuit
2432 4987 2569 5070 ipsa
2608 4995 2831 5049 natura
2864 5005 2878 5048 t
2923 4988 3461 5069 quemadmodum
3506 4997 3573 5053 et

525 5097 718 5172 Quod
745 5102 866 5167 est,
899 5093 1052 5176 quia
1081 5098 1416 5175 peccatum
1457 5108 1536 5152 ex
1565 5107 1682 5151 sua
1717 5087 1960 5150 ratione
2073 5088 2276 5151 multa
2324 5086 2614 5149 membra
2660 5086 2726 5149 in
2776 5101 2905 5149 uno
2964 5095 3113 5149 sunt
3167 5105 3454 5171 corpore,
3506 5098 3570 5154 et

417 5206 546 5265 est
577 5194 878 5278 quaedam
911 5191 1204 5274 privatio.
1221 5189 1452 5271 Sicque
1479 5186 1788 5268 originale
1817 5203 1963 5268 pec·
2073 5186 2406 5248 individua
2448 5185 2650 5246 multa
2692 5184 2755 5246 in
2800 5184 3017 5267 specie
3058 5204 3203 5248 una.

419 5304 674 5364 catum
731 5291 1026 5355 defectus
1083 5295 1182 5351 est
1227 5287 1580 5370 privativus
1628 5285 1852 5368 primae
1900 5291 1966 5348 et
2151 5284 2602 5346 Verumtamen
2643 5281 2764 5346 hoc
2804 5291 3137 5365 peccatum
3170 5300 3299 5348 non
3337 5283 3432 5348 sic
3460 5303 3568 5372 po-
