4300 6259
1730 499 1915 546 mnnx
1956 498 2293 548 dannanus
2340 459 2347 464 ὁ

533 660 802 718 creabilis
845 666 948 722 aut
993 667 1203 724 creatae
1257 665 1318 723 in
1375 665 1574 724 divina
1621 671 1816 726 mente

533 749 854 809 consistens
867 795 1812 814 ...........
1857 759 1960 815 uo

450 838 782 912 Propositio
811 842 1022 900 XLVII.
1050 844 1220 901 Solus
1249 845 1400 903 Deus
1442 845 1691 918 perfecte
1729 851 1816 904 est

533 931 784 988 aeternus
859 974 1810 992 ...........
1856 936 1959 992 147

449 1017 782 1091 Propositio
827 1021 1060 1078 XLVIII.
1112 1023 1624 1088 Quemadmodum
1675 1025 1817 1081 sim-

533 1106 851 1179 plicissima
880 1110 982 1168 Dei
1022 1111 1274 1170 essentia
1310 1129 1550 1170 omnem
1585 1115 1814 1172 essendi

530 1195 944 1270 perfectionem
971 1199 1032 1255 in
1063 1215 1122 1257 se
1151 1200 1634 1274 excellentissime
1665 1219 1820 1260 com·

532 1285 854 1358 prehendit,
886 1304 954 1346 ac
978 1288 1156 1346 variis
1187 1289 1532 1363 designatur
1558 1291 1813 1350 nomini·

532 1374 666 1442 bus;
697 1375 780 1433 sic
809 1376 1138 1436 clarissima
1168 1378 1266 1438 Dei
1298 1379 1545 1437 scientia
1571 1397 1811 1440 omnem

527 1463 942 1537 perfectionem
971 1471 1029 1525 et
1055 1468 1438 1527 eminentiam
1461 1486 1813 1543 cognoscen-

527 1553 586 1610 di
616 1553 881 1624 includit,
913 1559 970 1614 et
997 1572 1101 1630 per
1127 1562 1454 1632 respectum
1482 1560 1558 1616 ad
1583 1560 1814 1618 diversa

525 1644 750 1718 objecta
795 1663 864 1703 ac
907 1647 1100 1704 varios
1154 1652 1336 1716 actus,
1393 1649 1811 1722 appellationes

525 1735 720 1808 plures
747 1735 989 1795 sortitur
1049 1778 1806 1798 .........
1852 1741 1955 1799 147

447 1823 776 1898 Propositio
801 1826 982 1884 XLIX.
1015 1827 1231 1895 Prima,
1265 1827 1606 1902 principalis
1635 1830 1810 1904 origi-

527 1914 790 1987 nalisque
819 1931 994 1973 causa
1033 1933 1138 1974 seu
1171 1917 1324 1975 ratio
1349 1917 1810 1991 praedestinatio·

527 2003 618 2059 nis
635 2004 973 2074 electorum,
993 2021 1063 2063 ex
1085 2009 1248 2080 parte
1269 2005 1368 2064 Dei
1387 2009 1680 2066 sumenda
1698 2011 1804 2067 est.
1845 2008 1951 2066 us

443 2092 774 2166 Propositio
800 2095 861 2151 L.
892 2095 1008 2152 Nec
1035 2095 1400 2168 providentia
1425 2097 1526 2154 Dei
1557 2097 1812 2154 mutabi-

523 2182 676 2241 libus
702 2200 772 2239 ac
798 2184 1274 2258 contingentibus
1299 2187 1494 2254 rebus,
1526 2203 1634 2244 nec
1663 2203 1809 2260 proe-

523 2271 832 2330 destinatio
863 2278 1082 2332 aeterna
1106 2274 1492 2333 rationalibus
1522 2277 1807 2334 creaturis

521 2361 928 2420 necessitatem
957 2361 1212 2436 imponit
1229 2395 1801 2422 .......
1847 2366 1954 2424 156

447 2451 779 2524 Propositio
805 2452 891 2509 LI.
915 2453 1068 2510 Deus
1097 2453 1728 2527 incircumscriptibilis
1756 2459 1812 2514 et

524 2540 866 2609 immensus,
888 2541 1066 2599 variis
1095 2543 1286 2600 modis
1315 2547 1402 2602 est
1429 2543 1488 2601 in
1517 2545 1712 2604 rebus.
1791 2589 1805 2602 .
1851 2547 1949 2604 151

452 2628 778 2704 Propositio
815 2631 928 2689 LII.
975 2633 1040 2689 In
1085 2634 1200 2691 Deo
1239 2633 1542 2692 liberrima
1587 2640 1676 2692 est
1713 2652 1810 2692 vo-

525 2719 720 2778 luntas
761 2763 1804 2781 ............
1849 2726 1953 2782 152

453 2808 780 2883 Propositio
805 2811 945 2868 LIII.
975 2811 1298 2869 Rationalis
1338 2815 1606 2870 creatura
1640 2831 1810 2872 suam

527 2899 882 2959 voluntatem
915 2900 1283 2961 conformare
1319 2919 1388 2960 ac
1431 2903 1676 2962 subdere
1719 2905 1814 2962 de-

525 2988 622 3046 bet
647 2989 934 3049 voluntati
965 2989 1178 3048 divinae
1231 3034 1806 3051 .......
1851 2993 1954 3050 153

664 3227 748 3277 DE
789 3230 1208 3280 Pnonuc'nomz
1251 3232 1457 3280 RRRUU
1498 3232 1539 3279 A
1583 3233 1724 3280 DEO.

459 3437 781 3512 Propositio
807 3438 942 3496 LIV.
963 3439 1302 3512 'temporale
1331 3438 1568 3497 initium
1600 3441 1812 3514 produ·

527 3527 738 3586 ctionis
755 3527 1076 3586 visibilium
1096 3531 1154 3586 et
1171 3528 1556 3587 invisibilium
1589 3534 1814 3588 creatu·

522 3634 747 3685 rarum,
803 3617 1054 3691 Spiritus
1108 3619 1356 3675 Sanctus
1421 3635 1525 3692 per
1576 3620 1805 3693 Moysen

527 3705 938 3780 compendiose
975 3707 1384 3780 deprompsit:
1417 3707 1480 3763 ln
1520 3707 1810 3781 principio

521 3795 842 3869 (inquiens)
855 3795 1070 3854 creavit
1087 3797 1240 3855 Deus
1259 3794 1472 3854 coelum
1493 3799 1550 3854 et
1566 3800 1806 3855 terram.
1849 3797 1954 3854 154

446 3885 772 3958 Propositio
809 3885 918 3940 LV.
949 3883 1278 3942 Auctoritas
1314 3883 1444 3950 ista,
1485 3886 1550 3942 In
1593 3885 1810 3958 princi-

523 3974 620 4048 pio
649 3973 866 4032 creavit
889 3974 1041 4032 Deus
1065 3975 1276 4032 coelum
1306 3977 1364 4032 et
1389 3978 1630 4041 terram,
1663 3974 1813 4035 mul·

522 4063 798 4137 tipliciter
824 4065 1014 4136 potest
1039 4063 1252 4136 exponi
1323 4105 1803 4122 ......
1847 4066 1953 4122 154

449 4153 774 4227 Propositio
801 4152 938 4208 LVI.
969 4147 1273 4226 Scriptura
1298 4153 1525 4211 exordii
1555 4153 1691 4213 libri
1711 4155 1812 4214 Ge·

525 4257 728 4301 neseos
757 4244 1014 4298 tractans
1041 4242 1113 4300 de
1141 4242 1416 4315 operibus
1436 4261 1536 4302 sex
1557 4243 1808 4314 dierum,

527 4330 836 4404 tripliciter
863 4334 1051 4404 potest
1076 4331 1290 4404 exponi
1327 4376 1808 4394 ......
1851 4334 1956 4392 155

452 4420 779 4494 Propositio
808 4420 964 4477 LVII.
1005 4421 1282 4479 Doctrina
1328 4423 1650 4482 dicentium
1699 4423 1813 4497 spi·

527 4510 770 4569 rituales
795 4512 1111 4580 creaturas,
1141 4512 1413 4572 videlicet
1448 4513 1706 4590 angelos,
1737 4513 1812 4572 si-

529 4601 655 4660 mul
684 4616 821 4659 cum
851 4603 1076 4659 mundo
1105 4601 1365 4660 sensibili
1406 4619 1532 4661 esse
1569 4607 1810 4671 creatas,

525 4691 717 4750 verior
737 4694 797 4750 et
819 4690 1224 4750 rationabilior
1241 4709 1366 4751 esse
1383 4693 1614 4753 videtur
1634 4709 1810 4769 quam

530 4779 741 4854 positio
769 4779 1094 4840 dicentium
1121 4782 1300 4856 hujus
1326 4782 1659 4855 oppositum
1703 4827 1716 4839 .
1798 4827 1812 4842 .
1856 4784 1960 4842 156

456 4869 784 4944 Propositio
810 4871 997 4927 LVIII.
1030 4873 1290 4938 Quatuor
1310 4887 1638 4947 coaequaeva
1662 4879 1816 4933 recte

531 4963 845 5020 censentur
866 5003 1814 5022 ...........
1857 4964 1962 5022 156

457 5051 783 5125 Propositio
827 5051 960 5108 LIX.
1000 5051 1220 5109 Coelum
1269 5069 1612 5126 empyreum
1660 5055 1816 5112 suffl-

533 5141 709 5200 cienti
747 5141 1090 5199 auctoritate
1126 5141 1474 5201 Sanctorum
1519 5160 1642 5202 esse
1687 5160 1820 5201 con·

531 5230 787 5289 vincitur
791 5273 1814 5290 ............
1857 5234 1962 5293 157

459 5319 785 5396 Propositio
826 5320 935 5384 LX.
975 5320 1216 5395 Antiqui
1255 5321 1636 5381 sacratissimi
1673 5323 1818 5382 cele·

709 5435 776 5489 Τ.
812 5437 894 5489 33.

3432 481 3561 550 625

2139 669 2497 744 berrImique
2542 673 2807 729 doctores
2846 669 3134 736 Ecclesiae,
3166 672 3286 728 tam
3324 671 3424 728 La-

2139 757 2248 815 tini
2276 775 2456 832 quam
2487 759 2689 826 Graeci,
2712 759 3078 818 evidentibus
3106 759 3425 832 Scripturae

2139 847 2438 904 canonicas
2480 848 2923 906 auctoritatibus
2970 847 3133 914 moti,
3175 847 3421 914 inducti,

2138 936 2405 1002 convicti,
2440 936 2807 994 concorditer
2845 937 2981 994 fassi
3012 939 3169 1004 sunt,
3196 935 3427 994 unIver-

2139 1043 2205 1082 sa
2230 1025 2485 1086 coelestia
2513 1042 2756 1100 corpora
2775 1042 2899 1085 esse
2920 1025 3294 1084 elementaris
3320 1043 3425 1083 na-

2137 1118 2305 1182 turae,
2344 1118 2519 1188 atque
2557 1132 2627 1172 ex
2667 1115 3032 1189 primordiali
3072 1115 3319 1174 materia
3359 1115 3421 1172 in

2136 1204 2377 1262 exordio
2408 1208 2619 1270 creata,
2651 1221 2774 1262 esse
2805 1202 3054 1261 formata
3122 1247 3133 1260 .
3214 1247 3227 1260 .

2064 1293 2389 1367 Propositio
2424 1295 2556 1350 LXI.
2598 1293 2735 1354 Coeli
2772 1311 2808 1350 a
2845 1293 3089 1352 diversis
3135 1292 3421 1367 theologis

2135 1383 2523 1442 diversimode
2563 1386 2953 1442 numerantur
3030 1426 3414 1440 .....
3460 1383 3559 1441 161

2062 1472 2385 1546 Propositio
2414 1473 2573 1530 LXII.
2598 1473 2981 1546 Omnipotens
3002 1473 3186 1532 Deus'
3172 1489 3232 1530 in
3254 1488 3419 1530 men-

2133 1578 2290 1628 sura,
2323 1579 2570 1620 numero
2598 1567 2655 1621 et
2683 1562 2937 1635 pondere
2968 1561 3268 1620 constituIt
3296 1562 3421 1620 uni-

2132 1668 2301 1710 versa
2367 1693 3414 1710 ............
3459 1652 3563 1709 162

3402 1204 3565 1262 ,158

2610 1893 2689 1940 ΒΕ
2731 1893 3007 1940 ANGRLIS.

2061 2096 2386 2169 Propositio
2412 2099 2596 2156 LXIII.
2628 2098 2835 2173 Angeli
2865 2099 2926 2156 in
2956 2098 3159 2157 ordine
3190 2098 3417 2158 univer-

2132 2186 2183 2241 si
2212 2187 2473 2259 primum
2504 2192 2561 2246 et
2587 2205 2893 2246 summum
2926 2187 3191 2246 obtinent
3218 2189 3415 2246 locum

2132 2278 2459 2335 secundum
2496 2278 2813 2352 theologos,
2846 2281 3019 2350 prout
3054 2278 3113 2334 in
3152 2278 3419 2336 Elemen-

2131 2366 2351 2424 tatione
2380 2367 2781 2440 philosophica
2809 2368 2879 2424 de
2906 2367 3309 2441 intelligentiis
3337 2367 3420 2424 di-

2135 2458 2296 2513 ctum
2325 2460 2413 2514 est
2440 2459 2766 2515 secundum
2799 2457 3173 2529 philosophos
3214 2499 3225 2512 .
3307 2499 3319 2512 .
3400 2499 3415 2512 .
3459 2456 3563 2513 163

2061 2545 2385 2618 Propositio
2426 2547 2610 2603 LXIV.
2650 2548 2729 2604 De
2769 2547 3142 2604 distinctione
3184 2546 3420 2618 angelo-

2133 2651 2269 2692 rum
2291 2635 2633 2692 abinvicem
2665 2639 2803 2692 sunt
2830 2635 3135 2708 opiniones
3154 2635 3417 2693 diversae.
3460 2635 3565 2692 164

2061 2723 2385 2796 Propositio
2431 2725 2586 2780 LXV.
2626 2724 2984 2798 Angelorum
3032 2727 3151 2782 tres
3199 2723 3420 2782 hierar·

2133 2813 2281 2870 chiae
2308 2816 2366 2872 et
2390 2829 2600 2872 novem
2630 2813 2868 2870 ordines
2895 2812 3274 2886 assignantur
3306 2857 3317 2870 .
3400 2857 3411 2868 .
3458 2813 3563 2870 166

2061 2903 2384 2977 Propositio
2430 2905 2611 2960 LXVI.
2654 2903 2903 2961 Ordines
2949 2902 3159 2960 medioe
3200 2902 3420 2960 hierar-

2133 2991 2279 3049 chioe
2308 2993 2555 3052 coelestis
2584 2993 2864 3052 dicuntur
2893 2995 2949 3051 et
2976 2993 3115 3050 sunt
3152 2991 3423 3050 Domina·

2131 3080 2337 3149 tiones,
2368 3081 2624 3141 Virtutes
2649 3085 2707 3140 et
2734 3083 3048 3140 potestates
3125 3125 3137 3136 .
3218 3125 3230 3137 .
3406 3125 3419 3138 .
3462 3081 3565 3138 167

2060 3170 2383 3244 Propositio
2442 3171 2651 3228 LXVII.
2710 3171 3099 3244 Principatus,
3163 3171 3419 3229 Archan-

2133 3261 2247 3334 geli
2275 3265 2335 3319 et
2349 3262 2575 3336 Angeli,
2598 3261 2760 3320 chori
2790 3265 2929 3320 sunt
2958 3261 3180 3318 inflmae
3206 3261 3425 3319 hierar-

2131 3350 2281 3408 chioe
2308 3351 2589 3425 angelicae
2658 3393 3419 3408 .........
3464 3351 3564 3409 167

2059 3440 2383 3513 Propositio
2427 3441 2663 3497 LXVIII.
2714 3440 3047 3499 Coelestium
3103 3439 3425 3497 hierarchi-

2129 3546 2303 3588 arum
2371 3528 2835 3602 dispositionem,
2902 3528 3421 3602 angelicorumque

2129 3619 2411 3677 ordinum
2458 3619 2895 3676 distinctionem
2949 3617 3285 3691 aliqualiter
3327 3634 3421 3675 ca-

2132 3726 2268 3782 pere
2314 3726 2628 3782 possumus
2666 3725 2769 3782 per
2804 3725 2873 3766 ea
2910 3723 3042 3780 quae
3084 3706 3147 3763 in
3190 3709 3419 3764 terreno

2131 3797 2430 3855 cernImus
2458 3795 2792 3870 principatu
2834 3837 3412 3853 .......
3459 3794 3563 3850 168

2059 3885 2382 3959 Propositio
2424 3885 2606 3941 LXIX.
2647 3883 2977 3957 Assignatio
3026 3882 3418 3941 distinctionis

2131 3975 2408 4033 ordinum
2438 3973 2839 4047 angelicorum
2865 3990 2901 4030 a
2920 3973 3119 4030 divino
3143 3973 3417 4046 Dionysio

2129 4064 2365 4130 tradita,
2393 4063 2583 4121 verior
2604 4062 2991 4136 subtiliorque
3016 4062 3249 4120 videtur
3306 4105 3317 4119 .
3400 4105 3413 4119 .
3456 4063 3561 4120 169

2063 4154 2383 4228 Propositio
2421 4153 2576 4209 LXX.
2609 4151 2766 4209 Ordo
2809 4151 3207 4210 hierarchicas
3247 4168 3421 4225 ange-

2132 4245 2381 4302 licorum
2427 4241 2743 4316 spirituum
2792 4241 3060 4300 consistit
3102 4243 3165 4300 in
3212 4245 3419 4300 mutua

2133 4332 2667 4392 communicatione
2711 4335 3002 4390 donorum
3048 4333 3189 4406 ipsis
3228 4331 3420 4390 distri·

2134 4423 2435 4490 butorum,
2464 4425 2519 4480 et
2547 4421 2610 4478 in
2635 4422 2999 4496 purgatione,
3032 4421 3420 4480 illuminatio-

2136 4530 2210 4572 ne
2239 4515 2297 4572 et
2324 4510 2673 4586 perfectione
2701 4527 2905 4571 corum
2935 4513 3012 4571 ad
3038 4511 3319 4570 invicem.
3400 4553 3412 4568 .
3456 4508 3561 4570 170

2063 4602 2386 4679 Propositio
2415 4602 2595 4658 LXXI.
2616 4601 2821 4675 Angeli
2849 4602 3034 4660 sancti
3064 4605 3271 4662 mutuo
3299 4601 3417 4660 col-

2137 4695 2462 4768 loquuntur
2502 4691 2695 4749 modis
2746 4691 2962 4767 partim
3018 4693 3189 4750 nobis
3242 4692 3414 4761 notis,

2137 4783 2353 4858 partim
2384 4781 2699 4855 incognitis
2750 4823 3415 4840 ........
3458 4779 3564 4841 170

2065 4873 2389 4948 Propositio
2434 4873 2643 4929 LXXII.
2690 4874 2772 4929 Ex
2818 4873 3307 4947 proeordinatione
3351 4888 3421 4930 ac

2130 4963 2396 5040 jussione
2427 4963 2856 5036 omnipotentis
2894 4965 3165 5024 convenit
3198 4965 3423 5039 angelis

2137 5054 2407 5112 homines
2436 5054 2727 5112 custodire
2751 5097 3416 5113 ........
3462 5055 3562 5115 171

2069 5143 2391 5218 Propositio
2417 5144 2652 5201 LXXIII.
2684 5144 2839 5202 Inter
2876 5145 3219 5217 angelorum
3262 5161 3421 5205 crea-

2138 5234 2361 5292 tionem
2391 5237 2451 5292 et
2476 5235 2707 5307 lapsum
2745 5233 2943 5306 aliqua
2982 5234 3205 5292 exstitit
3232 5251 3417 5304 mora,

2140 5321 2411 5398 quamvis
2439 5323 2627 5382 brevis
2654 5327 2711 5382 et
2738 5323 2971 5384 modica
3030 5365 3415 5383 .....
3460 5327 3563 5384 172

3248 5445 3313 5496 40
