4300 6259
942 493 1023 542 na
1064 493 1289 540 tauma
1328 491 1711 540 cuaisrmw
1752 491 2055 549 ramam,
2102 491 2276 538 tiana
2317 493 2380 538 11.
2427 511 2508 522 --
2548 493 2686 540 aar.
2732 491 2920 539 xcvut
3355 474 3478 539 505

458 666 525 730 Si
568 667 783 731 denuo
823 665 967 750 quis
1008 666 1201 729 instet
1240 683 1255 728 ε
1300 665 1531 748 primo,
1573 663 1875 746 quoniam
1906 662 1958 727 A
1988 663 2172 746 ejus;
2211 671 2276 728 et
2321 684 2544 729 rursus
2586 684 2600 728 :
2633 665 2856 730 Militia
2904 673 3002 730 est
3045 663 3312 747 (inquit)
3349 664 3480 727 vita
3509 687 3590 730 ,10⁶
3619 701 3692 738 vn,
3744 716 3756 730 .

132 783 207 821 m.
234 792 343 822 mv.
374 766 734 828 secundum
762 763 1214 848 praehabita‚in
1246 762 1725 844 resurgentibus
1756 779 1879 824 non
1986 763 2268 826 hominis
2315 783 2511 846 super
2559 772 2812 828 terram.
2867 765 2978 827 Est
3024 765 3220 846 igitur
3265 763 3481 826 anima

376 864 783 946 permanebit
829 864 1059 926 horum
1118 862 1555 926 membrorum
1606 880 1717 924 seu
1775 880 1877 924 ve·

376 980 721 1026 nereorum
768 979 967 1026 usus:
1012 962 1248 1024 frustra
1288 977 1439 1042 ergo
1482 979 1879 1023 resumeren-

378 1069 501 1122 tur.
534 1096 617 1106 —
658 1062 984 1134 Praeterea‚
1028 1079 1216 1122 sexus
1259 1059 1581 1122 femineus
1624 1066 1721 1122 est
1762 1058 1879 1120 im-

374 1158 691 1242 perfectio
732 1166 973 1222 naturae
1017 1166 1081 1221 et
1125 1158 1471 1220 infirmitas
1518 1157 1807 1240 quaedam
1858 1173 1873 1218 τ

370 1258 529 1320 talia
576 1265 789 1320 autem
836 1275 965 1320 non
1016 1263 1205 1320 erunt
1254 1256 1319 1318 in
1370 1255 1870 1337 resurgentibus.

106 1367 259 1421 Erka-
280 1381 341 1416 n·-
370 1391 457 1402 —
491 1357 751 1430 Rursus,
781 1355 1115 1439 Apostolus
1158 1355 1249 1416 ait
1282 1373 1295 1418 ε
1329 1356 1540 1418 Donec
1588 1372 1877 1416 occurra-

370 1472 519 1516 mus
552 1471 775 1516 omnes
827 1454 891 1516 in
940 1453 1249 1516 unitatem
1297 1451 1453 1514 fidei
1502 1457 1567 1514 et
1612 1452 1877 1532 agnitio-

368 1553 477 1616 nis
535 1552 677 1615 Filii
734 1552 869 1626 Dei,
940 1552 1005 1613 in
1072 1551 1287 1614 virum
1356 1549 1737 1632 perfectum,
1808 1551 1873 1612 in

368 1669 743 1713 mensuram
826 1649 1029 1713 aetatis
1114 1649 1537 1731 plenitudinis
1616 1647 1869 1711 Christi.

364 1749 507 1812 Non
569 1749 763 1830 igitur
820 1748 889 1812 in
948 1767 1103 1811 sexu
1164 1746 1443 1810 femineo
1496 1746 1619 1810 erit
1671 1764 1875 1808 resur-

363 1847 659 1928 gentium
702 1864 1026 1910 occursus.

450 1947 575 2009 Sed
605 1944 1335 2028 respondendum,quod
1366 1944 1419 2006 si
1452 1943 1645 2025 igitur
1674 1962 1873 2006 mem·

365 2044 483 2106 bra
524 2044 591 2106 in
628 2044 867 2126 quibus
907 2051 1003 2106 est
1040 2061 1251 2116 sexuS,
1286 2042 1354 2104 in
1392 2042 1874 2123 resurgentibus

368 2162 675 2205 mansura
730 2160 857 2205 non
918 2149 1087 2214 sunt,
1148 2141 1301 2224 quia
1368 2140 1655 2222 ipsorum
1722 2159 1873 2202 usus

366 2240 661 2312 cessabit,
676 2240 990 2304 conformi
1024 2240 1267 2302 ratione
1299 2258 1507 2322 neque
1539 2239 1648 2301 illa
1680 2256 1876 2300 mem-

367 2339 482 2402 bra
535 2339 962 2402 remanebunt
1014 2357 1155 2421 quae
1206 2338 1397 2400 modo
1454 2337 1599 2400 cibo
1646 2345 1712 2400 et
1764 2337 1875 2398 ali-

368 2439 607 2500 mentis
638 2439 1045 2500 deserviunt:
1074 2437 1287 2519 itaque
1318 2455 1445 2499 non
1478 2454 1679 2519 pauca
1708 2443 1875 2498 esset

366 2537 433 2598 in
486 2535 971 2617 resurgentibus
1016 2538 1303 2618 corporis
1350 2535 1711 2598 diminutio.
1760 2535 1871 2598 Re-

368 2634 729 2698 manebunt
776 2634 990 2716 igitur,
1033 2635 1213 2717 quasi
1254 2635 1333 2696 ad
1382 2641 1623 2696 naturoe
1672 2633 1873 2716 perfe-

366 2732 651 2796 ctionem
694 2732 1138 2814 individuique
1184 2733 1609 2814 integritatem
1662 2732 1871 2814 requi-

366 2833 489 2894 sita
526 2849 541 2893 :
576 2839 891 2913 quatenus
922 2838 988 2893 et
1025 2839 1179 2893 tunc
1218 2831 1374 2893 ordo
1404 2831 1467 2892 in
1499 2830 1870 2892 hominibus

366 2931 671 2993 reluceat.
719 2965 795 2974 —
839 2929 1013 3002 Quod
1063 2929 1345 2990 secundo
1394 2929 1726 2991 inductum
1774 2937 1872 2991 est

1988 881 2160 924 nunc
2209 863 2468 944 quidem
2527 864 2591 925 in
2652 871 2816 927 statu
2877 883 3105 946 pugnae
3163 870 3226 926 et
3283 869 3481 924 certa-

1990 961 2223 1040 minis;
2281 969 2481 1024 status
2538 970 2750 1025 autem
2813 970 2954 1045 post
3011 961 3478 1044 separationem

1986 1078 2023 1120 a
2060 1077 2348 1141 corpore,
2393 1068 2489 1122 est
2532 1068 2730 1122 status
2777 1059 3331 1132 remunerationis,
3367 1076 3482 1142 pro

1989 1157 2324 1238 illegitimo
2365 1159 2588 1240 utique
2629 1159 2725 1222 vel
2775 1159 3060 1241 legitimo
3109 1159 3475 1222 certamine.

1987 1257 2129 1318 Post
2170 1256 2366 1320 vitam
2413 1275 2564 1338 ergo
2604 1258 2788 1320 istam
2828 1275 2956 1320 non
2995 1256 3274 1338 amplius
3313 1275 3482 1319 com-

1989 1354 2344 1417 mutabitur
2398 1356 2676 1418 humana
2733 1355 3026 1418 voluntas
3083 1375 3120 1418 a
3175 1355 3344 1418 bono
3414 1356 3478 1417 in

1988 1453 2254 1526 malum,
2327 1460 2439 1516 aut
2517 1455 2894 1528 econtrario,
2963 1454 3266 1537 quoniam
3341 1454 3482 1517 sine

1988 1552 2218 1614 merito
2266 1553 2365 1615 vel
2415 1553 2747 1626 demerito,
2799 1553 2918 1616 hoc
2969 1553 3182 1635 ipsum
3241 1553 3484 1615 contin·

1984 1667 2131 1731 gere
2177 1667 2304 1711 non
2335 1657 2590 1731 posset3
2623 1650 2734 1712 sed
2771 1648 3128 1712 remanebit
3164 1648 3378 1711 anima
3417 1649 3480 1711 in

1984 1766 2061 1810 ea
2112 1748 2458 1810 voluntatis
2507 1767 2638 1811 suae
2685 1749 3102 1830 dispositione
3151 1747 3216 1809 in
3264 1767 3390 1830 qua
3449 1767 3484 1810 a

1909 1847 1957 1910 B
1986 1865 2252 1927 corpore
2295 1853 2582 1929 separata
2624 1854 2741 1919 est,
2776 1855 2840 1909 et
2882 1847 2948 1909 in
2991 1865 3066 1910 eo
3109 1847 3242 1910 fixa
3285 1865 3485 1908 rema-

1984 1945 2166 2008 nebit
2194 1945 2272 2007 ad
2309 1945 2480 2026 quod
2519 1963 2588 2008 se
2627 1944 2917 2007 ultimate
2961 1945 3292 2008 convertit.
3326 1944 3482 2007 Prae-

1982 2051 2178 2116 terea,
2211 2044 2378 2106 sicut
2409 2061 2476 2105 se
2507 2042 2698 2106 habet
2728 2043 3120 2126 principium
3163 2043 3227 2105 in
3259 2061 3483 2124 specu-

1984 2141 2310 2212 labilibus‚
2344 2141 2436 2203 sic
2467 2160 2535 2204 se
2574 2141 2765 2204 habet
2802 2141 2954 2204 finis
2995 2143 3060 2203 in
3091 2141 3480 2224 appetitivis.

1983 2241 2141 2304 Nam
2213 2240 2754 2322 quemadmodum
2837 2240 2901 2302 in
2981 2239 3485 2322 speculabilibus

1984 2339 2472 2402 conclusionum
2517 2339 2822 2402 resolutio
2866 2338 2930 2400 in
2977 2339 3204 2420 primis
3253 2338 3484 2420 princi-

1986 2438 2111 2520 piis
2141 2437 2312 2500 sistit
2355 2445 2417 2500 et
2461 2456 2536 2500 ex
2583 2437 2711 2499 illis
2756 2438 3177 2511 deducuntur,
3210 2438 3302 2499 sic
3334 2437 3484 2499 finis

1985 2537 2049 2598 in
2094 2536 2466 2618 appetitivis
2511 2542 2608 2597 est
2652 2535 3042 2618 principium
3089 2536 3258 2618 quod
3296 2553 3485 2618 appe-

1984 2635 2139 2696 titur
2187 2641 2248 2696 et
2297 2634 2522 2697 ultimo
2567 2634 2932 2716 possidetur
2979 2641 3042 2696 et
3083 2633 3480 2716 adipiscitur.

1982 2733 2161 2795 Sicut
2190 2749 2340 2812 ergo
2371 2739 2596 2794 natura
2624 2732 2888 2793 humani
2924 2730 3284 2794 intellectus
3315 2731 3486 2793 circa

1981 2831 2192 2913 prima
2229 2829 2546 2912 principia
2589 2848 2800 2892 errare
2847 2847 2972 2892 non
3019 2837 3244 2912 potest,
3279 2848 3481 2912 quum

1981 2930 2111 2991 sint
2159 2929 2534 2991 naturaliter
2585 2927 2787 2990 indita
2827 2936 2892 2991 et
2935 2936 3126 3008 nota3
3169 2928 3262 2990 sic
3313 2929 3484 2990 circa

362 3028 641 3091 solvitur
674 3027 863 3108 :quia
892 3046 1079 3090 sexus
1111 3027 1429 3089 femineus
1460 3034 1555 3088 est
1586 3027 1868 3090 intentus
1899 3028 1941 3091 C
1978 3028 2370 3090 desiderium
2426 3027 2525 3090 sui
2586 3027 2800 3089 ultimi
2865 3027 3018 3090 finis
3071 3027 3232 3090 nihil
3293 3034 3482 3108 errat,

362 3147 401 3190 a
430 3134 681 3200 natura,
706 3127 953 3188 scilicet
982 3126 1351 3198 universali,
1377 3126 1527 3189 licet
1557 3144 1671 3208 per
1701 3145 1869 3190 com·

1978 3127 2283 3210 quoniam
2335 3125 2838 3208 unumquodque
2883 3126 3256 3188 naturaliter
3299 3125 3484 3188 illum

364 3226 767 3309 parationem
816 3225 893 3286 ad
942 3243 1165 3287 sexum
1227 3224 1505 3296 virilem,
1558 3225 1866 3288 rationem
1979 3225 2244 3308 appetit.
2281 3225 2402 3286 Sed
2439 3225 2606 3287 sicut
2643 3243 2721 3286 ex
2765 3224 3027 3306 speciali
3069 3224 3485 3307 dispositione

366 3323 736 3405 imperfecti
778 3321 1025 3384 habeat.
1058 3357 1140 3368 —-·
1168 3322 1260 3384 Ad
1306 3322 1563 3384 tertium
1611 3323 1868 3396 dicitur,

364 3422 539 3505 quod
582 3420 926 3502 Apostolus
970 3420 1079 3494 ait,
1112 3421 1181 3482 In
1228 3421 1437 3482 virum
1487 3421 1868 3503 perfectum,

364 3529 441 3583 ut
469 3520 772 3583 Ecclesiae
813 3519 1117 3582 virtutem
1151 3519 1739 3602 perfectionemque
1770 3520 1871 3581 de-

366 3620 581 3701 signet
634 3635 647 3680 :
700 3625 831 3681 tota
888 3637 1168 3699 namque
1226 3618 1511 3680 Ecclesia
1566 3626 1869 3701 tanquam

364 3717 471 3780 vir
503 3736 669 3779 unus
699 3725 891 3799 atque
922 3715 1245 3798 perfectus
1276 3716 1525 3780 Christo
1558 3725 1867 3779 occurret.

452 3815 543 3877 Ex
584 3815 795 3878 verbis
837 3832 1093 3896 quoque
1120 3815 1407 3896 Apostoli
1456 3815 1871 3898 praeinductis

368 3913 737 3986 innotescit,
787 3913 957 3994 quod
998 3913 1065 3974 in
1110 3931 1411 3976 mensura
1452 3914 1652 3976 aetatis
1696 3913 1871 3976 Chri-

368 4012 451 4074 sti
502 4019 841 4092 resurgent
888 4011 1190 4074 universi.
1242 4011 1309 4073 ln
1359 4013 1490 4074 sola
1539 4013 1709 4075 enim
1753 4013 1873 4076 hac

368 4117 578 4185 aetate,
618 4117 861 4174 naturae
901 4110 1212 4191 perfectio
1251 4109 1561 4172 consistit.
1596 4110 1735 4193 lpsa
1778 4119 1875 4174 est

1982 3323 2348 3385 intellectus
2381 3321 2694 3404 contingit
2724 3323 3092 3403 quempiam
3126 3341 3337 3385 errare
3368 3322 3486 3384 cir·

1982 3441 2056 3484 ca
2114 3420 2224 3482 illa
2285 3440 2426 3502 quae
2474 3439 2554 3482 ex
2612 3421 2839 3502 primis
2899 3419 3234 3503 principiis
3293 3421 3486 3482 dedu-

1982 3527 2239 3592 cuntur,
2299 3519 2390 3582 sic
2451 3538 2526 3581 ex
2586 3519 3006 3600 dispositione
3063 3519 3326 3601 speciali
3385 3538 3488 3583 vo-

1985 3618 2248 3680 luntatis
2315 3617 2548 3679 accidit
2614 3635 2794 3679 error
2862 3618 2925 3679 in
2993 3617 3359 3698 particulari
3425 3626 3488 3680 et

1984 3717 2393 3780 exsecutione
2462 3715 2768 3777 naturalis
2835 3715 3156 3788 desiderii,
3227 3735 3354 3797 quo
3422 3717 3484 3777 in

1985 3814 2336 3877 universali
2387 3815 2656 3877 ultimus
2713 3813 2868 3876 finis
2915 3815 3256 3896 appetitur.
3311 3815 3486 3877 Unde

1984 3913 2269 3977 vicissim
2315 3913 2530 3975 evenit
2587 3912 2862 3974 animam
2918 3931 3151 3984 errare,
3203 3912 3488 3975 conside-

1984 4012 2183 4074 rando
2241 4018 2304 4074 et
2361 4011 2724 4092 appetendo
2781 4009 3026 4092 aliquid
3075 4009 3197 4072 sub
3243 4010 3486 4074 ratione

1987 4109 2198 4172 ultimi
2259 4108 2434 4182 finis,
2487 4116 2550 4170 et
2615 4109 2782 4170 sicut
2847 4108 3043 4171 finale
3094 4108 3358 4182 bonum,
3419 4099 3520 4171 in‘

367 4217 521 4272 aetas
566 4208 900 4290 juvenilia,
936 4209 1102 4270 inter
1139 4207 1456 4290 puerilem
1498 4216 1561 4271 et
1608 4209 1871 4271 senilem
1903 4215 1952 4277 D
1985 4226 2113 4290 quo
2170 4215 2384 4270 tamen
2425 4207 2575 4288 ‚ejus
2626 4207 2898 4270 felicitas
2949 4225 3076 4270 non
3128 4208 3416 4270 consistit
3469 4225 3482 4271 :

368 4306 583 4370 media
625 4307 963 4370 exsistens.

702 4569 1192 4634 ARTICULUS
1237 4570 1542 4636 XCVIII.

366 4713 467 4772 De
486 4711 1026 4771 immutabilitate
1056 4711 1415 4769 voluntatis
1436 4713 1508 4770 in
1529 4712 1875 4771 animabus

544 4807 687 4876 post
717 4799 1195 4874 separationem
1227 4819 1267 4858 a
1295 4801 1694 4875 corporibus,

448 5022 469 5059 i
526 4996 645 5058 hac
679 4994 919 5077 quippe
958 4995 1089 5057 vita
1128 5003 1225 5057 est
1262 5001 1461 5058 status
1501 4995 1873 5057 demerendi

474 5103 537 5159 et
596 5094 903 5158 merendi.
957 5095 1297 5177 Propterea
1357 5102 1721 5176 comparata
1778 5102 1874 5157 est

366 5195 499 5258 vita
554 5212 836 5277 praesens
896 5193 1163 5266 militiae,
1222 5201 1287 5256 et
1345 5193 1573 5256 diebus
1632 5212 1872 5256 merce-

134 5315 205 5360 Joo
218 5323 339 5370 vua.
366 5293 555 5368 narii,
588 5290 757 5356 sieut
781 5291 897 5355 Job
926 5291 1015 5354 ait
1050 5309 1065 5354 :
1100 5291 1277 5356 Sicut
1320 5290 1695 5354 mercenarii
1734 5291 1870 5354 dies

1984 4307 2151 4370 sicut
2209 4307 2286 4369 de
2347 4305 2788 4388 intemperatis
2845 4313 2910 4368 et
2953 4307 3160 4369 avaris
3219 4315 3481 4369 constat.

1985 4407 2112 4469 Hoc
2155 4423 2306 4468 vcro
2347 4405 2582 4467 accidit
2620 4423 2696 4467 ex
2743 4404 3004 4486 speciali
3045 4405 3484 4487 dispositione,

1983 4524 2127 4586 quae
2196 4504 2604 4586 superaddita
2661 4511 2760 4566 est
2827 4503 2922 4565 illi
2989 4503 3192 4585 ipsius
3258 4503 3486 4566 animae

1984 4603 2390 4684 dispositioni
2449 4621 2576 4684 qua
2635 4601 3008 4666 naturaliter
3065 4620 3279 4664 veram
3343 4601 3486 4664 bea·

1982 4701 2327 4763 titudinem
2377 4701 2731 4762 secundum
2795 4701 3054 4762 modum
3113 4708 3484 4781 praetactum

1984 4799 2318 4862 desiderat.
2376 4799 2494 4861 Sed
2547 4798 2682 4862 haec
2731 4799 3004 4861 recentis
3050 4798 3485 4880 dispositionis

1984 4897 2442 4979 superadditiO,
2507 4896 2573 4958 in
2640 4896 2856 4958 anima
2924 4905 3214 4978 separata
3271 4896 3484 4960 locum

1983 4996 2263 5079 amplius
2313 5013 2440 5058 non
2493 4995 2686 5057 habet
2733 5012 2748 5056 :
2803 4995 3110 5076 quamdiu
3160 4996 3334 5058 enim
3390 5004 3487 5058 est

1982 5095 2197 5156 anima
2229 5094 2294 5156 in
2340 5111 2627 5176 corpore,
2664 5093 2903 5156 moveri
2939 5101 3144 5176 potest
3177 5113 3292 5176 per
3321 5095 3484 5156 acci-

1984 5194 2139 5256 dens
2174 5192 2530 5254 secundum
2563 5198 2808 5255 motum
2851 5192 3136 5273 corporis
3175 5192 3480 5274 aliquem,

1984 5291 2085 5355 vel
2119 5310 2233 5375 per
2279 5290 2640 5373 passionem
2687 5298 2796 5354 aut
2839 5289 3127 5353 habitum
3173 5309 3366 5373 quem
3417 5291 3482 5354 in
