4300 6259
1583 501 1772 548 mosx
1814 501 2191 550 amm-ricus
3317 487 3432 554 591

405 667 654 737 pestates
689 670 874 732 erant,
917 684 1024 724 nec
1062 667 1290 741 pluviae,
1333 685 1440 727 nec
1485 669 1830 728 meteorolo-

405 754 550 826 gicae
589 755 1020 828 impressiones,
1056 759 1156 813 188
1174 761 1238 824 Α,
1278 759 1446 824 1950,
1494 776 1600 816 nec
1641 759 1828 816 ullum

403 842 855 912 irrationalium,
898 849 1072 904 1958.
1106 850 1246 914 Quae
1283 850 1354 905 de
1393 849 1496 904 illo
1534 848 1828 914 dicuntur,

403 933 622 1004 partim
651 935 1048 1007 spiritualiter,
1081 937 1296 1010 partim
1337 938 1714 1010 corporaliter
1743 938 1830 994 in-

401 1022 720 1095 telligenda
767 1028 922 1090 sunt,
967 1027 1166 1083 195A‘.
1211 1059 1275 1068 —
1323 1027 1403 1083 lbi
1453 1027 1670 1092 fuisset,
1713 1045 1830 1086 non

402 1111 729 1184 virginitas,
763 1131 894 1186 quae
931 1118 1070 1172 tunc
1109 1132 1224 1172 non
1257 1119 1382 1173 erat
1418 1117 1618 1182 virtus,
1651 1119 1748 1174 191
1766 1119 1830 1184 B,

403 1202 504 1258 sed
535 1204 832 1273 generatio
871 1221 974 1276 per
1009 1221 1256 1262 sexuum
1299 1205 1600 1272 unionem,
1637 1207 1830 1272 1900,

403 1290 528 1348 sine
585 1290 845 1356 libidine,
899 1293 1096 1360 1901)’,
1145 1297 1202 1350 et
1247 1295 1595 1358 indecentia,
1651 1297 1744 1352 191
1765 1295 1828 1362 Β,

403 1381 506 1436 sed
537 1397 672 1437 cum
713 1383 1114 1447 delectatione,
1149 1383 1268 1440 imo
1308 1401 1442 1441 cum
1484 1386 1694 1458 majori
1735 1387 1831 1443 de-

405 1469 712 1526 lectatione
760 1488 938 1544 quam
988 1489 1163 1540 nunc,
1207 1474 1384 1529 191Α.
1426 1505 1496 1516 -
1539 1475 1622 1531 lbi
1667 1491 1834 1532 man·

403 1556 616 1614 sissent
646 1559 914 1618 homines
952 1563 1281 1634 usquedum
1321 1563 1608 1636 acquisita
1637 1565 1833 1621 debita

405 1646 776 1718 perfectione,
789 1651 864 1706 ad
885 1651 1096 1708 coelum
1120 1651 1246 1708 sine
1266 1651 1613 1710 intermedia
1645 1657 1831 1711 morte

405 1740 464 1792 et
482 1753 656 1809 poena
673 1739 937 1797 translati
962 1739 1228 1806 fuissent,
1247 1743 1340 1798 191
1358 1743 1414 1797 C.
1430 1773 1501 1784 ——
1517 1743 1608 1813 Cf.
1625 1745 1827 1800 Hom0.

327 1827 510 1882 PARS
541 1827 946 1900 multipliciter
976 1830 1232 1886 sumitur
1259 1847 1326 1886 ac
1356 1831 1651 1896 dividitur,
1683 1834 1751 1888 47
1767 1833 1828 1888 D.

399 1946 472 1956 —
520 1916 646 1981 Quo
701 1917 974 1974 differant
1029 1918 1288 1974 scientiae
1344 1920 1720 1991 particulares
1775 1925 1832 1978 et

405 2005 780 2071 universales,
821 2007 927 2062 307
947 2007 1026 2072 D’,
1067 2008 1174 2063 308
1191 2009 1252 2074 B,
1293 2010 1474 2064 309A’
1496 2027 1510 2075 ;
1541 2027 1614 2066 an
1654 2011 1830 2083 parti-

403 2094 620 2152 cularis
648 2095 762 2151 dici
801 2095 988 2152 valeat
1017 2097 1116 2154 Dei
1147 2098 1406 2162 scientia,
1439 2099 1616 2165 30813,
1649 2101 1826 2166 3100,

399 2188 503 2240 aut
531 2183 877 2250 intellectus,
911 2186 1112 2252 308A',
1143 2187 1249 2243 310
1265 2189 1326 2241 B.
1349 2220 1422 2230 -
1449 2189 1688 2245 Nullum
1720 2189 1830 2244 im-

399 2273 763 2346 partibilium
815 2275 1034 2331 moveri
1089 2279 1293 2347 potest,
1342 2277 1538 2333 47913’.
1588 2277 1828 2334 Nullum

398 2363 698 2434 corporale
744 2365 818 2419 ad
867 2381 926 2420 se
975 2364 1168 2436 ipsum
1217 2369 1302 2422 est
1359 2367 1761 2424 conversivam
1812 2384 1826 2423 ε

392 2451 617 2525 alioqui
656 2469 1020 2526 unaquaeque
1061 2471 1194 2527 pars
1231 2457 1356 2530 ejus
1394 2456 1632 2514 cuilibet
1678 2457 1828 2530 parti

396 2543 870 2615 conjungeretur,
903 2558 1008 2600 nec
1037 2548 1230 2616 partes
1270 2545 1552 2602 distarent
1581 2547 1653 2602 ab
1684 2547 1828 2602 invi-

395 2648 546 2694 cem,
575 2633 718 2687 600.
752 2663 821 2672 -
851 2633 944 2704 Cf.
975 2633 1202 2690 Totum.

319 2721 828 2777 PARTICIPATIO.
869 2724 956 2778 An
995 2725 1052 2778 et
1095 2727 1400 2798 quatenus,
1432 2726 1604 2798 juxta
1641 2726 1828 2782 Plato-

397 2810 581 2874 nicos,
623 2809 828 2866 sormoe
875 2809 1090 2867 ideales
1137 2827 1172 2866 a
1216 2828 1452 2870 summo
1495 2814 1646 2868 bono
1685 2814 1827 2870 divi·

395 2900 642 2956 nitatem
683 2899 1052 2972 participent,
1081 2901 1189 2955 266
1207 2901 1288 2966 Β’,
1319 2902 1500 2958 2673.
1531 2935 1603 2944 -
1641 2905 1827 2962 Omne

395 2988 896 3061 imparticipatum
948 2988 1200 3046 instituit
1245 3007 1280 3046 a
1325 3007 1384 3046 se
1425 2990 1548 3062 ipso
1596 2992 1826 3065 partici-

393 3081 548 3152 pata,
595 3081 654 3134 et
699 3093 905 3134 omnes
953 3079 1313 3152 participatae
1360 3080 1697 3152 hypostases
1753 3084 1826 3138 ad

392 3167 860 3241 imparticipatas
927 3167 1206 3225 essentias
1263 3169 1586 3242 eriguntur,
1643 3172 1824 3228 268Α.

393 3260 583 3314 Omne
629 3257 1062 3330 participatum,
1109 3275 1177 3315 eo
1219 3260 1375 3331 quod
1414 3262 1500 3316 est
1546 3259 1828 3333 recipiens

393 3346 816 3414 actualitatem,
886 3347 1200 3419 potentiale
1255 3351 1344 3404 est
1397 3350 1453 3404 et
1507 3350 1824 3420 potentiam

390 3437 586 3503 habet,
619 3437 720 3493 341
739 3438 798 3492 Β.

319 3525 572 3582 PASSlO
617 3529 680 3582 ut
716 3525 1260 3598 praedicamentum,
1302 3526 1445 3582 dicit
1481 3527 1622 3598 quid
1661 3528 1826 3585 abso-

391 3614 586 3671 lutum
627 3617 686 3670 et
722 3613 864 3686 quid
903 3614 1232 3678 relativum,
1273 3615 1344 3670 32
1361 3619 1422 3670 Α.
1464 3618 1640 3672 Actus
1685 3617 1825 3673 acti-

386 3719 599 3759 vorum
631 3705 772 3760 sunt
795 3703 855 3758 in
885 3703 1140 3775 patiente
1170 3703 1590 3776 praedispositO,
1623 3706 1822 3772 342113

337 3831 346 3837 -
388 3793 500 3848 374
511 3792 573 3846 Β’
589 3810 603 3857 ;
623 3807 698 3847 an
726 3808 958 3864 semper
985 3791 1171 3848 activo
1195 3792 1270 3847 sit
1290 3794 1544 3850 deterius
1565 3811 1822 3866 passum,

392 3881 594 3946 1241)’,
621 3882 724 3936 126
739 3882 796 3937 0.
831 3881 894 3937 ln
923 3881 1040 3938 Deo
1070 3881 1233 3937 nulla
1261 3885 1346 3938 est
1373 3883 1564 3954 passio
1594 3884 1824 3956 proprie

389 3972 568 4034 dicta,
601 3970 872 4042 quamvis
899 3971 1184 4026 nonnulla
1204 3973 1274 4027 de
1303 3988 1371 4027 eo
1399 3972 1668 4030 dicantur
1698 3991 1824 4046 pas-

387 4062 530 4126 sive,
569 4063 761 4128 126Α;
789 4062 889 4118 sed
919 4061 1136 4116 animoe
1165 4062 1484 4134 potentiam
1516 4063 1825 4136 dupliciter

388 4150 680 4224 contingit
728 4150 866 4222 pati,
907 4151 1088 4206 20513.
1129 4183 1198 4192 -
1246 4152 1546 4210 Passiones
1593 4153 1822 4225 proprie

385 4243 532 4297 sunt
569 4243 764 4296 motus
802 4239 1060 4296 sensitivi
1107 4240 1417 4312 appetitus,
1463 4241 1635 4307 103Β,
1677 4259 1824 4314 quas

385 4329 569 4386 Stoici
619 4329 838 4384 animae
894 4330 1130 4385 morbos
1183 4333 1240 4385 et
1295 4331 1480 4386 malas
1528 4331 1818 4398 dixerunt,

389 4420 498 4475 103
515 4420 577 4481 Β,
611 4420 712 4474 sed
742 4433 875 4490 quoe
902 4435 1102 4490 reapse
1143 4435 1250 4476 nec
1275 4420 1689 4492 vituperabiles
1717 4437 1822 4478 nec

385 4507 718 4566 laudabiles
773 4512 926 4570 sunt,
989 4507 1092 4564 103
1109 4510 1168 4574 B,
1228 4508 1340 4564 nisi
1393 4525 1462 4565 ex
1525 4510 1819 4568 voluntate

383 4597 640 4671 agentis,
691 4596 868 4652 1031).
919 4597 998 4651 Ex
1047 4598 1200 4653 bono
1245 4597 1506 4654 sensibili
1551 4598 1821 4656 oriuntur

385 4691 492 4743 aut
531 4685 690 4742 malo
727 4685 1008 4750 sensibili,
1039 4687 1212 4751 990’;
1245 4703 1516 4759 quaenam
1559 4704 1626 4744 ex
1669 4688 1819 4744 bono

385 4774 738 4838 delectabili,
784 4775 963 4839 10οΑ,
1013 4790 1083 4830 ex
1134 4776 1286 4831 bono
1334 4775 1480 4840 utili,
1535 4776 1706 4842 10013,
1748 4794 1818 4833 ex

385 4867 544 4922 bono
600 4863 860 4924 honesto.
915 4863 1106 4930 100C;
1158 4880 1430 4936 quaenam
1489 4866 1544 4920 in
1595 4865 1819 4921 Christo

383 4953 624 5018 fuerint,
639 4953 744 5008 207
761 4953 840 5008 D’.
857 4953 1171 5025 Praecipuoe
1187 4953 1603 5020 describuntur,
1620 4956 1722 5010 103
1735 4955 1814 5010 Β’.

385 5075 458 5086 --·
487 5043 582 5114 Cf.
615 5045 812 5098 Actus.

305 5134 564 5192 PASSIO
605 5131 835 5188 Christi.
877 5132 950 5188 Ut
984 5131 1187 5194 viator,
1228 5131 1490 5189 Christus
1528 5133 1818 5188 maximos

386 5224 450 5278 in
489 5220 760 5280 sensibus
797 5221 1026 5278 dolores
1063 5221 1407 5292 patiebatur,
1448 5224 1512 5277 ut
1556 5238 1817 5294 eompre-

387 5313 622 5380 hensor,
681 5312 742 5368 in
799 5311 1052 5368 summis
1105 5311 1322 5367 animae
1373 5310 1596 5367 viribus
1652 5311 1818 5368 beata

2013 669 2285 728 fruitione
2317 673 2623 744 gaudebat,
2654 673 2845 740 205Α;
2878 673 2979 730 sed
3008 673 3069 730 in
3100 691 3197 732 eas
3225 676 3439 732 redun-

2012 761 2189 817 dabat
2235 761 2401 817 dolor
2448 760 2813 826 inferiorum,
2852 764 2960 818 205
2977 765 3035 828 Β,
3079 781 3195 820 non
3240 767 3437 820 autem

2013 849 2072 904 in
2096 847 2401 906 inferiores
2421 851 2739 908 consolatio
2760 851 3149 924 superiorum,
3164 856 3229 910 ut
3250 852 3441 924 magis

2013 938 2311 995 meritoria
2342 939 2501 997 fieret
2529 941 2736 1012 passi0,
2758 942 2867 996 205
2882 941 2959 997 Β’.
2985 941 3253 999 interiori
3282 956 3441 997 com—

2011 1028 2280 1098 passione
2320 1027 2505 1084 multo
2552 1029 2683 1102 plus
2724 1029 2912 1087 doluit
2948 1047 3125 1102 quam
3167 1029 3439 1088 exteriori

2013 1115 2299 1187 passione,
2330 1117 2437 1173 204
2450 1117 2526 1173 0.
2556 1149 2628 1160 --
2658 1119 2721 1174 In
2753 1118 3023 1191 passione
3052 1119 3253 1175 anima
3280 1119 3443 1176 Chri-

2012 1205 2085 1258 sti
2123 1221 2160 1260 a
2198 1221 2436 1277 corpore
2482 1223 2611 1263 vere
2650 1209 2916 1280 separata
2952 1211 3056 1270 est,
3097 1207 3296 1274 2051)’,
3338 1209 3439 1265 sed

2016 1296 2331 1366 utrumque
2379 1295 2591 1350 divinae
2648 1299 2872 1353 naturae
2918 1295 3151 1353 unitum
3202 1297 3435 1363 mansit,

2010 1383 2214 1448 2050’,
2263 1383 2461 1456 sicque
2519 1401 2729 1457 corpus
2784 1385 2993 1442 virtute
3046 1386 3215 1443 Verbi
3273 1387 3438 1459 quasi

2015 1471 2204 1529 forma
2230 1474 2597 1530 substantiali
2630 1492 2732 1547 per
2758 1475 3021 1532 triduum
3054 1475 3436 1534 informatum

2013 1565 2116 1626 est,
2158 1563 2265 1617 206
2281 1563 2341 1617 Β.
2383 1594 2454 1604 -
2492 1564 2687 1620 Passio
2726 1564 2934 1621 Christi
2972 1564 3437 1622 fructuosissima

2012 1649 2120 1706 fuit
2158 1655 2393 1724 propter
2432 1653 2703 1725 patientis
2740 1655 3063 1720 caritatem,
3093 1655 3273 1722 2048,
3306 1656 3438 1713 obe-

2013 1739 2316 1804 dientiam,
2360 1742 2539 1807 2040,
2591 1742 3073 1809 misericordiam,
3113 1761 3230 1817 qua
3282 1761 3443 1802 acer·

1975 1819 2323 1886 'bissimum
2376 1831 2580 1886 mortis
2638 1849 2820 1905 genus
2866 1833 3056 1906 elegit,
3107 1833 3287 1898 2041),
3336 1835 3439 1891 sed

2013 1919 2301 1990 praecipue
2332 1924 2566 1992 propter
2594 1937 2891 1978 summam
2913 1923 3041 1995 ejus
3070 1922 3435 1995 dignitatem,

2007 2007 2207 2070 204Β’,
2238 2011 2295 2064 et
2324 2025 2427 2080 pro
2468 2009 2753 2066 universis
2793 2011 3020 2083 generis
3059 2011 3303 2068 humani
3340 2029 3439 2070 ex-

2008 2095 2267 2153 cessibus
2312 2100 2859 2170 superabundanter
2903 2099 3197 2164 satisfecit,
3236 2102 3437 2158 2040.

2007 2185 2087 2241 Ea
2115 2185 2371 2242 deletum
2402 2189 2489 2243 est
2516 2187 2799 2260 originale
2825 2193 3149 2261 peccatum,
3180 2192 3361 2257 2051),
3384 2195 3443 2248 et

2009 2277 2201 2331 cetera
2228 2275 2383 2342 vitia,
2416 2276 2523 2332 205
2542 2277 2625 2342 Α’,
2646 2277 2830 2340 45οΑ,
2855 2278 2982 2336 coeli
3004 2280 3191 2352 janua
3220 2283 3435 2352 aperta,

2008 2364 2193 2430 2051),
2236 2363 2411 2420 homo
2460 2366 2575 2422 Deo
2614 2366 3039 2432 reconciliatus,
3080 2368 3359 2425 liberatus
3404 2386 3439 2426 a

1999 2452 2145 2525 Jugo
2184 2453 2418 2517 diaboli,
2460 2455 2660 2521 205A’,
2702 2459 2759 2512 et
2794 2457 2867 2512 ab
2906 2455 3068 2512 omni
3108 2457 3345 2514 miseria
3382 2462 3439 2515 et

2007 2540 2387 2612 passibilitate
2418 2541 2478 2597 in
2500 2560 2645 2615 quas
2666 2559 2769 2615 per
2796 2548 3097 2617 peccatum
3130 2545 3434 2614 inciderat,

2007 2631 2406 2694 205B’,sancti
2436 2648 2465 2688 e
2494 2632 2675 2688 limbo
2704 2635 2779 2689 ad
2809 2634 3149 2706 paradisum
3179 2635 3433 2702 deducti,

2006 2719 2114 2774 206
2131 2723 2194 2774 Α.
2226 2720 2643 2777 Humiliatione
2671 2739 2777 2778 sua
2806 2722 3067 2779 Christus
3096 2724 3311 2781 meruit
3338 2741 3435 2782 ex-

2008 2808 2197 2872 altari,
2229 2809 2405 2872 2060,
2438 2809 2814 2867 acerbissima
2846 2815 3031 2869 morte
3070 2813 3287 2870 meruit
3315 2815 3435 2887 glo-

2005 2899 2243 2966 rificari,
2292 2901 2474 2964 2061),
2516 2899 2735 2974 injusta
2782 2903 3267 2960 condemnatione
3316 2921 3438 2962 me-

2007 2990 2126 3046 ruit
2147 2989 2271 3046 fieri
2283 2990 2467 3062 judex
2487 2990 2751 3048 vivorum
2774 2994 2831 3047 et
2850 2995 3237 3058 mortuorum,
3251 2993 3435 3050 2061).

2006 3111 2078 3120 -—
2105 3079 2399 3136 Passionis
2426 3079 2611 3136 virtus
2650 3081 2949 3153 quoddam
2990 3084 3076 3137 est
3114 3081 3437 3142 universale

2007 3168 2336 3225 remedium
2368 3171 2570 3225 contra
2598 3172 2922 3242 peccatum,
2955 3170 3153 3235 20813’,
3176 3174 3333 3244 quod
3360 3173 3436 3228 ad

2008 3259 2271 3314 curanda
2298 3257 2525 3315 diversa
2552 3258 2863 3316 hominum
2892 3259 3051 3326 vitia,
3082 3277 3185 3333 per
3212 3261 3441 3318 diversa

2007 3351 2377 3404 sacramenta
2413 3347 2829 3421 applicandum
2868 3352 2972 3413 est,
3003 3350 3204 3416 203A’,
3234 3351 3431 3406 20813‘.

2009 3469 2074 3478 —
2107 3437 2200 3508 Cf.
2234 3437 2597 3508 Redemptio.

1934 3527 2177 3582 PATER.
2211 3527 2327 3583 Deo
2357 3525 2511 3582 Patri
2543 3525 2770 3599 proprie
2800 3527 3069 3585 convenit
3096 3529 3433 3600 paternitas,

2005 3613 2460 3686 appropriantur
2514 3619 2711 3672 autem
2777 3618 3086 3682 aeternitas,
3143 3618 3431 3691 primitas,

2007 3704 2265 3774 potentia
2304 3708 2361 3760 et
2398 3705 2612 3770 unitas,
2650 3706 2837 3768 1290:
2870 3723 3049 3763 unam
3092 3707 3263 3764 habet
3302 3725 3433 3780 pro-

2005 3793 2332 3864 prietatem,
2368 3792 2471 3848 130
2487 3794 2543 3857 0,
2571 3795 2718 3849 duas
2747 3794 3072 3859 relationes,
3100 3796 3283 3862 1301),
3316 3801 3433 3854 tres

2006 3881 2291 3947 notiones,
2337 3882 2555 3949 13οΑ’;
2599 3898 2903 3955 nunquam
2944 3883 3213 3948 mittitur,
3249 3887 3427 3942 1451).

2005 4003 2072 4012 -
2114 3970 2327 4027 Filium
2368 3987 2471 4043 pei·
2516 3972 2901 4028 substantiam
2952 3973 3289 4032 immediate
3336 3992 3431 4049 ge-

2003 4063 2187 4126 nerat,
2223 4061 2400 4124 1271),
2434 4076 2548 4116 non
2581 4060 2640 4116 in
2682 4061 2843 4118 aliud
2882 4065 3126 4135 agend0,
3158 4066 3259 4122 sed
3290 4064 3434 4122 ima-

2004 4149 2201 4222 ginem
2240 4148 2331 4205 sui
2370 4149 2683 4220 perfectam
2733 4150 2887 4206 intra
2933 4168 2993 4209 se
3032 4154 3427 4225 producendo,

2007 4239 2174 4294 1270
2208 4237 2625 4310 :intelligendo
2654 4239 2812 4295 enim
2844 4257 2903 4297 se
2935 4241 3149 4314 ipsum,
3172 4243 3429 4301 Verbum

2002 4327 2302 4384 internum
2345 4327 2580 4400 profert,
2611 4327 2965 4396 immanens,
3002 4332 3429 4389 consubstanti-

2004 4418 2111 4482 ale,
2149 4417 2343 4483 126[)’,
2372 4417 2554 4480 4080,
2587 4416 2697 4472 sibi
2724 4418 3122 4484 simillimum,
3155 4422 3257 4476 127
3274 4424 3338 4486 Α,
3370 4426 3429 4480 et

2002 4506 2265 4571 unicum,
2311 4508 2411 4561 127
2429 4506 2486 4562 0.
2524 4509 2609 4562 An
2650 4505 2819 4563 illum
2860 4512 3097 4580 generet
3130 4510 3427 4567 voluntate

1998 4596 2087 4653 vel
2145 4597 2503 4662 necessitate,
2568 4597 2748 4652 1391).
2802 4629 2863 4638 -
2920 4599 3226 4662 Quomodo
3282 4599 3427 4656 Filio

2001 4689 2273 4742 naturam
2296 4703 2462 4743 suam
2487 4686 2901 4751 communicet,
2926 4688 3067 4760 quin
3098 4705 3229 4745 eam
3259 4689 3429 4746 amit-

1998 4778 2100 4840 tat,
2122 4775 2305 4839 4221),
2328 4775 2525 4840 424Β’,
2548 4778 2648 4831 aut
2674 4775 2837 4846 quin,
2870 4775 3039 4832 illum
3072 4780 3423 4849 generando,

2001 4867 2235 4936 generet
2273 4881 2331 4920 se
2371 4863 2585 4935 ipsum,
2616 4864 2817 4926 4231)’,
2849 4865 3025 4921 4260.
3060 4898 3127 4907 -
3157 4867 3281 4922 Non
3313 4866 3427 4924 nisi

2001 4952 2317 5025 improprie
2356 4952 2571 5009 dicitur
2598 4969 2773 5009 causa
2802 4953 2951 5020 Filii,
2982 4955 3079 5011 141
3099 4957 3181 5022 Α;
3214 4955 3429 5013 dicitur

1997 5045 2196 5097 tamen
2227 5041 2353 5113 ejus
2382 5041 2758 5113 principium,
2785 5042 2987 5109 1401)’,
3010 5044 3277 5116 quamvis
3307 5061 3424 5101 non

1997 5130 2074 5185 sit
2100 5129 2261 5201 prior
2288 5127 2449 5194 Filio,
2485 5130 2662 5185 14113.
2694 5161 2765 5171 -
2794 5130 3005 5187 Filium
3047 5137 3285 5205 generat
3311 5133 3424 5190 vir-

1996 5223 2116 5276 tute
2149 5221 2373 5274 naturae
2405 5221 2469 5273 ut
2499 5221 2586 5274 est
2625 5218 2971 5285 intellectae,
2994 5221 3275 5293 Spiritum
3306 5223 3423 5295 spi-

1997 5311 2090 5366 rat
2115 5307 2325 5364 virtute
2360 5311 2585 5364 naturae
2613 5311 2679 5364 ut
2704 5311 2792 5366 est
2819 5309 3105 5378 voluntas,
3140 5312 3319 5368 142Α.
3349 5343 3423 5356 —-
