4300 6259
145 4348 250 4386 nrt.
271 4353 422 4388 xciv,

1116 507 1192 554 DE
1235 507 1461 553 mxuma·
1503 506 1884 552 cums'rtANAE
1924 505 2226 564 TnssomAE,
2272 507 2446 553 LIBER
2488 507 2527 552 1.
2574 524 2655 534 ·-
2694 507 2831 551 ART.
2878 504 2962 553 cn

3466 483 3587 550 363

477 679 824 762 Iosophum
883 679 1162 743 voluisse
1219 679 1454 752 dicere,
1503 678 1784 740 animam
1833 696 1980 740 cum
2012 677 2064 740 A
2093 676 2445 760 appetibile
2491 696 2700 760 neque
2748 676 3022 759 perutile
3078 674 3593 743 amantissimum

475 796 750 860 corpore
795 777 1006 852 finire,
1051 777 1331 860 subjecit
1366 795 1379 840 :
1415 778 1478 841 Si
1523 784 1738 840 autem
1770 783 1836 838 et
1879 794 1984 858 po-

471 877 712 938 sterius
789 876 1034 958 aliquid
1115 883 1352 949 manet,
1429 876 1978 958 perscrutandum.

471 975 636 1037 Nam
683 975 748 1037 in
794 975 1181 1056 quibusdam
1227 974 1390 1037 nihil
1436 974 1732 1056 prohibet
1768 991 1780 1034 :
1817 980 1887 1035 ut
1929 971 1983 1034 si

473 1082 574 1134 est
621 1073 839 1135 anima
897 1073 1062 1146 talis,
1113 1091 1240 1136 non
1291 1072 1524 1144 omniS,
1577 1072 1687 1134 sed
1739 1070 1982 1134 intelle·

473 1179 640 1234 ctus.
675 1172 852 1244 Quod
883 1172 962 1234 de
1001 1172 1216 1234 anima
1254 1171 1398 1234 coeli
1439 1170 1646 1250 accipi
1689 1187 1814 1232 non
1849 1177 1983 1250 pot-

474 1277 576 1332 est
609 1288 624 1331 :
661 1269 770 1332 illa
811 1269 985 1332 enim
1033 1287 1160 1332 non
1207 1275 1538 1351 separatur
1579 1268 1659 1331 ab
1699 1267 1854 1331 orbe
1894 1268 1984 1330 in-

473 1368 908 1450 corruptibili.
978 1369 1268 1449 Insuper,
1327 1367 1537 1449 primo
1608 1367 1687 1429 de
1755 1366 1985 1429 Anima

473 1466 661 1541 dicit,
707 1467 877 1548 quod
928 1465 1292 1528 intellectus
1335 1465 1588 1528 videtur
1629 1465 1985 1526 substantia

473 1565 772 1648 quaedam
817 1583 958 1626 esse
1006 1571 1068 1627 et
1117 1582 1244 1627 non
1306 1563 1651 1645 corrumpi.
1707 1563 1782 1624 Et
1828 1563 1982 1626 alibi

472 1664 592 1737 ait,
643 1663 814 1744 quod
873 1662 925 1725 si
986 1670 1083 1725 est
1139 1663 1355 1746 aliqua
1411 1661 1696 1744 operatio
1752 1662 1982 1724 animae

473 1762 762 1844 propria,
796 1769 947 1822 tunc
995 1762 1132 1844 ipsa
1174 1779 1302 1823 non
1346 1760 1714 1823 destruitur.
1751 1760 1873 1823 Sed
1913 1760 1978 1822 in

2092 795 2233 838 6556
2281 777 2409 840 Deo
2462 794 2475 838 :
2529 777 2883 858 praesertim
2931 795 3131 858 quum
3182 775 3249 836 in
3297 775 3417 836 hac
3466 773 3597 837 vita

2093 875 2311 957 plures
2360 874 2771 936 adversitates
2816 873 3185 956 frequenter
3226 873 3599 954 contingant

2093 973 2249 1036 viris
2280 973 2792 1056 contemplativis
2823 992 3017 1055 quam
3046 971 3601 1053 carnalibu8,quo-

2092 1073 2265 1134 niam
2298 1072 2753 1155 opprimuntur
2790 1080 2855 1134 et
2892 1071 3273 1134 occiduntur
3310 1070 3596 1134 vicissim

2091 1168 2174 1232 ab
2204 1168 2325 1232 his.
2350 1169 2595 1242 Adhuc,
2621 1169 2951 1251 proprium
2982 1175 3079 1230 est
3106 1167 3297 1230 amici
3330 1175 3399 1229 ut
3429 1185 3599 1230 com·

2098 1267 2385 1330 municet
2450 1275 2515 1330 et
2582 1267 2885 1348 largiatur
2950 1266 3265 1329 bonitates
3334 1284 3481 1328 suas
3534 1265 3594 1327 ei

2093 1385 2287 1449 quem
2332 1367 2559 1448 diligit.
2606 1367 2670 1430 Si
2716 1366 2910 1447 igitur
2951 1366 3051 1429 his
3094 1365 3251 1428 viris
3294 1365 3597 1428 theoricis

2094 1465 2205 1546 qui
2242 1465 2375 1545 jam
2415 1484 2547 1548 prae
2585 1466 2813 1528 ceteris
2853 1465 3253 1545 affliguntur,
3296 1463 3387 1525 nil
3421 1481 3595 1545 pror—

2093 1584 2203 1626 sus
2234 1563 2617 1627 retribueret
2649 1566 2815 1626 Deus
2848 1571 2992 1646 post
3020 1565 3183 1625 hanc
3217 1562 3433 1634 vitam,
3465 1580 3593 1625 non

2094 1662 2419 1726 videretur
2470 1663 2535 1725 in
2585 1680 2714 1745 quo
2762 1662 3015 1744 pensari
3075 1669 3288 1743 posset
3336 1661 3593 1722 divinus

2093 1779 2273 1824 amor
2310 1779 2504 1844 super
2542 1779 2668 1823 eos.
2713 1761 2833 1824 Sed
2877 1760 3011 1823 haec
3058 1761 3122 1822 in
3169 1759 3348 1822 libris
3391 1758 3592 1821 Boetii

473 1859 670 1922 tertio
716 1860 794 1921 de
830 1859 1063 1921 Anima
1106 1858 1314 1940 palam
1357 1859 1543 1921 docet
1579 1858 1977 1921 intellectum
2011 1857 2058 1919 B
2095 1860 2174 1922 de
2206 1859 2542 1924 Consolatu
2572 1858 3017 1941 philosophico
3046 1858 3471 1941 requirantur.

474 1957 848 2019 immixtum
878 1976 1040 2030 esse,
1073 1965 1137 2020 et
1178 1957 1420 2019 nullius
1451 1957 1736 2038 corporis
1763 1963 1978 2018 actum

473 2057 651 2118 sicut
689 2057 888 2118 virtus
933 2073 1048 2137 per
1089 2073 1399 2136 organum
1429 2073 1703 2137 operans
1737 2071 1752 2116 ε
1786 2061 1852 2116 et
1887 2054 1980 2116 sic

472 2155 697 2216 anima
727 2153 916 2216 habet
939 2154 1368 2236 operationem
1400 2161 1753 2235 separatam
1785 2171 1820 2214 a
1854 2171 1980 2214 ma-

471 2253 660 2315 teria.

561 2352 808 2426 Adhuc,
841 2352 1028 2414 tertio
1071 2352 1148 2414 de
1191 2351 1420 2413 Anima
1462 2349 1754 2413 attribuit
1799 2350 1980 2412 intel-

475 2448 677 2512 lectui
717 2449 925 2530 agenti
972 2457 1242 2530 quatuor
1286 2449 1727 2530 proprietateS,
1761 2448 1982 2510 dicens

475 2549 656 2629 quod
704 2548 786 2610 sit
833 2547 1228 2630 separabiliS‚
1283 2547 1636 2619 immixtus,
1691 2546 1980 2628 impassi-

473 2646 634 2708 bilis
693 2653 754 2708 et
810 2654 956 2708 actu
1016 2662 1170 2724 ens3
1233 2652 1294 2707 et
1352 2645 1542 2727 paulo
1607 2653 1753 2707 ante
1821 2644 1982 2706 dixit

475 2743 880 2806 intellectum
931 2743 1328 2826 possibilem,
1374 2744 1566 2806 etiam
1613 2743 1978 2805 immixtum

473 2851 542 2905 et
587 2843 1034 2924 separabilem,
1076 2849 1390 2925 quatenus
1437 2841 1652 2904 omnia
1693 2842 1980 2923 recipere

475 2942 704 3022 possit.
751 2941 1074 3004 Passibilis
1117 2958 1372 3023 quoque
1417 2949 1512 3002 est
1555 2940 1982 3002 communiter

2175 1958 2495 2020 Elucescit
2524 1958 2719 2040 igitur
2757 1976 2886 2020 non
2924 1957 3089 2020 bene
3126 1976 3163 2019 a
3201 1955 3585 2039 quibusdam

2093 2057 2360 2131 dictum,
2403 2057 2555 2119 dum
2607 2063 2920 2127 asserunt,
2954 2056 3310 2118 secundum
3360 2055 3590 2117 doctri·
3668 2021 3729 2060 ’Θ
3778 2039 3789 2050 ”

2093 2173 2241 2216 nam
2306 2155 2686 2228 AristoteliS,
2749 2154 3029 2216 animam
3098 2151 3592 2235 inseparabilem

2091 2253 2639 2336 sorezquanquam
2669 2253 2963 2316 solennes
2991 2252 3251 2334 quidam
3285 2251 3348 2313 id
3380 2251 3594 2333 ipsum

2091 2351 2323 2413 dicant.
2362 2351 2434 2414 Hi
2468 2351 2657 2415 etiam
2691 2352 2800 2434 qui
2834 2350 3196 2414 Nominales
3236 2349 3388 2412 dicti
3420 2355 3591 2422 sunt,

2093 2450 2233 2513 istis
2278 2459 2342 2513 et
2378 2445 2736 2513 Alexandro
2780 2449 3207 2522 consentiunt,
3243 2466 3451 2530 neque
3494 2465 3593 2509 se-

2093 2549 2375 2611 cundum
2409 2548 2837 2621 Aristotelem,
2863 2566 3070 2629 neque
3100 2547 3454 2609 secundum
3484 2565 3595 2608 na-

2091 2647 2363 2709 turalem
2394 2647 2703 2710 rationem
2734 2645 3121 2710 aestimantes
3163 2661 3347 2727 posse
3384 2651 3592 2708 osten-

2093 2746 2157 2808 di
2204 2745 2749 2808 immortalitatem
2794 2745 3043 2806 animae.
3086 2743 3214 2806 Nec
3258 2743 3493 2804 mirum
3537 2741 3591 2803 si

2091 2843 2213 2905 hoc
2256 2843 2469 2905 dicant
2516 2860 2530 2904 t
2574 2862 2723 2905 nam
2766 2843 2919 2904 dum
2970 2861 3183 2904 rerum
3230 2848 3487 2903 naturas
3530 2845 3595 2902 et

2093 2941 2511 3023 proprietates
2580 2946 3081 3022 perscrutantur,
3140 2940 3220 3002 ad
3286 2938 3593 3000 terminos

473 3038 716 3112 dictuS,
747 3057 784 3100 a
813 3039 1130 3120 passione,
1153 3038 1305 3120 quia
1335 3038 1564 3120 recipit
1595 3057 1808 3100 rerum
1839 3056 1978 3118 spe·
2017 3041 2060 3105 C
2095 3039 2463 3122 frequenter
2490 3047 2554 3102 et
2581 3039 2659 3102 ad
2692 3039 3083 3121 sophismata
3112 3044 3588 3101 convertuntur.

475 3139 636 3200 cies.
669 3137 789 3200 Sed
820 3137 990 3220 quod
1021 3137 1102 3199 sit
1131 3145 1272 3200 actu
1305 3156 1440 3212 6115,
1477 3145 1700 3218 negat:
1728 3137 1858 3199 imo
1888 3143 1982 3198 est

477 3235 546 3299 in
583 3236 868 3318 potentia
894 3236 973 3297 ad
1005 3253 1225 3298 omncs
1257 3236 1494 3298 formas
1524 3235 1982 3315 rerum.Agens

473 3341 700 3396 autem
749 3334 1108 3397 intellectus
1156 3333 1392 3396 dicitur
1437 3332 1791 3396 substantia
1837 3340 1982 3395 actu

473 3453 622 3506 6115,
642 3433 790 3515 quia
821 3433 1143 3495 illuminat
1171 3441 1234 3494 et
1261 3431 1571 3494 abstrahit
1598 3439 1661 3493 et
1691 3432 1978 3513 depurat.

473 3531 819 3595 Ostensum
861 3550 1081 3593 rursus
1121 3538 1217 3593 est
1253 3539 1316 3593 et
1355 3529 1800 3611 multipliciter
1845 3547 1983 3612 pro·

474 3629 730 3700 batum,
777 3629 910 3692 haec
957 3629 1150 3691 verba
1193 3628 1558 3710 Philosophi
1607 3629 1684 3690 de
1735 3627 1979 3690 intelle-

469 3726 694 3790 ctibus
737 3727 848 3809 qui
890 3733 1038 3790 sunt
1080 3727 1377 3808 potentiae
1415 3727 1646 3789 animae
1687 3734 1980 3808 oportere

469 3824 776 3906 intelligi.
827 3825 1072 3887 Dicitur
1119 3825 1292 3887 enim
1350 3825 1519 3907 quod
1578 3843 1838 3887 necesse
1887 3831 1980 3886 est

469 3925 544 3986 in
577 3924 792 3986 anima
835 3924 947 3986 has
991 3942 1130 3986 6556
1173 3923 1595 3997 differentiaS,
1629 3931 1698 3985 ut
1736 3923 1982 3985 scilicet

467 4025 562 4086 sit
608 4023 670 4086 in
715 4041 789 4084 ea
833 4022 1074 4104 aliquid
1115 4022 1286 4104 quod
1326 4030 1422 4084 est
1469 4022 1532 4084 in
1578 4023 1860 4103 potentia
1900 4023 1978 4084 ad

463 4123 718 4196 omnia,
763 4129 828 4182 et
872 4120 1112 4202 aliquid
1163 4120 1332 4201 quod
1383 4120 1584 4201 possit
1630 4120 1977 4202 potentiam

2482 3303 2972 3367 ARTICULUS
3019 3303 3159 3366 CII.

2092 3445 2188 3504 De
2229 3444 2533 3502 doctrina
2578 3445 2881 3504 Platonis
2925 3445 2997 3503 in
3040 3443 3367 3504 Pkoedone
3413 3443 3589 3500 eirca

2174 3543 2491 3592 naturam
2534 3541 2595 3591 et
2648 3533 3205 3592 immortalitatem
3246 3533 3507 3590 am'moe.

2226 3727 2666 3792 SSENTIALIS
2721 3728 2963 3810 quippe
3020 3728 3249 3790 animae
3298 3727 3591 3791 definitio

2254 3834 2371 3901 est,
2423 3845 2563 3888 esse
2621 3826 3012 3908 principium
3066 3826 3210 3889 vitae
3259 3833 3322 3887 et
3379 3833 3589 3889 motus

2089 3927 2231 4005 ejus
2274 3927 2337 3988 in
2376 3943 2504 4008 quo
2547 3932 2661 3987 est.
2696 3924 2764 3987 In
2804 3924 3103 3987 omnibus
3144 3924 3337 4004 igitur
3374 3943 3515 4006 quae
3554 3943 3591 3986 a

2089 4043 2157 4086 se
2182 4031 2817 4096 moventur,necesse
2847 4029 2943 4083 est
2973 4021 3249 4105 primum
3281 4029 3589 4086 motorem

2091 4123 2499 4196 constituere,
2548 4121 2653 4183 cui
2702 4140 2815 4202 per
2862 4139 2929 4183 se
2978 4129 3043 4183 et
3088 4139 3215 4184 non
3265 4139 3380 4203 per
3424 4123 3588 4184 acci-

465 4223 646 4284 hanc
691 4227 970 4282 actuare.
1017 4218 1138 4280 Sed
1187 4218 1306 4280 hoc
1355 4219 1506 4280 satis
1549 4217 1838 4280 habitum
1884 4226 1982 4280 est
2008 4223 2058 4286 D
2091 4221 2247 4283 dens
2276 4220 2613 4283 conveniat
2645 4237 2921 4282 movere.
2957 4218 3143 4282 Omni
3173 4237 3323 4301 ergo
3360 4218 3589 4283 animae

463 4337 676 4401 supra
705 4319 768 4380 in
803 4318 900 4380 his
930 4336 1072 4400 quae
1107 4325 1326 4378 contra
1355 4317 1696 4380 Averroem
1738 4324 1801 4378 et
1829 4318 1976 4379 Avi·

463 4436 748 4482 cennam
801 4417 1161 4479 introducta
1210 4422 1376 4476 sunt.
1431 4415 1835 4478 Manifestum
1884 4424 1979 4478 est

459 4535 652 4598 ergO,
710 4516 1064 4578 secundum
1133 4513 1554 4577 intentionem
1612 4515 1977 4598 Philosophi

457 4619 834 4680 humanum
882 4613 1278 4676 intellectum
1331 4613 1754 4676 immortalem
1814 4633 1973 4678 esse.

463 4715 656 4779 Unde
697 4715 776 4777 de
819 4711 1150 4774 intellectu
1193 4712 1450 4774 tandem
1495 4712 1821 4774 concludit
1854 4733 1867 4776 :
1905 4715 1979 4775 Et

457 4817 600 4879 hoc
633 4813 838 4875 solum
871 4810 1232 4872 immortale
1263 4817 1328 4872 et
1360 4817 1738 4891 perpetuum
1771 4820 1883 4872 est.

551 4912 881 4983 Praeterea,
933 4908 998 4970 in
1049 4907 1288 4970 Ethicis
1337 4907 1513 4978 dicit,
1565 4914 1628 4969 et
1676 4927 1843 4989 saepe
1891 4910 1980 4971 al-

113 5035 412 5092 cs.p.u·.·
455 5012 754 5091 legatum
813 5015 932 5080 est,
995 5004 1164 5088 quod
1226 5005 1526 5067 videlicet
1583 5005 1774 5068 homo
1831 5024 1976 5068 con-

83 5101 134 5144 Β.

449 5105 885 5188 templativus
927 5104 1012 5166 sit
1053 5103 1531 5166 amantissimus
1575 5105 1720 5166 Deo,
1767 5105 1830 5167 Si
1873 5124 1980 5167 au-

447 5217 602 5271 tem
637 5211 777 5288 post
806 5203 1007 5266 vitam
1037 5201 1200 5263 hanc
1240 5201 1484 5263 nullam
1516 5201 1975 5265 beatitudinem

443 5303 854 5372 retribueret
909 5301 1078 5364 Deus
1136 5299 1248 5364 tali
1305 5299 1574 5374 homini,
1623 5318 1753 5364 non
1809 5309 1976 5364 esset

2091 4319 2315 4382 motivi
2346 4317 2664 4389 animalis,
2699 4323 2797 4379 est
2824 4316 3164 4380 essentiale
3204 4325 3275 4380 ut
3316 4325 3583 4381 moveat.

2089 4417 2265 4491 Quod
2322 4425 2535 4479 autem
2593 4414 2931 4479 essentiale
2987 4423 3103 4488 est,
3164 4416 3589 4498 inseparabile

2089 4523 2204 4577 est.
2232 4514 2497 4596 Semper
2526 4532 2675 4594 ergo
2705 4521 2937 4576 movet.
2963 4515 3097 4577 Non
3132 4514 3325 4596 igitur
3356 4516 3591 4596 peribit

2087 4614 2303 4676 anima
2334 4620 2641 4696 pereunte
2674 4630 2960 4694 corpore,
2985 4613 3175 4674 etiam
3208 4633 3349 4694 quae
3379 4613 3585 4676 solum

2088 4712 2393 4775 sensitiva
2439 4718 2556 4785 est,
2603 4719 2673 4772 ut
2716 4711 2889 4773 Plato
2934 4709 3145 4773 infert.
3192 4711 3435 4784 Adhuc,
3483 4713 3585 4773 cui

2089 4811 2397 4892 competit
2426 4829 2540 4892 per
2570 4829 2637 4872 se
2678 4828 2885 4891 agere,
2916 4810 3223 4890 competit
3251 4810 3445 4872 etiam
3476 4829 3589 4892 per

2087 4927 2156 4970 se
2214 4917 2279 4971 et
2334 4908 2675 4988 separatim
2735 4924 2919 4987 posse
2977 4924 3135 4968 esse.
3190 4906 3309 4968 Sed
3359 4907 3588 4970 animae

2086 5006 2279 5068 etiam
2322 5005 2658 5067 brutorum
2700 5004 3000 5066 convenit
3037 5022 3153 5084 per
3194 5022 3260 5066 se
3307 5022 3585 5079 movere,

2086 5103 2339 5185 corpori
2382 5119 2535 5164 vero
2580 5101 2841 5164 moveri.
2876 5101 2950 5163 Et
2995 5100 3087 5162 sic
3132 5119 3257 5163 non
3303 5119 3585 5164 commu-

2087 5202 2261 5264 nicat
2288 5199 2503 5263 anima
2532 5199 2673 5262 talis
2704 5218 2851 5262 cum
2892 5216 3155 5280 corpore
3197 5199 3261 5261 in
3301 5217 3377 5262 eo
3415 5202 3584 5283 quod

2088 5307 2187 5364 est
2229 5317 2485 5363 movere
2524 5299 2701 5379 (nam
2746 5297 2985 5362 mobile
3030 5305 3274 5362 constat
3313 5317 3391 5362 ex
3436 5299 3587 5364 duo-

3646 1881 3714 1934 Cf.
3728 1885 3756 1923 t.
3772 1878 3911 1930 XXVI,

3619 1949 3683 2023 ⁹2¹
3698 1947 3746 1988 ¹6
3760 1943 3913 1994 ⁰322ss
