4300 6259
1046 531 1469 582 nummario
1510 531 1911 582 τπιοιοαιω.
1954 550 2038 564 -
2077 533 2158 581 nn
2199 533 2319 582 nro
2360 535 2482 584 nuo
2523 535 2598 583 ar
2639 537 2822 585 'mmo
3373 523 3490 586 129

374 699 643 768 modum
686 703 1027 784 productio
1065 702 1257 766 Verbi
1302 705 1521 766 aeterni
1564 703 1881 768 concomi·
1906 704 1959 768 A
1992 723 2196 768 nexus
2223 703 2423 768 Patris
2462 714 2522 769 et
2552 706 2694 770 Filii
2721 725 2738 789 3
2770 708 3198 792 appropriata,
3232 716 3302 771 ut
3339 728 3484 792 pax,

372 803 585 860 tanter
616 807 888 863 vocatur
932 799 1291 864 voluntaria
1330 821 1710 884 summeque
1749 801 1879 884 pla·
1984 803 2434 885 tranquillitas,
2481 803 2872 886 jucunditas,
2917 806 3158 880 unctio,
3207 808 3486 872 Paracle-

376 895 505 958 cita
566 896 761 971 Patri,
832 906 985 980 puta
1052 917 1307 962 summe
1374 901 1763 963 conveniens
1814 907 1879 962 et
1981 908 2108 975 tuS,
2157 902 2547 975 communio,
2597 901 2870 978 bonitaS,
2921 904 3300 986 benignitaS,
3347 925 3484 968 mu-

374 994 863 1076 placentissima
918 997 999 1060 ei.
1053 996 1399 1070 Postremo,
1450 1016 1757 1079 generare
1802 1016 1879 1061 ac
1984 996 2322 1061 nificentia
2359 1017 2434 1062 ac
2475 999 2764 1064 dulcedo.

374 1093 621 1174 spirare
661 1095 920 1176 proprie
957 1103 1331 1178 competunt
1366 1096 1527 1178 ipsis
1565 1096 1877 1178 personis,
2053 1096 2358 1178 Denique,
2381 1097 2795 1179 pulchritudo
2823 1100 2900 1162 ad
2934 1099 3352 1174 intellectum,
3379 1120 3484 1164 ve-

374 1189 546 1254 sicut
584 1199 648 1254 et
689 1209 877 1273 agere
914 1191 1152 1256 dicitur
1192 1211 1331 1256 esse
1374 1194 1875 1276 suppositorum,
1986 1193 2238 1256 ritatem
2271 1202 2336 1257 et
2364 1195 2743 1277 sapientiam
2775 1197 3196 1279 spiritualiter
3231 1217 3306 1262 ac
3343 1219 3484 1282 spe·

374 1295 681 1370 tanquam
729 1289 831 1352 his
872 1309 1015 1372 quae
1056 1297 1293 1372 agunt3
1326 1291 1679 1354 intellectui
1725 1310 1877 1355 vero
1986 1289 2232 1354 cialiter
2279 1293 2574 1375 pertinet,
2625 1295 3166 1376 quemadmodum
3209 1295 3481 1373 bonitaS,

372 1393 440 1449 et
468 1386 783 1450 voluntati
822 1387 1281 1462 attribuuntur,
1314 1397 1619 1472 tanquam
1658 1389 1715 1452 ei
1748 1407 1877 1472 quo

370 1485 512 1566 agit
565 1485 703 1566 ipsa
760 1504 1034 1568 persona
1093 1503 1108 1549 τ
1171 1487 1715 1569 quemadmodum
1772 1489 1878 1551 So-

370 1591 583 1646 crates
633 1591 732 1646 est
787 1585 898 1666 qui
948 1585 1124 1647 videt
1171 1593 1363 1668 atque
1413 1585 1733 1667 intelligit,
1778 1587 1877 1650 vis

368 1689 589 1744 autem
643 1681 986 1766 visivaest
1032 1701 1159 1765 qua
1204 1683 1403 1757 videt,
1454 1701 1567 1746 seu
1618 1685 1713 1746 vis
1762 1703 1875 1767 per

368 1797 571 1862 quam
610 1779 827 1858 videt3
879 1780 1317 1854 conformiter,
1368 1781 1731 1844 intellectus
1776 1788 1874 1844 est

366 1895 509 1960 quo
546 1878 867 1961 intelligit.

1986 1388 2356 1464 liberalitas,
2391 1390 2616 1472 pictae„
2649 1392 2729 1454 ad
2769 1393 3095 1456 affectum.
3131 1395 3277 1458 Ideo
3306 1403 3484 1460 aeter-

1984 1487 2149 1550 nitas
2197 1488 2436 1551 dicitur
2491 1507 2631 1552 esse
2696 1489 2764 1553 in
2821 1491 3048 1570 Patre;
3107 1493 3356 1575 species
3415 1495 3480 1558 in

1986 1585 2283 1666 imagine,
2333 1587 2396 1648 id
2441 1594 2538 1648 est
2583 1587 2994 1670 pulchritudo
3037 1590 3104 1652 in
3149 1590 3328 1666 Filio,
3370 1593 3482 1674 qui

1982 1691 2081 1746 est
2120 1683 2356 1748 veritas
2398 1702 2472 1747 ac
2517 1685 2828 1768 sapientia
2873 1687 2982 1750 Dei
3025 1688 3224 1752 Patris
3273 1707 3286 1752 :
3333 1709 3482 1753 nam
3510 1703 3649 1753 teor.
3667 1710 3776 1751 „aa

1984 1789 2047 1842 et
2089 1781 2434 1864 pulchrum
2481 1801 2806 1859 vocamus,
2849 1786 3016 1867 quod
3055 1786 3266 1850 visum
3315 1788 3485 1852 oble·

1908 1873 2155 1959 Betat3
2197 1880 2394 1942 Filius
2443 1888 2658 1945 autem
2714 1883 2878 1946 Patri
2935 1883 3304 1948 simillimus
3363 1894 3481 1962 est,

1983 1977 2288 2060 splendor
2315 1979 2554 2061 gloriae,
2589 1982 2826 2044 candor
2863 1981 3025 2045 lucis
3065 1991 3338 2058 aeternae,
3372 1985 3488 2048 im·
3534 2009 3776 2062 aeuum

1982 2076 2556 2142 maculatissimum
2589 2081 2924 2163 speculum
2955 2082 3486 2148 radiantissimus·
3513 2073 3779 2129 ⁸“P·'¹¹¹²⁶·

1981 2193 2109 2257 que
2167 2175 2494 2240 character
2551 2177 2922 2242 substantiae
2977 2179 3178 2243 Patris
3238 2198 3253 2244 :
3315 2190 3486 2246 recte

745 2089 1267 2156 PROPOSITIO
1312 2089 1501 2153 XXI.

452 2276 827 2354 Quaedam
880 2275 1369 2344 conveniunt
1436 2274 1739 2342 divinis
1793 2275 1878 2341 et

362 2376 761 2441 increatis
825 2375 1189 2455 personis
1253 2375 1596 2456 proprie,
1668 2387 1875 2454 quae·

364 2473 561 2540 dam
598 2473 1137 2554 appropriate.

450 2571 629 2644 Quod
690 2579 809 2646 est,
870 2571 1022 2653 quia
1078 2571 1189 2632 illa
1243 2570 1549 2634 dicuntur
1616 2569 1875 2652 proprie

362 2669 742 2743 convenire,
787 2669 1051 2732 attribui
1100 2677 1165 2732 et
1206 2668 1415 2732 inesse
1456 2668 1689 2732 divinae
1732 2686 1873 2750 per-

361 2785 569 2840 sonae,
627 2786 773 2850 quae
830 2768 888 2830 ei
948 2767 1277 2831 dumtaxat
1330 2767 1745 2840 conveniunt,
1808 2775 1875 2830 et

362 2867 437 2928 id
484 2885 601 2948 per
649 2866 823 2949 quod
876 2867 944 2928 in
998 2883 1139 2928 esse
1188 2873 1253 2928 et
1304 2865 1689 2950 proprietate
1728 2882 1875 2928 con-

360 2965 659 3027 stituitur
694 2963 1037 3047 personali.
1078 2964 1149 3026 In
1189 2963 1427 3028 divinis
1476 2963 1719 3046 quippe
1758 2981 1873 3046 per

1982 2273 2180 2355 igitur
2227 2274 2388 2338 Filio
2445 2276 2860 2357 pulchritudo
2910 2297 3024 2340 seu
3073 2280 3322 2361 species
3377 2300 3488 2363 ap-

1984 2373 2367 2457 propriatur.
2403 2373 2749 2448 Postremo,
2781 2395 2936 2438 usus
2967 2385 3065 2439 est
3093 2378 3158 2440 in
3191 2397 3481 2455 munere,

1983 2471 2047 2532 id
2093 2479 2192 2533 est
2234 2473 2732 2536 communicatio
2775 2474 2840 2536 in
2883 2475 3050 2538 dono
3088 2494 3200 2538 seu
3247 2477 3488 2559 Spiritu

1982 2569 2236 2644 Sancto,
2271 2573 2382 2652 qui
2425 2578 2523 2634 est
2566 2589 2906 2635 commune
2949 2573 3344 2654 profluvium
3385 2575 3490 2638 Pa-

1981 2667 2097 2730 tris
2141 2676 2206 2730 et
2249 2668 2414 2742 Filii,
2447 2667 2694 2732 flumen
2741 2670 2938 2751 paciS,
2979 2672 3488 2737 communicator

1981 2773 2045 2828 et
2093 2765 2274 2829 dator
2325 2767 2536 2830 omnis
2595 2767 2746 2830 boni
2797 2767 3016 2843 creati,
3070 2788 3183 2832 ens
3231 2789 3485 2833 summe

1984 2864 2348 2946 proficuum
2379 2873 2444 2928 et
2473 2865 3109 2941 communicativum,
3134 2886 3278 2950 pax,
3303 2887 3488 2933 oscu-

1983 2960 2140 3036 lum,
2191 2981 2265 3026 ac
2315 2963 2861 3045 jucundissimum
2919 2972 2985 3028 et
3040 2984 3190 3029 vere
3248 2966 3484 3030 dulcis·

360 3060 714 3125 relationes
772 3079 1059 3144 personat
1124 3060 1623 3134 constituuntur,
1682 3067 1873 3142 atque
1901 3058 1948 3124 G
1982 3059 2218 3124 simum
2249 3059 2515 3136 bonum,
2544 3080 2673 3143 quo
2700 3062 2880 3127 Pater
2907 3063 3232 3146 Filiusque
3262 3064 3484 3128 fruun-

359 3160 451 3223 ab
484 3160 764 3223 invicem
794 3159 1277 3241 distinguuntur
1302 3176 1316 3220 :
1340 3158 1493 3222 hinc
1524 3157 1873 3241 paternitas

358 3275 663 3342 personae
698 3258 899 3320 Patris
940 3257 1241 3321 convenit
1279 3257 1577 3340 proprie;
1619 3255 1868 3331 filiatio,

358 3356 539 3420 Filio
558 3375 575 3435 ;
607 3355 931 3439 processio
964 3373 1077 3419 seu
1118 3355 1371 3438 passiva
1414 3355 1701 3438 spiratio,
1735 3355 1873 3438 Spi-

358 3455 530 3518 ritui
570 3455 817 3517 Sancto.
865 3454 1203 3536 Quumque
1242 3454 1424 3517 Pater
1463 3472 1502 3516 a
1542 3452 1723 3516 nullo
1762 3453 1869 3528 sit,

356 3552 823 3635 appropriatur
876 3551 937 3615 ei
994 3552 1329 3624 aeternitas,
1380 3560 1445 3616 et
1500 3551 1693 3615 etiam
1744 3552 1871 3634 pri·

356 3651 585 3724 mins,
636 3651 917 3732 itemque
968 3649 1271 3732 potentia,
1324 3649 1535 3713 unitas
1592 3667 1865 3732 quoque.

356 3749 701 3811 AEternum
732 3765 1011 3829 namque
1038 3753 1323 3821 vocatur,
1346 3747 1485 3810 sine
1516 3747 1869 3830 principio;

357 3853 435 3910 et
478 3843 751 3928 primus,
788 3853 937 3907 ante
976 3863 1171 3926 quem
1214 3843 1431 3908 nullus
1454 3863 1471 3924 ;
1503 3844 1583 3908 ab
1629 3845 1870 3909 unitate

354 3961 627 4026 quoque
684 3943 1005 4006 derivatur
1058 3941 1268 4006 omnis
1332 3941 1623 4025 pluritas,
1682 3943 1775 4006 sic
1832 3963 1871 4006 a

354 4043 551 4106 Patre
590 4049 799 4104 cetera
836 4047 1083 4103 cuncta.
1118 4040 1199 4103 At
1237 4056 1388 4104 vero
1427 4041 1729 4123 quoniam
1772 4042 1867 4104 Fi·

354 4142 495 4204 lius
541 4139 829 4223 procedit
868 4159 905 4202 a
947 4139 1123 4202 Patre
1166 4157 1282 4222 per
1324 4139 1743 4214 intellectum,
1778 4141 1867 4204 id-

1982 3165 2087 3220 tur
2126 3165 2318 3242 atque
2361 3159 2764 3236 deliciantur,
2803 3161 3184 3228 aeternaliter
3228 3180 3483 3245 quoque

1982 3256 2527 3338 congratulantur.

2339 3465 2860 3533 PROPOSITIO
2906 3468 3126 3534 XXII.

2061 3649 2464 3730 Quidquid
2502 3649 2863 3718 absolute
2907 3653 3208 3720 dicitur
3246 3656 3330 3720 in
3368 3656 3478 3722 di·

1980 3747 2219 3829 vinis,
2266 3747 2363 3814 de
2412 3747 2772 3830 qualibet
2822 3750 3482 3830 superbenedicta

1981 3857 2316 3925 persona
2384 3846 2912 3924 singulariter
2976 3847 3475 3934 preadicatur,

1978 3943 2364 4009 similiter
2394 3943 2491 4008 de
2520 3943 2825 4013 duabus
2853 3946 2939 4011 et
2969 3946 3164 4012 item
3203 3947 3298 4012 de
3337 3949 3478 4014 tri·

1976 4041 2129 4108 bus
2168 4041 2416 4109 simul
2455 4043 2828 4122 acceptis.

2056 4139 2233 4212 Quod
2281 4147 2399 4214 est,
2448 4139 2752 4221 quoniam
2801 4139 2867 4202 in
2917 4139 3152 4203 divinis
3201 4141 3334 4206 sola
3381 4161 3478 4208 re·

356 4239 543 4303 circo
580 4257 723 4321 quae
762 4239 840 4301 ad
880 4237 1279 4301 intellectum
1322 4237 1687 4322 specialiter
1727 4257 1867 4323 per·
1896 4241 1947 4306 D
1978 4237 2149 4310 latio,
2173 4237 2602 4300 distinctionis
2633 4237 2821 4300 realis
2851 4245 2946 4302 est
2977 4238 3167 4319 ratio;
3199 4242 3479 4306 essentia

352 4337 595 4412 tinent,
628 4341 779 4398 sunt
806 4335 967 4399 Filio
996 4335 1256 4420 propria
1280 4344 1391 4400 aut
1418 4338 1864 4420 appropriata:

354 4435 627 4521 propria
675 4434 961 4517 quidem,
1012 4442 1083 4498 ut
1128 4434 1239 4498 illa
1286 4454 1429 4517 quae
1476 4437 1869 4500 conveniunt

352 4536 421 4599 ei
462 4534 609 4609 soli,
642 4540 716 4595 ut
742 4532 1047 4606 Verbum,
1080 4533 1311 4614 imag0,
1341 4533 1553 4616 proles
1593 4533 1863 4610 interna,

354 4653 465 4696 ars
524 4640 695 4705 nata,
756 4631 1082 4715 Sapientia
1148 4631 1403 4713 genita3
1460 4633 1869 4716 appropriata

356 4749 539 4804 vero,
590 4739 663 4794 ut
718 4729 1071 4813 aequalitas,
1121 4731 1456 4813 sapientia,
1518 4750 1642 4805 ars,
1702 4732 1863 4807 idea,

356 4831 796 4916 pulchritudo.
848 4830 1173 4902 Praeterea,
1232 4830 1534 4912 quoniam
1594 4829 1867 4912 Spiritus

354 4931 633 4994 Sanctus
674 4926 945 5012 profluit
984 4926 1067 4990 ab
1108 4934 1379 5010 utroque
1424 4946 1539 5010 per
1579 4927 1867 4992 volunta·

356 5039 515 5102 tem,
568 5027 721 5090 hinc
768 5026 849 5089 ad
894 5025 1281 5090 voluntatem
1326 5027 1679 5108 spectantia
1729 5045 1869 5111 pro-

350 5127 502 5212 pria
531 5133 683 5190 sunt
710 5133 821 5188 aut
852 5125 1259 5208 appropriata
1288 5124 1552 5208 Spiritui
1588 5125 1817 5188 Sancto
1850 5143 1863 5188 :

350 5224 645 5311 propria,
682 5232 757 5287 ut
795 5240 979 5286 amor
1020 5223 1319 5305 spiratus,
1360 5223 1601 5288 donum
1646 5243 1869 5288 secun-

348 5327 513 5393 dum
586 5342 787 5388 unam
858 5321 1321 5406 acceptionem,
1388 5323 1723 5406 amplexus
1792 5341 1867 5386 ac

606 5461 672 5513 T.
710 5459 796 5509 33.

1974 4342 2188 4398 autem
2247 4343 2344 4399 est
2401 4335 2562 4398 ratio
2617 4335 2900 4399 unitatis.
2972 4336 3260 4403 Personae
3322 4358 3474 4406 vero

1975 4433 2240 4496 relative
2284 4433 2588 4498 dicuntur
2633 4435 2713 4497 ad
2762 4435 3040 4499 invicem
3084 4453 3100 4500 ε
3149 4435 3292 4501 ideo
3348 4457 3476 4503 una

1976 4549 2103 4595 non
2148 4540 2246 4594 est
2287 4531 2431 4595 alia.
2479 4532 2801 4615 Quidquid
2843 4552 2996 4599 vero
3040 4533 3332 4600 absolute
3370 4556 3472 4600 su-

1978 4630 2176 4693 mitur
2215 4628 2326 4704 ibi,
2361 4649 2562 4693 unum
2595 4639 2810 4694 manet
2847 4638 2910 4694 et
2947 4631 3320 4708 indivisum,
3353 4652 3472 4698 nec

1976 4727 2405 4812 plurificatur.
2471 4729 2780 4811 Denique,
2844 4728 2972 4792 duo
3031 4733 3472 4796 tantummodo

1956 4826 2470 4910 -praedicamenta
2509 4827 2573 4889 in
2615 4828 2742 4890 Deo
2786 4835 3112 4909 ponuntur
3148 4847 3290 4911 quae
3329 4848 3472 4913 pro·

1978 4926 2193 5009 prium
2237 4925 2500 4988 modum
2541 4933 2838 5004 servant3
2888 4933 3118 5001 cetera,
3161 4935 3230 4989 ut
3272 4948 3470 5011 quan-

1976 5025 2123 5086 titas
2181 5031 2244 5086 et
2311 5023 2604 5106 qualitas,
2665 5024 2960 5105 quamvis
3027 5042 3144 5106 per
3209 5028 3470 5092 modum

1976 5123 2350 5207 quantitatis
2391 5130 2502 5186 aut
2537 5122 2859 5204 qualitatis
2897 5123 3286 5204 significent,
3318 5135 3472 5191 atta-

1978 5240 2125 5285 men
2167 5221 2233 5285 in
2271 5220 2692 5284 substantiam
2732 5229 3085 5298 transeunt,
3119 5242 3238 5288 nec
3274 5244 3472 5308 quan·

1976 5321 2226 5384 titative
2253 5327 2362 5384 aut
2391 5318 2762 5402 qualitative
2794 5318 2882 5382 ibi
2914 5326 3230 5386 tenentur.
3255 5325 3474 5408 Itaque

3193 5457 3223 5508 9
