4300 6259
149 2981 167 2998 ·
205 2980 380 3033 forsan

103 3041 175 3083 zuo
191 3042 380 3095 phanu-

103 3110 240 3147 §mate

113 4956 202 4997 ως».
217 4948 288 4995 50,
303 4946 370 4987 st.

1076 516 1502 563 Btssumarto
1543 514 2003 563 mttosorntca.
2049 534 2130 547 ·-
2174 516 2252 563 ΒΕ
2296 517 2497 564 amna
2538 518 2868 567 aulolum

3446 502 3529 567 59

411 688 654 751 tionem
707 689 1058 772 suscipere,
1104 690 1214 753 sed
1261 708 1378 772 per
1422 687 1916 772 applicationem
1948 683 2001 750 A
2029 686 2375 763 interioriS,
2410 708 2527 753 nec
2565 691 3040 773 repraesentatio
3076 698 3141 753 et
3179 688 3531 772 speculatio

415 788 680 850 luminis
725 788 962 851 mentis
1003 788 1306 871 angelicae
1353 788 1430 851 ad
1479 788 1920 870 phantasmata

413 906 638 949 sensus
681 886 1004 950 interioris
1038 904 1052 949 :
1086 886 1238 969 quia
1273 904 1394 950 nec
1431 886 1680 969 species
1719 885 1784 949 in
1825 886 1919 948 in-

413 986 672 1049 tellectu
701 986 994 1067 angelico
1013 986 1412 1059 exsistentes„
1427 986 1917 1069 proportionatae

413 1094 566 1148 sunt
605 1084 964 1148 intellectui
1009 1085 1310 1149 hominis,
1352 1085 1552 1160 Quod,
1597 1084 1662 1147 ni
1704 1084 1911 1159 fallor,

411 1192 580 1246 stare
619 1200 750 1247 non
781 1184 948 1247 valet
985 1200 1000 1245 ε
1033 1184 1338 1266 quoniam
1389 1183 1555 1245 inter
1603 1182 1914 1265 recipien-

414 1290 546 1344 tem
591 1290 658 1345 et
697 1289 1052 1364 receptum,
1085 1289 1148 1344 et
1189 1281 1356 1344 inter
1391 1281 1820 1364 applicantem
1852 1288 1916 1343 et

413 1399 566 1443 eum
597 1381 704 1443 cui
743 1399 812 1443 se
849 1380 1152 1463 applicat,
1184 1387 1432 1463 oportet
1473 1398 1614 1443 esse
1656 1397 1916 1463 propor-

413 1479 684 1553 tionem,
753 1478 1266 1541 convenientiam
1333 1486 1398 1541 et
1461 1478 1916 1542 conformatio·

415 1596 584 1639 nem.
621 1578 961 1660 Quumque
993 1576 1382 1640 intellectiva
1422 1577 1520 1640 vis
1559 1578 1790 1641 animae
1833 1576 1916 1639 sit

413 1675 784 1756 inorganica
827 1682 892 1738 et
929 1674 1390 1749 immaterialiS,
1423 1694 1618 1758 super
1659 1683 1914 1757 tempus

413 1781 606 1856 atque
635 1773 1014 1837 continuum
1047 1774 1314 1848 elevata,
1346 1794 1418 1839 ac
1459 1775 1682 1857 primae
1719 1782 1784 1837 et
1819 1774 1914 1837 in-

2029 787 2490 870 phantasmatis
2557 789 2717 852 inibi
2786 790 3149 853 exsistentis
3212 806 3225 851 :
3286 787 3527 870 alioqui

2029 904 2261 971 corpus
2292 907 2435 951 cum
2468 908 2581 951 sua
2614 890 2897 971 potentia
2926 889 2990 953 in
3024 889 3133 953 illa
3162 888 3529 971 operatione

2029 986 2552 1049 communicaret.

2108 1086 2433 1148 Postremo
2474 1086 2594 1149 hoc
2646 1086 2922 1149 sensisse
2971 1086 3227 1149 videtur
3273 1086 3529 1148 Boetius

2027 1183 2199 1245 circa
2228 1184 2431 1247 finem
2464 1185 2541 1247 de
2573 1185 3015 1249 Consolatione
3053 1184 3475 1267 philosophiae
3509 1201 3523 1245 ε
3574 1202 3649 1244 lit».

2027 1280 2387 1355 Hominem,
2442 1282 2763 1365 inquienS,
2814 1282 2997 1345 aliter
3046 1301 3292 1355 sensus,
3343 1282 3530 1345 aliter
3555 1268 3597 1308 ⁴·

2027 1380 2419 1462 imaginatio,
2452 1382 2638 1445 aliter
2669 1382 2850 1455 ratio,
2883 1382 3067 1445 aliter
3106 1381 3529 1463 intelligentia

2025 1488 2388 1543 contuetur.
2440 1480 2677 1543 Sensus
2721 1480 2895 1543 enim
2945 1480 3219 1563 figuram
3262 1478 3327 1542 in
3378 1480 3527 1543 sub-

2020 1578 2191 1659 jecta
2233 1580 2495 1641 materia
2544 1579 2978 1651 constitutam,
3014 1578 3383 1660 imaginatio
3424 1596 3529 1641 ve·

2026 1694 2094 1739 ro
2143 1678 2343 1741 solam
2406 1676 2545 1741 sine
2592 1677 2859 1741 materia
2910 1678 3156 1759 judicat
3204 1676 3523 1759 figuram;

2025 1774 2185 1838 ratio
2224 1793 2376 1839 vero
2414 1775 2579 1838 hanc
2620 1793 2877 1858 quoque
2926 1776 3341 1849 transcendit,
3384 1793 3525 1857 spe·

415 1881 641 1937 creatae
672 1872 836 1936 lucis
866 1874 1266 1955 signaculum
1307 1880 1370 1937 et
1410 1874 1639 1955 imago,
1675 1874 1912 1937 incom-
1941 1874 1990 1938 B
2025 1874 2321 1955 ciemque
2355 1892 2495 1955 quae
2524 1872 2956 1953 singularibus
2986 1872 3525 1948 inest,universali

417 1972 790 2055 parabiliter
827 1972 1363 2055 proportionatior
1397 1973 1914 2054 conformiorque

417 2071 709 2133 consistit
739 2070 938 2133 menti
967 2070 1270 2151 angelicae
1302 2078 1362 2134 et
1404 2070 1631 2133 lumini
1673 2071 1914 2153 specie-

419 2170 668 2252 busque
719 2170 885 2250 ejus,
933 2170 1228 2251 capacior
1278 2188 1534 2252 quoque
1584 2170 1914 2253 applicati·

417 2268 560 2333 onis
609 2278 676 2331 et
724 2268 1151 2331 irradiationis
1201 2268 1376 2331 illius
1421 2287 1614 2351 quam
1655 2270 1914 2351 phanta-

417 2386 576 2441 sma,
615 2366 786 2449 quod
831 2372 929 2429 est
969 2365 1312 2449 corporalis
1357 2367 1784 2430 materialisve
1833 2368 1914 2431 si-

417 2466 716 2529 militudo
757 2464 851 2528 rei
897 2464 1241 2537 sensibiliS,
1279 2464 1344 2528 in
1389 2464 1673 2529 interiori
1721 2484 1914 2529 sensu

413 2564 790 2628 consistens.
826 2564 1162 2645 Potestque
1191 2564 1456 2645 angelus
1485 2564 1916 2628 universalita-

415 2672 546 2725 tem
595 2680 668 2724 ac
711 2662 1188 2744 simplicitatem
1237 2681 1495 2726 suarum
1547 2662 1914 2745 intelligibi-

413 2762 576 2823 lium
609 2761 996 2842 specierum,
1022 2778 1136 2842 per
1163 2778 1232 2823 se
1265 2760 1631 2823 immediate
1655 2779 1915 2844 propor-

414 2860 662 2923 tionare
683 2859 1018 2940 capacitati
1041 2858 1404 2921 intellectus
1426 2858 1688 2923 humani
1717 2861 1916 2942 magis

415 2976 610 3041 quam
671 2974 894 3039 grosso
950 2958 1044 3019 illi
1103 2957 1524 3039 phantasmati
1567 2961 1608 3019 ⁶.
1662 2958 1917 3022 Praetcr-

2025 1972 2531 2035 consideratione
2561 1972 2902 2053 perpendit
2918 1990 2935 2051 3
2954 1971 3391 2053 intelligentiae
3421 1990 3528 2033 au-

2023 2078 2150 2133 tem
2182 2070 2411 2133 celsior
2438 2069 2665 2132 oculus
2707 2070 3069 2152 simplicem
3104 2071 3373 2132 sormam
3416 2088 3525 2152 pu·

2027 2189 2094 2232 ra
2143 2170 2377 2232 mentis
2424 2168 2561 2231 acie
2610 2176 2973 2232 contuetur.
3024 2168 3205 2232 Ratio
3264 2186 3521 2251 quoque

2026 2287 2226 2350 quum
2270 2266 2631 2331 universale
2680 2267 2831 2349 quid
2877 2267 3159 2349 respicit,
3208 2286 3325 2330 nec
3372 2267 3525 2329 ima-

2025 2366 2349 2449 ginatione
2393 2384 2511 2429 nec
2554 2365 2851 2429 sensibus
2894 2374 3079 2429 utens
3121 2374 3237 2429 est.

2105 2466 2277 2528 Hanc
2326 2464 2705 2546 positionem
2755 2464 3059 2528 Platonici
3107 2472 3254 2527 sunt
3298 2464 3525 2539 secuti,

2027 2563 2311 2645 itemque
2350 2561 2773 2644 Peripatetici,
2820 2562 2929 2645 qui
2980 2563 3278 2625 dixerunt
3324 2561 3527 2625 homi·

2028 2682 2175 2725 nem
2239 2663 2303 2726 in
2363 2661 2483 2725 hoc
2542 2668 2708 2724 statu
2766 2667 3087 2744 separatas
3146 2678 3527 2744 cognoscere

2027 2780 2213 2843 posse
2257 2760 2645 2823 substantias
2688 2760 2895 2841 quoad
2939 2759 3118 2841 quid,
3152 2767 3223 2821 ut
3263 2760 3529 2822 Avicen-

2027 2880 2130 2934 na,
2176 2859 2449 2940 Algazel‚
2495 2860 2825 2931 AverroeS,
2871 2858 3248 2931 Alexander,
3298 2860 3526 2921 Avem-

2027 2966 2195 3041 pote,
2240 2955 2689 3040 AlphorabiuS‚
2733 2956 3124 3031 Abubatber,
3170 2956 3528 3039 Theophra-

411 3076 511 3130 ea,
545 3055 796 3139 species
835 3062 900 3119 et
941 3056 1096 3119 ideae
1127 3055 1362 3118 mentis
1400 3056 1634 3119 divinae
1673 3056 1914 3121 incom-
1945 3055 1988 3119 C
2027 3066 2185 3131 stus,
2219 3057 2625 3121 The-mistius.

411 3154 792 3238 parabiliter
839 3154 1266 3236 simpliciores
1317 3162 1466 3217 sunt
1519 3155 1584 3217 in
1645 3158 1914 3220 essendo

409 3262 478 3317 et
507 3251 1002 3316 universaliores
1043 3252 1108 3315 in
1151 3254 1685 3335 repraesentando,
1719 3273 1910 3337 quam

409 3352 662 3434 species
703 3350 1069 3413 intellectus
1107 3351 1422 3431 angelici3
1457 3351 1660 3416 nihilo
1699 3352 1912 3416 minus

405 3450 621 3531 angeli
681 3449 884 3511 sancti
939 3467 976 3510 a
1035 3448 1162 3512 Deo
1219 3449 1588 3513 immediate
1647 3458 1915 3533 possunt

407 3548 788 3621 illuminari,
849 3554 1126 3630 suntque
1173 3566 1436 3629 capaces
1487 3548 1912 3612 irradiationis

405 3647 648 3709 divinae
688 3646 1058 3708 immediate
1093 3662 1289 3726 :ergo
1335 3646 1537 3708 multo
1583 3645 1724 3729 plus
1771 3647 1914 3709 illu-

407 3744 742 3808 minabilis
769 3750 868 3807 est
897 3762 1078 3806 mens
1108 3743 1386 3807 humana
1426 3744 1794 3809 immediate
1831 3747 1912 3810 ab

405 3843 654 3925 angelo.

487 3940 714 4004 Adbuc
757 3946 972 4002 autem
1019 3939 1086 4003 in
1129 3939 1338 4022 prima
1388 3947 1564 4022 parte
1607 3940 1908 4015 Summae,

297 4092 310 4105 .
405 4038 882 4124 septuagesima
923 4044 1099 4101 sexta
1141 4038 1513 4120 quaestione‚
1561 4038 1768 4102 fassus
1815 4048 1912 4103 est

403 4146 666 4202 sanctus
709 4138 942 4201 Doctor
989 4153 1004 4197 τ
1047 4136 1276 4199 Anima
1320 4137 1600 4200 humana
1653 4138 1719 4200 in
1771 4138 1909 4201 uni-

2375 3265 2895 3331 PROPOSITIO
2942 3266 3182 3331 XLVI.

2103 3450 2751 3519 Absurdissimus
2796 3450 2955 3519 fuit
3004 3465 3227 3519 error
3272 3452 3525 3519 Aver-

2023 3552 2309 3632 rots,1n
2328 3551 2641 3616 cunctis
2670 3548 3127 3617 hominibus
3156 3551 3524 3617 eumdem

2021 3663 2354 3717 numero
2400 3649 2905 3715 intellectum
2954 3651 3347 3730 ponentts.

2101 3748 2237 3811 Jam
2280 3765 2556 3828 namque
2600 3754 2929 3811 ostensum
2968 3754 3069 3810 est
3108 3748 3387 3810 animam
3433 3767 3524 3812 ra·

2022 3844 2325 3908 tionalem
2374 3864 2453 3907 ex
2502 3862 2616 3907 sua
2672 3852 2895 3907 natura
2952 3863 3091 3907 esse
3149 3845 3519 3909 rationalem

2021 3950 2086 4007 et
2115 3942 2653 4006 intellectualem:
2688 3943 2857 4025 quod
2888 3950 2951 4006 et
2982 3942 3424 4025 unusquisque
3456 3943 3521 4005 in

2021 4061 2090 4105 se
2135 4042 2277 4125 ipso
2320 4040 2675 4104 certissime
2720 4041 3064 4123 experitur.
3099 4042 3288 4104 Porro
3329 4042 3521 4105 Aver-

2021 4158 2186 4215 roeS,
2230 4139 2451 4221 refuga
2495 4139 2651 4220 legis
2690 4157 2765 4202 ac
2804 4139 3037 4203 Christi
3080 4138 3301 4213 hostia,
3354 4140 3519 4203 chri·

401 4238 708 4301 versitate
737 4234 1090 4299 formarum
1133 4235 1198 4297 in
1237 4234 1568 4298 nobilitate
1609 4256 1910 4319 suprema
1939 4241 1988 4304 D
2021 4240 2241 4303 stianae
2283 4238 2609 4321 religionis
2647 4237 3027 4319 sapientiam
3066 4237 3518 4315 detestabatur,

403 4344 532 4413 est;
555 4336 708 4398 hinc
739 4352 856 4397 sua
875 4335 1106 4397 virtute
1135 4333 1200 4395 in
1235 4339 1476 4396 tantum
1507 4335 1758 4397 excedit
1778 4354 1909 4399 cor-

401 4433 690 4518 poralem
723 4431 1078 4504 materiam,
1113 4432 1282 4513 quod
1327 4431 1516 4495 habet
1557 4434 1906 4515 potentiam

402 4533 748 4615 quamdam
777 4550 854 4593 ac
883 4530 1318 4613 operationem
1355 4530 1419 4593 in
1453 4530 1690 4612 quibus
1729 4532 1908 4596 nullo

401 4632 594 4694 modo
636 4628 1074 4693 communicat
1121 4646 1376 4710 corpuS,
1425 4628 1725 4692 videlicet
1773 4630 1906 4693 vim

401 4739 468 4793 et
493 4730 814 4793 actionem
849 4725 1366 4790 intellectualem.
1401 4726 1530 4791 Hoc
1572 4726 1782 4809 ipsum
1813 4728 1904 4791 af-

403 4829 622 4892 firmat
657 4835 722 4891 et
763 4825 991 4910 probat
1031 4826 1094 4888 in
1137 4826 1400 4889 Summa
1439 4834 1658 4889 contra
1702 4828 1904 4908 genti-

403 4930 518 5001 les,
553 4926 718 4990 libro
749 4926 1052 4989 seeundo.
1088 4924 1164 4987 Et
1191 4924 1246 4987 si
1277 4924 1396 4987 ista
1427 4924 1513 4987 ita
1543 4944 1611 4988 se
1645 4925 1902 5001 habent,

401 5044 806 5109 consequens
853 5030 972 5096 est,
1021 5023 1190 5105 quod
1235 5022 1506 5087 actualis
1557 5022 1906 5088 intellectio

399 5133 498 5188 est
525 5125 664 5187 sine
695 5122 1116 5187 conversione
1145 5130 1208 5185 et
1238 5122 1674 5204 speculatione
1707 5121 1904 5205 phan-

397 5222 710 5295 tasmatis,
743 5222 836 5284 ita
875 5220 1046 5303 quod
1083 5220 1165 5282 ad
1203 5237 1344 5283 eam
1385 5238 1512 5284 non
1557 5220 1906 5303 requiritur

396 5322 764 5407 cooperatio
791 5325 859 5383 et
885 5334 1229 5383 concursus
1258 5318 1578 5383 sensitivae
1607 5320 1902 5403 potentiae

2021 4336 2406 4419 impiissime
2470 4354 2760 4399 asserens
2828 4335 3109 4398 animam
3172 4336 3517 4401 humanam

2019 4454 2159 4499 esse
2204 4434 2559 4507 mortalem,
2594 4452 2713 4497 nec
2758 4434 3255 4497 intellectualem
3300 4443 3519 4517 poten·

2017 4536 2172 4597 tiam
2206 4533 2459 4598 realiter
2497 4552 2637 4597 esse
2678 4534 2741 4595 in
2783 4553 2877 4607 ea,
2910 4534 3021 4597 sed
3062 4534 3127 4597 in
3168 4535 3521 4599 substantia

2017 4642 2327 4716 separata,
2390 4652 2581 4717 quam
2645 4632 2835 4695 finxit
2891 4632 3228 4696 animabus
3285 4634 3517 4697 nostris

2017 4731 2187 4793 uniri
2223 4750 2335 4813 per
2374 4730 2848 4793 irradiationem
2888 4749 3081 4813 super
3116 4730 3515 4812 phantasma-

2017 4836 2080 4891 ta
2125 4846 2140 4891 :
2188 4848 2263 4891 ex
2310 4848 2439 4911 qua
2488 4828 2707 4910 utique
2760 4828 2993 4891 unione
3042 4828 3233 4890 homo
3282 4847 3515 4911 nequa-

2016 4946 2209 5011 quam
2255 4926 2609 4990 formaliter
2656 4945 2728 4989 ac
2777 4926 3059 4989 elicitive
3108 4926 3511 5009 intelligeret,

2015 5027 2126 5089 sed
2186 5025 2393 5089 solum
2454 5024 2935 5105 intelligeretur.
2986 5024 3253 5107 Nempe,
3312 5046 3511 5109 quum

2015 5124 2373 5204 intelligere
2401 5123 2485 5185 sit
2514 5122 2873 5185 immanens
2910 5130 3113 5197 actus,
3154 5122 3217 5185 in
3254 5122 3391 5204 ipsa
3420 5124 3512 5187 in-

2013 5222 2335 5285 tellectiva
2372 5220 2655 5304 potentia
2694 5240 2865 5296 vere,
2900 5221 3175 5295 realiter,
3208 5222 3513 5287 inhaesive

2012 5320 2495 5403 formaliterque
2534 5320 2845 5397 consistit,
2877 5328 2941 5385 et
2980 5320 3185 5404 ipsam
3224 5338 3297 5384 ac
3329 5320 3510 5384 intel·

3666 1214 3707 1253 v,
3728 1214 3846 1257 pros.
