4300 6259
1082 491 1505 541 nmmum
1543 489 1941 540 ‘innomina-
1986 509 2067 522 —·
2106 493 2188 540 DE
2229 494 2348 542 ΒΕΘ
2392 495 2511 544 UNO
2551 495 2626 544 m·
2665 497 2848 544 ‘ritmo

3397 477 3512 543 137

406 661 838 746 protulerunt.
884 666 1031 740 Qua
1076 665 1295 731 omnia
1335 665 1519 748 juxta
1560 665 1695 747 jam
1740 671 1909 728 tacta
1934 661 1987 727 A
2097 665 2276 740 Quod
2321 673 2440 741 est,
2491 668 2794 752 quoniam
2853 669 3020 733 Deus
3067 669 3248 733 Pater
3292 665 3516 749 genuit

402 771 559 825 sunt
598 765 999 846 exponenda,
1041 773 1113 828 ut
1152 783 1377 828 seusus
1420 763 1505 827 sit
1535 781 1550 827 :
1584 762 1909 846 Sapientia

401 866 505 922 est
530 860 611 924 de
636 861 975 944 sapientia,
1007 871 1071 926 et
1098 863 1377 927 essentia
1404 863 1483 926 de
1512 862 1811 936 essentia,
1842 862 1905 924 id

401 966 525 1033 est,
558 957 778 1033 Filius,
811 961 924 1044 qui
952 968 1051 1024 est
1076 968 1315 1026 aeterna
1350 960 1665 1042 sapientia
1700 977 1775 1022 ac
1818 959 1908 1022 di-

401 1057 557 1120 vina
600 1059 902 1133 essentia,
934 1067 1033 1122 est
1062 1059 1141 1122 de
1168 1059 1371 1132 Patre,
1404 1057 1515 1142 qui
1556 1065 1655 1122 est
1682 1057 1907 1121 eadem

401 1155 721 1238 sapientia
746 1165 937 1240 atque
966 1157 1261 1220 essentia.
1278 1156 1703 1222 conformiter
1730 1163 1909 1219 natu-

404 1272 477 1316 ra
504 1253 729 1317 vivens
758 1262 906 1318 nata
946 1263 1045 1319 est
1084 1273 1166 1320 ex
1209 1264 1435 1318 natura
1476 1255 1753 1328 vivente,
1784 1254 1907 1316 hoc

404 1359 527 1425 est,
558 1351 780 1428 Filius,
812 1353 923 1436 qui
954 1361 1053 1416 est
1082 1353 1307 1418 vivens
1335 1361 1561 1417 natura
1589 1371 1663 1416 ac
1694 1351 1905 1416 Deitas

405 1469 681 1524 summa,
714 1459 813 1514 est
838 1459 1025 1515 natus
1054 1470 1133 1515 ex
1162 1452 1363 1524 Patre,
1394 1452 1505 1534 qui
1548 1449 1647 1514 e'st
1682 1450 1903 1514 eadem

404 1547 635 1611 vivens
672 1558 901 1612 natura
947 1568 1021 1612 ac
1064 1550 1292 1613 Deitas.
1324 1550 1511 1614 Juxta
1554 1549 1727 1612 hunc
1770 1567 1909 1610 sen-

405 1665 551 1709 sum
601 1653 701 1709 est
748 1647 1239 1729 intelligendum
1286 1649 1455 1730 quod
1510 1646 1574 1710 in
1622 1645 1787 1709 libro
1828 1646 1907 1708 de

406 1743 559 1806 Fide
589 1745 669 1807 ad
690 1744 945 1808 Petrum
974 1745 1277 1808 disseruit
1296 1743 1714 1827 Augustinus,
1738 1745 1905 1808 Deus

2014 763 2248 828 Filium
2281 766 2500 831 Deum.
2524 767 2860 851 Quumque
2889 767 3216 850 objicitur,
3247 765 3312 830 Si
3343 765 3512 828 Deus

2014 863 2235 943 genuit
2283 864 2506 938 Deum,
2545 875 2658 930 aut
2701 884 2852 948 erge
2897 866 3120 948 genuit
3165 883 3236 928 se
3282 865 3506 937 Deum,

2013 969 2125 1022 aut
2153 961 2353 1025 alium
2385 963 2584 1026 Deum
2620 981 2634 1026 :
2669 964 2723 1028 si
2755 983 2822 1028 se
2853 965 3080 1037 Deum,
3110 980 3259 1046 ergo
3288 961 3512 1044 genuit

2015 1059 2459 1142 semetipsum,
2518 1063 2688 1144 quod
2749 1061 3114 1125 intellectus
3170 1060 3507 1138 abhorret3

2014 1158 2067 1220 si
2096 1157 2296 1222 alium
2327 1159 2551 1234 Deum,
2582 1179 2734 1242 ergo
2763 1179 2889 1224 non
2920 1167 3019 1225 est
3053 1167 3302 1224 tantum
3345 1177 3513 1221 unus

2014 1255 2201 1319 Deus.
2237 1258 2330 1320 Ad
2369 1258 2490 1322 hoc
2519 1260 2961 1341 respondetur,
2998 1259 3168 1342 quod
3211 1264 3510 1322 neutrum

2014 1353 2244 1418 horum
2283 1363 2382 1418 est
2415 1357 2896 1420 concedendum
2939 1375 2953 1419 :
2998 1357 3302 1439 quoniam
3347 1356 3514 1418 Deus

2014 1469 2143 1516 non
2173 1453 2410 1516 dicitur
2450 1455 2750 1537 genuisse
2789 1455 3014 1528 Deum,
3047 1454 3171 1518 nisi
3210 1453 3513 1536 quoniam

2015 1568 2290 1632 persona
2328 1551 2552 1633 genuit
2594 1571 2954 1635 personam,
2995 1553 3176 1614 Pater
3217 1549 3517 1614 videlicet

2016 1646 2270 1710 Filium.
2322 1649 2774 1714 Verumtamen
2823 1649 3084 1731 quidam
3134 1648 3514 1722 concedunt,

2018 1745 2188 1828 quod
2246 1747 2426 1810 Pater
2479 1748 2702 1830 genuit
2753 1747 2954 1811 alium
3012 1748 3237 1822 Deum,
3299 1746 3363 1808 id
3421 1753 3520 1808 est

406 1861 610 1924 quum
659 1841 943 1906 Verbum
990 1844 1235 1926 genuit,
1288 1844 1353 1907 id
1406 1845 1577 1926 quod
1623 1843 1761 1926 ipse
1810 1849 1909 1906 est
1934 1839 1983 1902 B
2018 1842 2219 1907 alium
2249 1863 2362 1908 seu
2391 1845 2581 1908 aliam
2624 1864 2962 1929 personam
3001 1864 3142 1927 quae
3184 1852 3282 1909 est
3325 1845 3513 1918 Deus,

406 1940 633 2021 genuit
678 1958 694 2003 ε
743 1941 809 2004 id
850 1948 971 2016 est,
1004 1941 1183 2004 Pater
1224 1941 1449 2024 genuit
1492 1941 1747 2015 Filium,
1796 1941 1909 2024 qui

410 2045 508 2100 est
546 2039 611 2100 id
654 2039 827 2121 quod
868 2039 1068 2114 Pater,
1102 2041 1167 2103 id
1208 2049 1307 2103 est
1346 2040 1569 2104 eadem
1611 2039 1909 2112 essentia,

412 2155 541 2199 non
584 2137 809 2200 eadem
854 2155 1142 2219 persona.
1184 2173 1265 2184 —-
1304 2138 1759 2202 Verumtamen
1805 2137 1915 2200 ab-

413 2233 547 2298 bati
573 2235 885 2310 Joachim,
906 2236 1218 2300 Richardo
1246 2255 1503 2320 quoque
1530 2236 1609 2298 de
1630 2236 1689 2300 S.
1710 2236 1915 2299 Victo-

416 2351 509 2406 re,
525 2333 639 2415 qui
656 2333 957 2415 Magistro
976 2334 1447 2398 Sententiarum
1478 2334 1507 2397 f
1510 2342 1743 2398 uerunt
1770 2352 1915 2396 con-

415 2431 839 2514 temporanei,
878 2431 1293 2496 vehementer
1340 2432 1693 2514 displicuit,
1743 2432 1914 2515 quod

416 2530 555 2612 ipse
594 2529 893 2610 Magister
938 2531 1189 2612 negavit
1232 2531 1575 2594 essentiam
1611 2549 1915 2612 generare

414 2629 785 2703 essentiam,
816 2635 880 2692 et
909 2637 1129 2694 contra
1157 2630 1455 2694 eumdem
1486 2629 1913 2712 scripserunt3

416 2727 827 2808 postmodum
864 2745 1017 2791 vero
1052 2727 1463 2791 Innocentius
1500 2728 1665 2810 Papa
1704 2728 1769 2790 in
1810 2745 1915 2810 ge-

414 2825 617 2887 nerali
650 2825 929 2888 concilio
962 2825 1414 2889 determinavit
1444 2844 1559 2908 pro
1594 2825 1911 2908 MagistrO.

494 2924 786 3006 Insuper,
820 2925 989 3007 quod
1034 2923 1199 2988 libre
1242 2932 1462 2987 contra
1498 2923 1911 2987 Maximinum

2018 1961 2131 2004 seu
2176 1941 2374 2006 alium
2418 1951 2632 2008 entem
2680 1952 2792 2007 aut
2833 1945 3245 2008 exsistentem
3289 1943 3512 2018 Deum,

1980 2109 1987 2116 ,
2019 2042 2131 2126 qui
2162 2049 2374 2104 tamen
2407 2058 2534 2106 non
2561 2051 2660 2106 est
2687 2042 2852 2106 alius
2881 2043 3048 2107 Deus
3079 2061 3272 2125 quam
3314 2042 3512 2105 Pater.

2098 2139 2216 2203 Per
2243 2139 2414 2220 quod
2463 2138 2754 2215 solvitur,
2795 2159 2996 2224 quum
3047 2141 3132 2202 ita
3170 2137 3458 2220 arguitur
3500 2155 3514 2200 ε

2020 2236 2087 2300 Si
2144 2236 2310 2300 Deus
2365 2237 2548 2301 Pater
2591 2237 2814 2320 genuit
2862 2238 3081 2312 Deum,
3131 2245 3244 2300 aut
3297 2237 3522 2318 genuit

2022 2335 2226 2397 Deum
2266 2335 2378 2416 qui
2421 2343 2520 2398 est
2559 2336 2726 2399 Deus
2771 2337 2971 2410 Pater,
3012 2343 3122 2398 aut
3165 2335 3364 2398 Deum
3407 2334 3520 2417 qui

2024 2449 2151 2495 non
2181 2441 2280 2495 est
2309 2433 2474 2496 Deus
2503 2433 2684 2497 Pater
2716 2434 2808 2498 :si
2841 2434 3318 2517 primum,ergo
3347 2433 3518 2496 idem

2022 2532 2352 2612 generavit
2407 2550 2476 2596 se
2533 2531 2784 2615 ipsum;
2843 2533 2898 2595 si
2957 2532 3338 2606 secundum,
3389 2547 3518 2594 non

2023 2637 2121 2692 est
2169 2649 2336 2692 unus
2383 2630 2716 2693 dumtaxat
2764 2631 2949 2694 Deus.
3005 2630 3082 2692 Et
3129 2629 3516 2712 responden-

2022 2727 2200 2801 dum,
2246 2729 2415 2810 quod
2465 2728 2644 2792 Pater
2689 2731 2912 2810 genuit
2959 2729 3184 2802 Deum,
3226 2727 3338 2810 qui
3387 2745 3514 2790 non

2022 2832 2119 2888 est
2163 2825 2328 2890 Deus
2371 2825 2591 2906 Pater;
2622 2845 2750 2890 non
2795 2835 3010 2890 tamen
3052 2826 3277 2908 genuit
3312 2825 3512 2889 alium

2022 2923 2243 2986 Deum.
2293 2924 2469 2999 Quod
2517 2926 2572 2987 si
2623 2924 2990 3007 replicetur,
3031 2924 3264 2988 Genuit
3311 2924 3514 2987 Deum

412 3021 797 3085 Arianorum
848 3021 1225 3104 episcopum
1286 3021 1569 3104 loquitur
1615 3021 1910 3103 Augusti·
1940 3022 1983 3088 C
2020 3021 2133 3103 qui
2187 3039 2315 3084 non
2363 3030 2462 3086 est
2507 3022 2672 3085 Deus
2719 3023 2938 3101 Pater;
2990 3022 3514 3103 distinguendum

412 3139 559 3192 nus,
594 3119 795 3182 Filius
836 3119 950 3182 Dei
993 3137 1119 3183 non
1158 3120 1401 3201 genuit,
1434 3137 1563 3183 non
1594 3120 1744 3202 quia
1782 3137 1909 3184 non
1946 3191 1955 3198 ,

413 3217 647 3300 potuit,
688 3217 801 3280 sed
831 3217 985 3300 quia
1024 3235 1151 3281 non
1190 3217 1474 3300 oportuit
1507 3235 1521 3280 :
1556 3217 1644 3280 ita
1680 3225 1778 3282 est
1804 3237 1910 3282 ex-

410 3316 805 3398 ponendum,
855 3316 1025 3399 quod
1074 3315 1273 3380 Filius
1316 3331 1442 3379 non
1490 3317 1731 3397 genuit,
1783 3334 1910 3380 non

408 3414 571 3496 quia
596 3431 724 3476 non
756 3415 987 3498 potuit,
1018 3413 1080 3477 id
1110 3421 1229 3488 est,
1256 3433 1335 3477 ex
1366 3413 1740 3496 impotentia
1770 3414 1915 3477 Filii

408 3529 545 3575 non
594 3511 719 3574 fuit
757 3512 931 3594 quod
974 3529 1103 3576 non
1145 3512 1369 3594 genuit
1410 3513 1641 3575 Filium
1684 3513 1909 3586 Deum,

408 3629 532 3672 seu
572 3610 855 3673 Verbum
898 3618 1233 3684 aeternum,
1278 3610 1391 3673 sed
1434 3627 1563 3674 non
1605 3611 1909 3693 oportuit,

410 3708 477 3771 id
510 3716 629 3782 est,
661 3707 721 3770 ei
753 3725 883 3772 non
926 3707 1365 3772 conveniebat.
1400 3707 1637 3772 Eadem
1669 3708 1911 3791 quippe

406 3815 511 3870 est
540 3807 825 3888 potentia
856 3807 921 3870 in
952 3807 1131 3870 Patre
1167 3813 1233 3869 et
1274 3804 1455 3880 Filio,
1487 3806 1597 3870 sed
1636 3823 1763 3870 non
1808 3823 1911 3870 eo-

406 3905 561 3968 dem
606 3906 796 3969 modo
828 3921 845 3966 :
878 3905 1029 3987 quia
1059 3905 1127 3967 in
1157 3905 1335 3967 Patre
1363 3911 1463 3966 est
1490 3921 1617 3968 non
1648 3903 1731 3966 ab
1760 3904 1907 3980 alie,

404 4011 603 4086 atque
641 4004 721 4066 ad
758 4003 1194 4084 generandum
1234 4002 1473 4081 active3
1510 4003 1573 4064 in
1607 4001 1769 4066 Filio
1804 4021 1913 4066 au-

403 4111 541 4164 tem
580 4109 677 4164 est
703 4101 785 4164 ab
813 4100 959 4175 alie,
994 4109 1147 4183 puta
1183 4119 1220 4163 a
1258 4101 1453 4174 Patre,
1484 4107 1549 4164 et
1594 4102 1673 4164 ad
1720 4120 1909 4183 gene-

2019 3127 2137 3194 est,
2188 3121 2341 3202 quia
2394 3128 2506 3183 aut
2548 3139 2776 3184 sensus
2833 3128 2950 3195 est,
3001 3119 3235 3184 Genuit
3290 3121 3516 3193 Deum,

2020 3226 2175 3301 puta
2209 3219 2462 3292 Filium,
2495 3219 2606 3302 qui
2637 3236 2764 3283 non
2797 3226 2895 3282 est
2933 3219 3099 3282 Deus
3137 3219 3357 3297 Pater;
3399 3218 3520 3281 hoc

2019 3335 2244 3380 verum
2287 3325 2386 3381 est
2427 3335 2440 3380 :
2482 3325 2592 3380 aut
2635 3337 2860 3381 sensus
2902 3324 3020 3392 est,
3054 3316 3284 3381 Genuit
3314 3317 3517 3379 Deum

2019 3415 2131 3498 qui
2163 3433 2290 3479 non
2320 3424 2417 3479 est
2446 3417 2612 3480 Deus
2641 3417 2840 3490 Pater,
2873 3417 2937 3479 id
2967 3423 3085 3490 est,
3119 3415 3230 3498 qui
3263 3433 3390 3478 non
3421 3423 3518 3478 est

2019 3513 2187 3576 Deus
2224 3515 2336 3596 qui
2379 3521 2476 3577 est
2517 3515 2738 3593 Pater;
2769 3514 2890 3578 hoc
2934 3513 3169 3577 salsum
3213 3521 3330 3587 est,
3363 3531 3517 3596 quo-

2018 3611 2191 3674 niam
2223 3631 2390 3676 unus
2416 3620 2483 3676 et
2512 3613 2679 3676 idem
2709 3612 2870 3676 Deus
2899 3620 2996 3676 est
3021 3612 3202 3676 Pater
3230 3619 3294 3675 et
3321 3611 3514 3674 Filius

2018 3729 2091 3772 ac
2133 3709 2407 3793 Spiritus
2449 3711 2736 3774 Sanctus.

2357 3917 2877 3985 PROPOSITIO
2923 3919 3178 3984 XXXI.

2096 4102 2482 4170 Absolute
2525 4103 3012 4184 conceditur,
3051 4103 3259 4184 quod
3301 4105 3514 4171 Deus

398 4200 677 4264 randum
726 4201 979 4282 passive
1026 4217 1041 4261 ε
1090 4217 1217 4262 non
1262 4199 1433 4282 quod
1481 4199 1757 4262 essentia
1797 4209 1909 4263 aut
1938 4204 1989 4267 D
2016 4203 2142 4268 est
2191 4216 2398 4268 unus
2444 4203 2530 4268 et
2569 4199 2879 4282 trinum
2919 4203 3271 4268 attamen
3317 4201 3511 4269 difli-

396 4298 688 4381 potentia
732 4305 1075 4380 generetur
1111 4297 1177 4358 in
1218 4296 1400 4370 Filio,
1432 4297 1737 4378 quoniam
1778 4317 1907 4362 non

395 4405 498 4461 est
550 4396 865 4459 terminus
911 4395 1363 4478 generationis,
1410 4395 1523 4458 sed
1570 4396 1740 4478 quod
1791 4416 1907 4479 per

390 4493 879 4575 generationem
907 4492 1107 4556 Filius
1148 4493 1384 4575 accipit
1412 4492 1753 4556 essentiam
1800 4513 1905 4576 po-

394 4593 801 4675 tentiamque
840 4610 877 4653 a
919 4591 1117 4656 Patre.

758 4797 1283 4864 PROPOSI'I'IO
1321 4799 1541 4864 XXX.

492 4981 999 5062 Simpliciter
1080 4982 1663 5050 eoncedendum
1748 4987 1894 5068 est,

382 5080 605 5162 quod
633 5081 851 5146 Deus
876 5079 1161 5159 genuit
1192 5081 1443 5147 Deum
1466 5099 1487 5162 ;
1519 5083 1601 5148 et
1626 5081 1897 5150 adver-

378 5180 791 5346 {sgrimffium
847 5178 1163 5261 objecta
1220 5177 1577 5248 faciliter
1626 5181 1895 5250 confu-

2016 4299 2276 4368 cultas
2321 4301 2444 4366 est
2493 4299 2580 4366 in
2627 4300 3188 4381 explanatione
3237 4315 3512 4384 propo-

2014 4397 2339 4465 sitionis
2378 4399 2640 4467 istius.

2093 4497 2272 4573 Quod
2315 4505 2432 4571 est,
2464 4497 2768 4579 quoniam
2813 4498 2878 4560 in
2919 4488 3157 4560 divinis
3196 4507 3346 4562 sunt
3384 4506 3512 4562 tres

2012 4613 2302 4680 personae
2333 4603 2396 4660 et
2423 4615 2550 4660 una
2579 4595 2876 4670 essentia,
2911 4596 3042 4660 imo
3070 4604 3136 4659 et
3173 4615 3342 4660 unus
3380 4605 3512 4659 tan-

2010 4694 2346 4758 tummodo
2389 4694 2554 4756 Deus
2588 4711 2602 4756 :
2639 4694 2782 4756 ideo
2809 4694 3118 4758 asseritur
3145 4695 3313 4758 Deus
3344 4714 3509 4758 unus

2008 4800 2073 4855 et
2102 4792 2330 4854 trinus.
2365 4791 2482 4854 Sed
2511 4791 2708 4872 objici
2743 4800 2970 4874 potest,
2994 4793 3145 4874 quia
3175 4793 3240 4856 in
3272 4793 3508 4856 divinis

2008 4907 2135 4952 non
2167 4897 2264 4951 est
2305 4888 2428 4950 nisi
2467 4889 2744 4952 essentia
2785 4897 2849 4951 et
2893 4908 3163 4972 persona
3186 4909 3203 4970 ;
3235 4891 3344 4952 sed
3385 4909 3504 4953 nec

2006 4987 2224 5048 divina
2270 4987 2545 5049 essentia
2592 4993 2690 5048 est
2725 4987 2913 5060 trina,
2959 5005 3170 5069 neque
3207 5005 3499 5070 persona,

2004 5085 2156 5166 quia
2212 5104 2331 5148 nec
2389 5084 2570 5147 Pater
2626 5104 2742 5148 nec
2803 5085 2998 5148 Filius
3055 5105 3173 5149 nec
3225 5087 3500 5170 Spiritus

2002 5183 2272 5246 Sanctus
2339 5190 2437 5245 est
2501 5182 2727 5245 trinus,
2805 5184 3022 5267 Itaque
3093 5183 3496 5259 intuendum,

2002 5280 2174 5364 quod
2217 5287 2376 5344 teste
2421 5280 2686 5356 Isidoro,
2736 5281 2986 5346 trinitas
3033 5282 3269 5346 dicitur
3316 5283 3498 5366 quasi
