4300 6259
879 451 1000 516 336
1441 471 1522 516 ΒΕ
1563 469 1790 518 tumme
1831 469 2213 518 cnmswANAE
2255 469 2555 526 mnonffl,
2600 469 2775 516 mam
2816 469 2856 514 1.
2900 486 2983 499 ·-·
3022 470 3161 517 ΛΒΤ.
3207 471 3433 518 ΒΧΧΧΠ

880 639 1300 715 molitionem,
1353 642 1514 706 ratio
1573 641 1766 723 hujus
1825 661 1996 704 nunc
2061 641 2377 723 assignata
2405 641 2459 702 A
2490 647 2629 702 ctus
2674 641 2739 703 in
2782 641 3103 723 principio
3144 642 3244 704 sui
3288 649 3387 704 est
3428 649 3731 723 tanquam
3770 638 3981 701 tabula

876 745 973 800 est
1004 755 1020 800 ε
1055 739 1356 821 quoniam
1388 759 1502 822 per
1531 741 1652 803 boc
1683 741 1746 803 in
1777 740 2032 803 entibus
2063 739 2377 802 sincerius

875 837 1240 920 resplendet
1288 838 1493 901 divini
1541 838 1800 920 opificis
1850 838 2108 901 libertas
2169 845 2233 901 et
2289 838 2379 900 in·

874 934 1199 1016 obligatio.
1233 937 1709 1010 Verumtamen,
1744 937 2045 1019 quoniam
2077 937 2245 998 Deus
2284 943 2376 999 to-

873 1033 999 1095 tius
1047 1033 1353 1115 temporis
1405 1053 1594 1097 eausa
1641 1043 1758 1109 est,
1803 1053 1928 1097 non
1977 1043 2074 1097 est
2121 1034 2376 1098 investi-

870 1132 1148 1212 gandum
1181 1151 1295 1194 cur
1336 1133 1547 1215 potius
1590 1133 1653 1195 in
1695 1134 1816 1196 hoc
1856 1151 2029 1194 nunc
2073 1152 2265 1214 quam
2308 1133 2374 1195 in

869 1230 995 1293 alio
1028 1231 1340 1293 mundum
1373 1232 1768 1311 condiderit;
1802 1233 1911 1295 sed
1952 1251 2237 1313 quaerere
2277 1250 2373 1295 so-

873 1329 1007 1390 lum
1069 1330 1363 1410 congruit
1427 1348 1543 1392 cur
1590 1338 1744 1392 tunc
1795 1339 1859 1393 et
1906 1349 2030 1393 non
2083 1338 2249 1393 ante.
2294 1365 2373 1376 —

870 1428 1156 1510 Sequens
1202 1446 1458 1510 quoque
1502 1429 1660 1491 ratio
1701 1429 1832 1509 jam
1879 1429 2081 1492 soluta
2125 1437 2271 1492 est:
2307 1429 2371 1492 in

869 1545 944 1589 eo
974 1527 1214 1589 etenim
1245 1546 1416 1589 nunc
1449 1527 1653 1589 factus
1685 1534 1782 1589 est
1815 1529 2114 1601 mundus,
2149 1527 2213 1588 in
2245 1546 2372 1610 quo

869 1625 1071 1688 factor
1099 1625 1242 1705 ejus
1283 1625 1346 1687 id
1389 1625 1469 1687 ab
1507 1633 1745 1689 aeterno
1789 1626 2256 1708 praedisposuit.
2292 1662 2371 1672 -

866 1723 962 1785 Ad
1005 1723 1194 1785 aliam
1243 1722 1613 1797 dicendum,
1665 1724 1835 1805 quod
1884 1724 2050 1786 actio
2107 1724 2218 1786 Dei
2277 1724 2369 1787 nil

2488 758 2644 801 rasa.
2686 741 2867 802 Hunc
2896 757 3045 821 ergo
3076 740 3364 803 ordinem
3396 740 3763 802 divinorum
3810 738 3982 819 ponit

2487 837 2927 919 Philosophus,
2981 839 3049 900 In
3108 839 3228 900 boc
3288 857 3441 902 vero
3488 839 3679 900 distat
3724 836 3869 916 ejus
3922 843 3981 897 et

2488 935 3049 1017 Peripateticorum
3100 936 3332 1024 positio
3361 955 3397 998 a
3427 935 3703 999 Platonis
3745 941 3809 996 et
3845 933 3980 996 Pro-

2489 1033 2570 1095 cli
2603 1035 3157 1115 assertione,quod
3188 1035 3479 1096 ordinem
3513 1033 3799 1096 idearum
3831 1050 3980 1113 quas

2491 1130 2793 1194 Platonici
2825 1132 2976 1195 deos
3008 1139 3407 1214 nuncupant,
3440 1150 3567 1194 non
3602 1130 3783 1214 ponit
3810 1137 3981 1192 extra

2492 1228 2709 1291 lumen
2755 1229 2948 1311 primi
2992 1229 3374 1292 intellectus.
3409 1230 3672 1303 RursuS,
3716 1226 3980 1290 cacodae-

2487 1345 2752 1390 monum
2783 1335 2847 1390 et
2870 1327 3374 1392 calodaemonum
3396 1335 3461 1392 et
3480 1328 3979 1391 catodaemonum

2484 1427 2762 1500 ordineS,
2795 1444 2956 1509 quos
2997 1427 3285 1490 Socrates
3324 1434 3389 1489 et
3426 1427 3600 1490 Plato
3642 1445 3791 1488 cum
3834 1423 3981 1487 Stoi-

2483 1525 2597 1598 ciS,
2648 1531 2713 1586 et
2771 1533 2914 1606 post
2958 1543 3067 1588 eos
3116 1525 3425 1608 Apuleius
3481 1533 3546 1588 et
3600 1523 3978 1607 Porphyrius

2483 1630 2789 1698 statuunt,
2826 1643 2944 1686 nec
2988 1633 3207 1706 aperte
3253 1623 3573 1706 reprobat,
3608 1641 3727 1686 nec
3770 1622 3975 1705 palam

2482 1721 2777 1784 admittit.
2829 1723 3127 1786 Albertus
3176 1731 3389 1786 tamen
3440 1722 3656 1796 refert,
3704 1723 3877 1805 quod
3914 1722 3975 1784 in

867 1821 1239 1904 superaddit
1281 1822 1491 1902 agenti
1528 1839 1540 1883 :
1590 1822 1862 1903 ideoque
1908 1839 2036 1884 non
2080 1821 2160 1883 fit
2201 1822 2369 1885 Deus
2406 1825 2452 1887 B
2486 1839 2714 1900 magna
2756 1829 2933 1902 parte
2978 1821 3106 1883 illis
3147 1822 3436 1884 assentit.

868 1920 946 1983 de
980 1938 1144 1983 novo
1183 1939 1375 2002 agens
1420 1940 1533 2002 per
1573 1921 1874 2002 praeviam
1923 1920 2367 1995 mutationem,

867 2019 978 2080 sed
1025 2026 1327 2081 aeternam
1377 2019 1886 2100 dispositionem.
1940 2054 2019 2064 -
2067 2019 2160 2080 Ad
2223 2020 2369 2081 ulti·

869 2136 1038 2179 mam
1107 2117 1472 2190 dicendum,
1536 2117 1704 2198 quod
1764 2117 2052 2179 vicissim
2113 2136 2190 2180 ex
2245 2117 2370 2179 alia

866 2216 1110 2278 ratione
1155 2215 1480 2296 consurgit
1532 2222 1602 2276 ut
1654 2215 1833 2278 dator
1875 2217 2040 2280 dona
2092 2234 2206 2278 sua
2249 2214 2369 2277 dif-

867 2313 1030 2376 ferat
1073 2331 1086 2374 :
1129 2320 1194 2376 et
1231 2313 1322 2374 sic
1361 2331 1502 2375 esse
1551 2313 1614 2374 in
1665 2314 1991 2396 proposito
2040 2333 2212 2376 nunc
2262 2333 2369 2396 pa-

869 2411 996 2474 lam
1026 2417 1140 2474 est.

1160 2675 1650 2742 ARTICULUS
1697 2676 2067 2740 LXXXIV.

865 2829 963 2888 De
1009 2827 1267 2896 ordine,
1313 2834 1373 2885 et
1420 2845 1719 2894 numere,
1766 2833 1826 2884 et
1875 2834 2124 2885 natura
2174 2825 2364 2884 intel-

946 2917 1324 2976 lectualium
1397 2916 1944 2984 substantiarum,
2011 2916 2366 2974 secundum

944 3006 1313 3064 doctrinam
1356 3003 1755 3066 Aristoteli&

1038 3297 1409 3359 lectualium
1441 3297 1941 3360 substantiarum
1973 3296 2229 3359 videtur
2258 3315 2366 3378 po-

859 3415 1066 3458 suisse
1093 3395 1462 3458 Aristoteles
1505 3412 1521 3456 ε
1575 3395 1784 3476 primo
1835 3394 2229 3457 constituens
2276 3394 2368 3456 di-

858 3493 1082 3556 vinum
1133 3493 1554 3567 intellectum,
1624 3511 1816 3575 quem
1870 3493 1936 3554 in
1986 3493 2366 3556 duodecimo

857 3591 1084 3654 Primae
1144 3591 1565 3672 philosophiae
1621 3591 1902 3672 appellat
1957 3591 2365 3653 honoratissi-

863 3709 1064 3763 mum,
1110 3689 1488 3771 perfectum,
1535 3688 2091 3770 simplicissimum
2133 3695 2199 3752 et
2237 3706 2367 3751 om-

859 3789 1015 3850 nino
1085 3787 1759 3869 immultiplicabilem.
1821 3785 2112 3849 Secundo
2185 3786 2364 3868 ponit

859 3904 969 3950 eos
1010 3885 1374 3949 intellectus
1416 3903 1573 3967 quos
1614 3891 1932 3966 separatas
1974 3883 2362 3946 substantias

859 3985 1155 4047 dicimuS.
1191 3985 1402 4047 Tertio
1446 4002 1596 4047 vero
1637 3983 1888 4046 ordinat
1931 3983 2221 4047 coelestes
2264 4001 2361 4046 or·

860 4083 994 4156 beS,
1029 4082 1138 4164 qui
1185 4082 1538 4144 secundum
1584 4101 1754 4156 eum,
1796 4081 2057 4144 animati
2107 4089 2258 4144 sunt
2300 4089 2363 4144 et

869 3196 1560 3408 QUADRIFORMEM
1600 3206 1814 3262 autem
1854 3198 2144 3261 ordinem
2185 3199 2367 3262 intel-

2563 1919 2871 2000 Denique,
2900 1937 3241 1982 numerum
3271 1918 3773 1982 substantiarum
3806 1937 3976 1999 sepa·

2482 2022 2757 2078 ratarum
2820 2017 3232 2098 investigans,
3296 2017 3779 2081 multitudinem
3836 2015 3975 2078 sub-

2482 2116 2859 2177 stantiarum
2890 2123 3323 2198 separatarum
3368 2116 3663 2198 parificat
3701 2114 3975 2178 motibus

2481 2213 2813 2286 coelorum,
2868 2221 2938 2275 ut
2982 2215 3111 2276 sint
3152 2221 3246 2276 tot
3287 2213 3727 2295 intelligentiae
3771 2211 3977 2275 motri-

2482 2329 2608 2384 ceS,
2642 2320 2799 2393 quot
2826 2320 2976 2373 sunt
3010 2318 3219 2374 motus
3250 2313 3316 2373 in
3347 2312 3737 2374 coelestibus.
3756 2311 3975 2374 Probat

2479 2428 2734 2491 nempe,
2768 2427 2897 2472 non
2928 2428 3114 2490 posse
3144 2429 3284 2473 esse
3314 2410 3705 2472 substantias
3734 2427 3975 2492 separa·

2478 2515 2573 2570 tas
2603 2515 2834 2589 praeter
2864 2516 3073 2572 motus
3104 2509 3215 2590 qui
3262 2509 3326 2571 in
3370 2507 3551 2572 coelis
3592 2515 3745 2570 sunt
3778 2526 3794 2570 t
3826 2525 3971 2590 quo-

2479 2607 2652 2669 niam
2698 2614 2909 2670 motus
2949 2607 3257 2670 coelorum
3296 2607 3673 2670 ordinantur
3718 2606 3787 2668 in
3834 2605 3973 2668 sub-

2476 2705 2739 2767 stantias
2783 2712 3103 2787 separatas
3150 2705 3317 2768 sieut
3366 2705 3431 2767 in
3479 2705 3669 2767 fines.
3713 2704 3781 2767 Si
3828 2721 3973 2785 ergo

2477 2811 2628 2866 sunt
2656 2803 3029 2866 substantiae
3059 2811 3363 2886 separatae
3394 2811 3622 2886 praeter
3653 2802 3798 2866 illas
3835 2821 3971 2886 quae

2476 2909 2825 2965 numeratae
2855 2909 3024 2976 sunt,
3058 2910 3273 2965 essent
3300 2901 3500 2984 aliqui
3532 2909 3744 2965 motus
3777 2902 3842 2963 in
3871 2920 3971 2964 eas

2402 3003 2445 3067 C
2476 3001 2748 3062 ordinati
2786 3018 2799 3062 :
2834 3000 3019 3065 aliter
3066 3009 3281 3064 essent
3328 3008 3539 3064 motus
3588 3000 3967 3082 imperfecti.

2476 3101 2619 3163 Haec
2650 3106 2863 3162 autem
2907 3100 3090 3174 ratio,
3126 3109 3195 3162 ut
3224 3100 3498 3183 ipsemet
3528 3101 3593 3162 in
3624 3107 3807 3162 textu
3836 3119 3973 3164 con·

2474 3198 2715 3273 fitetur,
2747 3217 2874 3262 non
2916 3207 3014 3262 est
3050 3199 3568 3274 demonstrativa,
3601 3199 3712 3262 sed
3752 3199 3972 3282 proba-

2476 3296 2645 3359 bilis.
2710 3297 2883 3360 Unde
2940 3315 3143 3379 quum
3201 3296 3625 3378 intelligentia
3682 3297 3769 3360 sit
3825 3297 3971 3360 finis

2477 3395 2754 3459 coelestis
2786 3402 3018 3470 motuS,
3036 3413 3164 3458 non
3197 3403 3408 3478 potest
3436 3397 3801 3460 necessario
3830 3413 3969 3458 con-

2477 3492 2647 3556 cludi
2677 3512 2983 3556 numerus
3009 3493 3577 3575 intelligentiarum
3600 3513 3681 3556 ex
3705 3511 3971 3557 numero

2478 3599 2767 3655 motuum
2818 3610 2832 3654 :
2885 3592 3188 3673 quoniam
3242 3593 3309 3655 in
3356 3592 3459 3656 his
3506 3612 3649 3675 quae
3697 3601 3852 3655 sunt
3894 3593 3968 3655 ad

2476 3690 2699 3764 finem,
2740 3691 3085 3753 necessitas
3131 3691 3409 3753 sumitur
3449 3709 3526 3752 ex
3567 3697 3747 3772 parte
3796 3690 3965 3765 finis,

2474 3795 2545 3849 ut
2574 3788 2854 3850 secundo
2883 3787 3296 3870 Physicorum
3328 3787 3496 3850 idem
3528 3789 3667 3870 ipse
3696 3788 3901 3851 docet.

2552 3887 2762 3960 Porro,
2832 3893 3123 3948 naturam
3208 3885 3745 3948 intellectualium
3820 3885 3966 3948 sub-

2472 3985 2873 4059 stantiarum,
2906 3991 2971 4046 et
3002 3983 3203 4046 multa
3231 4003 3375 4066 quae
3420 3983 3485 4045 in
3527 3984 3803 4047 diversis
3840 3983 3967 4046 suis

2473 4084 2653 4146 libris
2684 4083 3009 4145 tractanda
3038 4083 3356 4164 promisit,
3391 4100 3517 4144 non
3549 4082 3739 4163 plene
3768 4083 3967 4145 deter-

861 4179 1312 4243 intellectualis
1380 4187 1642 4254 naturae,
1704 4181 1918 4243 verius
1985 4187 2047 4242 et
2107 4180 2361 4261 plenius
2390 4180 2439 4242 D
2474 4181 2760 4243 minavit.
2804 4180 2961 4244 Nam
2993 4180 3057 4241 in
3090 4180 3473 4243 duodecimo
3501 4179 3964 4263 metaphysicae,

859 4297 1050 4361 quam
1082 4279 1291 4340 bomo.
1315 4278 1390 4340 Et
1421 4279 1774 4340 secundum
1807 4279 1925 4340 hoc
1955 4279 2209 4341 videtur
2238 4280 2361 4342 dis—

854 4378 1146 4457 tinguere
1176 4377 1414 4439 animas
1447 4376 1750 4439 coelorum
1780 4375 1859 4438 ab
1894 4377 2354 4459 intelligentiis

855 4476 993 4540 Non
1042 4477 1216 4539 enim
1266 4476 1448 4538 decet
1498 4482 1565 4537 ut
1615 4475 1985 4538 substantiae
2035 4476 2159 4539 illae
2217 4495 2358 4558 quae

859 4575 1229 4638 immediate
1259 4593 1337 4636 ex
1369 4573 1716 4657 purissimo
1745 4573 1979 4636 divinae
2022 4572 2184 4636 lucis
2225 4575 2358 4637 fon—

855 4682 920 4736 te
971 4680 1250 4747 manant‚
1303 4670 1677 4754 corporibus
1727 4670 2051 4746 uniantur,
2100 4690 2358 4753 praeser-

855 4773 975 4836 tim
1007 4792 1206 4855 quum
1249 4789 1582 4854 processus
1621 4770 2048 4832 secundorum
2081 4789 2116 4831 a
2147 4771 2358 4851 primo

859 4872 976 4935 fiat
1006 4891 1120 4954 per
1149 4869 1634 4933 similitudinem
1666 4885 1679 4928 :
1705 4867 1868 4930 etob
1893 4867 1977 4940 id,
2001 4867 2359 4930 intellectu-

858 4970 958 5032 ale
989 4970 1206 5031 lumen
1249 4987 1286 5030 a
1331 4966 1536 5050 prima
1580 4965 1722 5027 luce
1758 4965 1964 5047 prime
1999 4966 2354 5046 egredienS‚

857 5085 987 5130 non
1027 5076 1289 5130 eatenus
1333 5064 1660 5129 occumbit
1702 5071 1773 5125 ut
1815 5063 1930 5125 fiat
1968 5063 2218 5146 corpori
2261 5083 2359 5128 co-

857 5164 1138 5249 aptabile
1204 5171 1268 5226 et
1332 5161 1788 5244 conjungibile.
1852 5163 2084 5235 Quarto
2139 5169 2355 5225 autem

855 5264 1041 5350 ponit
1085 5260 1424 5326 rationales
1471 5261 1741 5335 animaS,
1792 5278 2066 5342 quarum
2108 5260 2355 5324 intelle-

2472 4279 2826 4342 secundum
2886 4277 3260 4341 famosiores
3312 4279 3411 4340 sui
3470 4278 3781 4360 temporis
3839 4279 3968 4360 opi·

2470 4377 2695 4440 niones
2753 4377 2819 4438 in
2870 4376 3148 4438 maxima
3210 4383 3387 4458 parte
3437 4375 3739 4457 loquitur.
3794 4377 3964 4440 Unde

2471 4473 2813 4556 conjicitur
2862 4492 3009 4536 eum
3060 4493 3187 4537 non
3246 4492 3725 4537 consummasse
3784 4493 3963 4537 suam

2468 4572 2984 4655 Metaphysicam,
3038 4579 3239 4635 morte
3288 4571 3501 4635 forsan
3563 4581 3962 4654 praeventus;

2468 4679 2577 4732 aut
2618 4677 2788 4733 certe
2835 4670 2889 4732 si
2941 4670 3231 4753 perfecit,
3283 4670 3402 4734 boc
3448 4670 3781 4734 translatio
3838 4688 3961 4734 non

2468 4768 2742 4831 edocuit.
2790 4769 2857 4831 In
2906 4775 3153 4831 tantum
3198 4774 3412 4830 tamen
3456 4769 3752 4844 ostendit,
3794 4769 3961 4852 quod

2468 4868 2635 4930 Deus
2666 4868 2749 4930 sit
2775 4886 2888 4929 ens
2918 4867 2983 4928 in
3014 4885 3143 4948 quo
3173 4865 3351 4928 nulla
3382 4867 3665 4941 materia,
3698 4867 3965 4950 potenti-

2465 4966 2647 5028 alitas
2696 4965 2892 5039 nulla,
2936 4965 3113 5027 nulla
3162 4965 3355 5027 etiam
3407 4963 3822 5048 perfectionis
3866 4986 3961 5030 ca·

2468 5065 2674 5126 rentia
2729 5082 2869 5126 esse
2928 5071 3151 5145 potest.
3206 5063 3380 5126 Unde
3438 5065 3843 5128 verissimam
3900 5073 3961 5126 et

2468 5161 3037 5244 profundissimam
3086 5162 3564 5227 conclusionem
3611 5163 3833 5227 intulit
3870 5164 3960 5226 di·

2466 5278 2641 5334 cens,
2688 5259 2856 5341 quod
2906 5260 3073 5322 Deus
3120 5259 3203 5322 sit
3248 5267 3427 5322 actus
3472 5279 3675 5344 purus
3726 5279 3742 5324 ε
3792 5261 3958 5346 quod

4212 5988 4235 6223 h————
4225 5872 4237 5963 --
4223 5696 4239 5845 ..ι-
