4300 6259
860 464 981 526 1¹4

1532 482 1953 529 ammarum
1992 479 2392 527 mumma«.
2436 499 2516 508 —
2555 479 2636 526 1>ss
2677 479 2796 526 ΒΕΘ
2837 478 2958 526 [mo
2998 480 3074 526 m·
3114 479 3299 526 ‘mmo

862 650 1311 735 multipliciter
1338 652 1691 736 capiantur,
1724 651 1979 735 proprie
2009 658 2226 713 tamen
2255 668 2357 712 su·
2382 650 2434 712 A
2465 649 2858 712 materialem
2889 649 3486 732 incorporalemque
3515 666 3678 722 6336,
3711 665 3832 710 nec
3871 646 3960 710 lo-

860 758 1127 813 muntur
1174 752 1529 815 secundum
1587 752 1757 833 quod
1812 759 1989 813 actus
2045 749 2357 812 definitur

856 866 931 910 ac
960 849 1197 913 dicitur
1222 868 1365 912 esse
1392 849 1783 932 principium
1818 849 2133 920 movendi,
2155 855 2355 908 trans-

858 947 1149 1009 mutandi
1204 945 1663 1030 perficiendive
1702 947 1874 1009 aliud
1920 954 2028 1008 aut
2080 945 2352 1008 alterum

858 1045 1212 1107 secundum
1242 1046 1413 1127 quod
1442 1045 1583 1107 tale.
1619 1042 1903 1107 Potentia
1942 1061 2094 1106 vero
2128 1042 2354 1104 asseri·

857 1149 962 1202 tur
1016 1161 1157 1204 esse
1210 1143 1602 1226 principium
1664 1142 1985 1213 movendi,
2037 1149 2352 1202 transmu-

857 1239 1033 1301 tandi
1081 1247 1190 1301 aut
1238 1240 1617 1322 perficiendi
1657 1239 1739 1302 ab
1786 1240 1933 1301 alio.
1974 1240 2142 1313 Ideo,
2193 1239 2350 1300 dum

857 1336 1187 1419 quidpiam
1234 1345 1447 1399 movet
1474 1345 1585 1400 aut
1613 1324 1993 1399 transmutat
2030 1354 2097 1397 se
2138 1337 2350 1418 ipsum

854 1434 1239 1514 (secundum
1313 1435 1486 1517 quod
1558 1434 1861 1496 animalia
1931 1432 2355 1517 perhibentur

856 1548 1115 1595 movere
1152 1551 1221 1594 se
1260 1533 1447 1614 ipsa),
1480 1551 1557 1596 ex
1586 1533 1711 1595 alia
1740 1538 1941 1615 parte,
1974 1539 2201 1594 natura
2240 1550 2352 1593 seu

856 1630 1243 1712 proprietate
1276 1631 1576 1694 convenit
1604 1631 1664 1694 ei
1704 1649 1959 1694 movere
1990 1637 2055 1692 et
2086 1629 2352 1704 moveri,

852 1735 1279 1792 transmutare
1308 1737 1373 1792 et
1399 1729 1833 1802 transmutari,
1865 1736 2120 1792 actuare
2163 1735 2356 1810 atque

2462 766 2538 812 co
2557 747 3022 822 circumscribi,
3037 767 3153 810 nec
3177 757 3462 830 tempore
3482 744 3956 828 comprehendi,

2461 865 2536 908 ac
2603 865 2864 929 prorsus
2928 847 3330 909 immobilem
3388 844 3960 924 invariabilemque

2463 945 2878 1008 censendum.
2911 945 3040 1008 Nec
3077 945 3290 1008 obstat
3316 945 3488 1028 quod
3527 944 3586 1006 S.
3621 942 3958 1024 Dionysius
4005 964 4236 1008 nenda,

2460 1061 2536 1104 ac
2564 1043 2736 1105 Plato
2774 1044 3074 1105 dixerunt
3112 1043 3314 1105 Deum
3355 1043 3620 1115 moveri,
3652 1040 3957 1123 quoniam
3989 1029 4191 1072 mmm
4299 1118 4300 1133 χ

2463 1140 2621 1202 illud
2653 1141 2895 1204 moveri
2927 1159 3053 1204 non
3080 1141 3256 1203 aliud
3295 1140 3739 1203 intellexerunt
3772 1156 3962 1220 quam

2463 1239 2530 1300 in
2573 1246 2788 1301 actum
2840 1241 3206 1322 procedere.
3247 1239 3406 1302 Hinc
3457 1239 3720 1321 insuper
3765 1236 3963 1298 claret

2462 1337 2662 1399 Deum
2707 1336 3132 1400 essentialiter
3175 1355 3315 1400 esse
3359 1344 3676 1408 sanctum,
3717 1335 3964 1417 sapien-

2461 1443 2592 1498 tem
2623 1454 2697 1497 ac
2727 1435 2983 1498 infinite
3023 1443 3373 1518 potentem,
3406 1442 3470 1497 et
3499 1431 3963 1516 incomparabi-

2465 1535 2610 1596 liter
2655 1534 3042 1617 simplicem,
3095 1535 3182 1597 ita
3225 1535 3394 1616 quod
3443 1534 3581 1616 ipse
3629 1541 3726 1595 est
3772 1550 3962 1594 suum

2463 1651 2603 1694 esse
2665 1652 2740 1694 ac
2797 1632 3014 1696 vivere
3085 1641 3150 1696 61
3224 1631 3620 1714 intelligere3
3683 1631 3965 1712 itemque

2461 1731 2636 1812 quod
2667 1731 2804 1813 ipse
2841 1732 2925 1794 sit
2964 1731 3308 1812 purissima
3352 1730 3581 1803 6111163,
3612 1747 3867 1791 summa
3903 1735 3970 1790 et

857 1824 1195 1908 perficere,
1256 1835 1321 1889 et
1383 1828 1623 1889 actuari
1692 1834 1758 1889 61
1822 1825 2072 1908 perfici.
2134 1827 2354 1907 ltaque
2387 1824 2436 1886 B
2466 1828 2986 1911 incomparabilis
3029 1829 3302 1903 11661163,
3333 1827 3968 1911 superpulcherrima

857 1923 1025 1988 Deus
1066 1924 1367 1988 sublimis
1413 1944 1487 1988 ac
1534 1926 1891 1987 adorandus
1933 1925 2133 1986 fertur
2174 1932 2354 1986 actus

858 2025 1395 2106 puruS,quoniam
1430 2024 1566 2106 ipse
1596 2024 1660 2084 in
1692 2042 1759 2086 36
1792 2024 1930 2105 ipso
1956 2031 2053 2085 est
2083 2023 2356 2103 simplex

859 2121 1135 2183 essentia
1190 2141 1266 2182 ac
1322 2120 1795 2203 separatissima
1845 2120 2071 2193 forma,
2122 2119 2226 2180 cui
2275 2138 2355 2181 ex

860 2218 1120 2300 propria
1156 2218 1508 2280 eminentia
1549 2226 1613 2280 et
1652 2225 1876 2280 natura
1915 2217 2215 2279 convenit
2257 2235 2356 2278 ce-

858 2323 995 2378 tera
1022 2314 1323 2378 universa
1360 2316 1735 2397 producere,
1768 2333 2046 2388 movere,
2080 2323 2350 2388 mutare,

858 2420 1137 2486 actuare,
1186 2413 1523 2495 perficere,
1572 2432 1781 2495 neque
1827 2412 1907 2475 ab
1954 2413 2172 2494 aliquo
2221 2431 2352 2475 mo·

856 2511 1018 2584 veri,
1072 2512 1325 2586 mutari,
1374 2510 1601 2594 perfici
1644 2518 1755 2572 aut
1797 2511 2147 2593 quidquam
2195 2511 2352 2572 reci·

858 2627 1011 2692 pere
1050 2609 1463 2672 accidentale.

859 2767 867 2772 .
938 2707 1227 2791 Denique
1255 2726 1333 2770 ex
1362 2707 1505 2780 1166,
1528 2707 1741 2790 primo
1772 2707 2198 2782 concluditur,
2223 2708 2354 2771 imo

854 2813 921 2867 et
965 2807 1136 2888 apud
1182 2805 1611 2888 intelligentes
1670 2805 2194 2887 irrefragabiliter
2250 2807 2356 2869 de·

858 2911 1269 2976 monstratur,
1342 2903 1511 2985 quod
1589 2903 2352 2985 superpraestantissimus

2465 1927 2721 2000 veritaS,
2792 1926 3346 1989 honorandissima
3413 1924 3966 1988 metuendissima-

2463 2044 2588 2106 que
2621 2024 2936 2105 majestas.
2973 2025 3064 2086 Ex
3093 2023 3330 2106 quihus
3359 2023 3640 2105 amplius
3669 2039 3962 2103 compro-

2462 2121 2672 2194 batur,
2723 2122 2896 2202 quod
2943 2122 3110 2185 Deus
3159 2138 3566 2204 nequaquam
3615 2121 3681 2182 in
3727 2138 3964 2200 genere

2461 2221 2568 2294 sit,
2599 2238 2719 2282 nec
2749 2220 2996 2303 species
3026 2238 3234 2302 neque
3268 2220 3331 2282 in
3363 2219 3601 2302 specie,
3642 2237 3762 2281 nec
3802 2218 3968 2280 indi-

2462 2318 2729 2380 viduum
2757 2325 2869 2379 aut
2899 2335 3171 2400 persona
3197 2317 3472 2399 alicujus
3513 2317 3766 2398 generis
3813 2335 3970 2398 prae-

2461 2414 2925 2490 dicamentalis,
2975 2416 3087 2478 sed
3143 2433 3338 2498 super
3391 2433 3584 2477 omne
3641 2433 3844 2496 genus
3900 2421 3970 2478 et

2460 2511 2751 2574 ordinem
2781 2530 2996 2574 rerum
3028 2510 3592 2575 interminabiliter
3631 2517 3695 2574 et
3731 2511 3968 2573 incom-

2460 2608 2831 2691 parabiliter
2880 2609 3196 2683 eminenS,
3243 2608 3596 2691 praesidens
3644 2627 3717 2670 66
3765 2607 3968 2670 subli-

2463 2708 2585 2770 mis
2620 2707 2829 2770 :unde
2860 2726 2977 2770 nec
3005 2707 3251 2790 aliquid
3281 2707 3359 2770 de
3391 2707 3531 2790 ipso
3561 2713 3623 2770 61
3653 2707 3968 2770 creaturis

2461 2806 2734 2869 univoce
2766 2805 3166 2888 praedicatur.
3202 2805 3292 2868 Ex
3323 2806 3549 2868 eodem
3579 2806 3962 2880 ostenditur,

2461 2903 2632 2986 quod
2677 2911 2883 2966 totum
2927 2904 3302 2967 universum
3339 2903 3816 2986 comparatione
3861 2923 3968 2966 su·

854 3000 1025 3066 Deus
1052 3001 1136 3062 sit
1165 2999 1707 3082 perfectionaliter
1736 3000 2151 3074 infinituS,ita
2181 3002 2352 3082 quod
2382 3004 2427 3069 C
2461 3002 3020 3084 pergloriosissimi
3092 3002 3427 3076 Creatoris,
3486 3010 3587 3065 est
3651 3009 3964 3084 tanquam

856 3096 1147 3160 infinitas
1176 3098 1312 3163 haec
1340 3097 1627 3161 formalis
1670 3104 1734 3160 61
1775 3098 2065 3172 66166113,
2096 3100 2182 3160 311
2225 3099 2352 3182 pri·

858 3215 962 3260 ma
1018 3205 1210 3278 atque
1268 3197 1613 3259 intrinseca
1660 3195 1921 3258 Deitatis
1970 3199 2350 3278 proprietam,

857 3303 1013 3376 puta
1040 3295 1325 3356 divinam
1354 3301 1647 3356 naturam
1684 3301 1749 3356 et
1786 3295 2128 3357 increatam
2177 3295 2352 3358 illam

858 3409 1119 3474 prorsus
1152 3391 1643 3456 mundissimam
1674 3392 2354 3474 simplicissimamque

852 3491 1196 3553 essentiam
1232 3489 1600 3553 immediate
1639 3508 2037 3571 consequens
2076 3509 2149 3553 ac
2193 3491 2355 3553 dire-

857 3595 979 3650 cte.
1030 3587 1190 3650 Hinc
1249 3588 1441 3668 igitur
1498 3595 1676 3650 actus
1735 3607 1933 3670 purus
1992 3588 2356 3651 necessario

858 3692 957 3748 est
983 3684 1303 3758 infinituS‚
1333 3686 1484 3767 quia
1520 3686 1585 3748 in
1630 3685 1772 3767 ipso
1814 3704 2218 3768 nequaquam
2258 3693 2354 3748 est

859 3783 1125 3851 materia
1170 3783 1475 3856 limitans,
1526 3803 1645 3846 nec
1690 3783 2058 3847 differentia
2106 3791 2353 3847 contra-

857 3882 1041 3956 116113,
1087 3899 1295 3964 neque
1348 3882 1630 3963 potentia
1675 3882 2050 3956 terminans,
2097 3881 2218 3945 1166
2258 3890 2354 3945 631

859 3978 1288 4064 potentialitas
1330 3998 1443 4042 seu
1484 3979 1851 4043 differentia
1891 3981 1970 4043 ad
2015 3980 2353 4062 particula-

858 4097 995 4141 rem
1041 4085 1106 4141 et
1152 4085 1423 4151 certum,
1472 4084 1583 4139 aut
1632 4077 2195 4160 circumscriptum
2246 4086 2357 4141 aut

858 4176 1353 4238 determinatum
1400 4175 1817 4256 perfectionis
1864 4176 2132 4257 gradum
2185 4194 2356 4238 coar·
2384 4177 2433 4238 D

860 4281 1040 4336 ctans
1067 4290 1081 4334 :
1108 4273 1238 4335 imo
1267 4279 1446 4334 66163
1478 4271 1847 4353 hujusmodi
1882 4274 2352 4348 universaliter,

858 4388 985 4434 11611
1019 4369 1497 4453 particulariter,
1515 4370 1814 4444 totaliter,
1834 4389 1957 4432 non
1980 4371 2352 4453 partialiter,

862 4467 1644 4549 incircumscriptibiliter‚
1676 4485 1803 4529 non
1840 4470 2352 4546 terminabiliter,

860 4566 1335 4630 omniformiter
1366 4584 1439 4628 ac
1478 4564 1818 4627 omnifarie
1860 4575 1955 4628 est
2001 4567 2064 4629 in
2108 4587 2176 4630 se
2217 4568 2356 4649 ipso

862 4665 1207 4749 perfectuS,
1257 4680 1407 4745 ergo
1464 4670 1529 4724 61
1586 4663 1900 4726 infinitus
1955 4665 2131 4738 Quod
2180 4667 2354 4729 enim

858 4762 1401 4848 perfectionaliter
1466 4761 1797 4823 infinitum
1855 4771 1972 4836 est,
2030 4771 2222 4846 atque
2289 4764 2355 4828 in

857 4863 1033 4927 omni
1074 4861 1467 4945 perfectione
1514 4861 1961 4924 universaliter
2005 4862 2142 4925 sine
2187 4881 2360 4926 men-

856 4981 1008 5026 sura
1048 4969 1113 5024 61
1153 4961 1289 5023 fine
1334 4960 1725 5043 completum
1768 4978 1841 5022 ac
1889 4959 2172 5042 plenum,
2215 4961 2358 5024 infi-

2460 3098 2675 3182 pulvis
2705 3100 2974 3181 exiguus
3001 3118 3019 3180 ;
3051 3107 3115 3163 61
3143 3101 3316 3183 quod
3353 3100 3496 3183 ipse
3535 3101 3753 3163 omnia
3795 3101 3968 3162 intra
3995 3123 4062 3166 ι..
4089 3136 4152 3172 n..
4177 3125 4232 3164 is.
4299 3178 4300 3181 Ἴ

2462 3216 2530 3260 36
2587 3198 2892 3272 6611111161,
2941 3198 3167 3273 ambit,
3219 3199 3349 3262 imo
3406 3206 3472 3261 61
3525 3205 3838 3280 penetrat,
3887 3217 3968 3260 ac

2463 3299 2634 3378 ipsas
2678 3297 2926 3359 entium
2973 3297 3360 3378 quidditates
3404 3297 3712 3371 illabitur,
3757 3296 3970 3379 proxi·

2464 3394 2628 3456 mior
2657 3394 2848 3457 rebus
2879 3414 3072 3477 quam
3103 3395 3395 3477 ipsaemet
3423 3395 3547 3458 sibi
3580 3395 3740 3478 ipsis
3774 3413 3790 3456 :
3823 3412 3970 3478 pro-

2462 3500 2604 3575 pter
2632 3493 2803 3575 quod
2833 3511 2972 3556 6336
3003 3494 3068 3556 16
3099 3493 3401 3557 omnibus
3441 3513 3556 3578 per
3593 3493 3964 3568 essentiam,

2463 3591 2811 3673 potentiam
2855 3600 3046 3674 atque
3087 3593 3492 3675 praesentiam
3535 3591 3930 3675 perhibetur.

2541 3689 2685 3752 Haec
2743 3691 2962 3752 omnia
3017 3691 3211 3753 variis
3269 3691 3476 3752 modis
3532 3697 3779 3772 queunt
3827 3707 3970 3772 pro-

2463 3786 2623 3860 bari,
2684 3794 2750 3848 et
2817 3787 2881 3848 in
2951 3787 3457 3851 Elementatione
3512 3787 3966 3870 philosophica
4023 3813 4190 3858 propos.

2463 3891 2612 3946 sunt
2675 3892 2949 3958 ostensa,
3007 3904 3082 3947 66
3141 3892 3622 3968 consequuntur
3689 3905 3769 3949 ex
3836 3886 3966 3949 boc
3991 3879 4116 3908 ¹³⁸¹·

2461 3982 2634 4064 quod
2676 3982 2842 4045 Deus
2885 3989 2983 4044 est
3023 4002 3225 4065 purus
3265 3990 3466 4046 actus.

2863 4191 3383 4257 PROPOSITIO
3430 4193 3556 4257 ΠΙ.

2551 4374 2804 4440 Deum
2866 4388 3034 4440 6336
3096 4374 3790 4456 simplicissimum
3851 4389 3968 4443 es·

2461 4486 2548 4536 36
2590 4486 3022 4553 puramque
3065 4471 3536 4554 bonitatem,
3579 4474 3964 4542 aeternam

2463 4571 2921 4650 veritatem,
2980 4571 3654 4638 interminabilem
3721 4571 3880 4654 maj
3891 4587 3968 4638 e-

2462 4669 2774 4748 statem,
2835 4683 2974 4733 6113
3029 4683 3336 4750 quoque
3395 4669 3814 4737 omnifarie
3871 4685 3966 4739 ac

2463 4764 2778 4831 infinite
2837 4764 3299 4848 perfectum,
3349 4769 3434 4834 et
3477 4770 3746 4834 cetera
3791 4769 3964 4849 jam

2465 4877 2859 4943 expressa,
2905 4863 3325 4931 evidenter
3367 4868 3450 4932 et
3488 4868 3804 4947 copiose
3845 4868 3964 4933 te-

2465 4962 2731 5026 statur
2773 4961 3216 5041 Scriptura.

859 5061 993 5123 nite
1022 5058 1369 5142 perfectius
1400 5067 1499 5122 est
1525 5077 1603 5121 eo
1632 5057 1803 5140 quod
1834 5057 2037 5121 finitae
2068 5059 2361 5121 consistit

864 5157 1297 5241 perfectionis.

944 5255 1037 5320 Ex
1064 5255 1165 5318 1113
1196 5254 1417 5316 itidem
1448 5261 1693 5318 constat
1722 5256 1922 5317 Deum
1956 5273 2214 5338 pror-sus
2246 5256 2360 5320 im·

2547 5058 2723 5131 Quod
2755 5067 2870 5132 est,
2905 5059 3056 5140 quia
3087 5066 3157 5121 ut
3186 5060 3493 5124 recitatur
3521 5061 3721 5125 Exodi
3753 5063 3962 5138 tertio,
4021 5087 4172 5133 κιαι.
4197 5099 4248 5136 m.

2467 5175 2668 5239 quum
2719 5157 2961 5239 Moyses
3010 5157 3213 5220 Deum
3266 5156 3736 5240 interrogasset,
3786 5161 3966 5236 Quod
3997 5156 4152 5203 ¹³·¹‘·

2469 5263 2567 5319 est
2614 5273 2847 5319 nomen
2903 5259 3135 5318 tuum?
3183 5256 3350 5320 Deus
3397 5259 3805 5342 omnipotens
3851 5279 3969 5346 per
