4300 6259
829 453 952 518 262

1421 473 1501 520 DE
1543 473 1771 520 mmm:
1813 471 2199 519 cmusrlANAE
2240 471 2542 529 mmmm,
2585 472 2763 518 LIBER
2806 473 2845 516 1.
2893 489 2972 500 —
3014 472 3153 518 ΛΒΤ.
3200 473 3349 518 XXVI

830 641 1001 722 quod
1030 639 1404 723 hujusmodi
1442 661 1572 706 non
1612 648 2002 706 concurrunt
2037 660 2157 704 nec
2192 647 2330 704 ten-
2359 639 2411 703 A
2439 649 2502 704 et
2544 641 2805 723 quidem
2854 639 3267 704 conformitas
3311 640 3557 703 naturis
3602 639 3779 712 inest,
3824 657 3903 700 se-

829 739 993 801 dunt
1051 739 1114 802 in
1174 759 1397 803 uuum.
1470 740 1806 804 Multitudo
1873 739 2046 802 enim
2118 740 2331 821 potius

831 844 929 899 est
967 839 1320 900 secundum
1361 857 1428 900 se
1467 838 1862 901 confusionis
1904 838 2103 912 radix,
2137 856 2326 919 quam

832 953 1023 996 causa
1079 936 1537 1017 ordinationis3
1593 955 1710 998 nec
1759 937 2030 998 tendunt
2081 936 2333 998 diversa

832 1032 900 1094 in
954 1033 1147 1107 idem,
1199 1035 1324 1096 nisi
1377 1053 1490 1116 per
1537 1035 1780 1116 aliquid
1838 1052 2181 1096 commune
2241 1034 2333 1096 in-

830 1131 1143 1194 exsistens
1173 1132 1266 1195 eis
1303 1150 1316 1194 :
1351 1132 1684 1196 conversio
1715 1133 1887 1195 enim
1919 1139 1982 1194 et
2009 1132 2331 1215 appetitus

830 1228 910 1290 fit
956 1247 1071 1311 per
1119 1230 1634 1304 similitudinem,
1682 1231 1848 1292 sicut
1895 1231 1960 1291 in
2009 1230 2333 1312 principio

832 1326 1024 1408 hujus
1083 1329 1296 1410 operis
1364 1329 1870 1391 demonstratum
1931 1335 2044 1390 est.
2109 1327 2332 1390 Simile

831 1424 1044 1506 itaque
1089 1425 1332 1507 aliquid
1375 1427 1542 1488 inest
1589 1425 1889 1488 omnibus
1939 1433 2002 1488 et
2043 1425 2165 1507 ipsi
2206 1425 2332 1507 pri-

832 1540 959 1596 m0,
993 1523 1180 1604 cujus
1227 1542 1417 1585 causa
1452 1524 1668 1586 omnia
1708 1525 1921 1606 primo
1965 1524 2133 1586 uniri
2178 1531 2335 1584 sata-

829 1627 1006 1701 gunt.
1042 1621 1190 1694 Quae
1219 1629 1433 1684 autem
1466 1621 1718 1684 diversa
1757 1630 1907 1683 sunt
1936 1629 2000 1684 et
2028 1620 2334 1703 specifice

831 1719 1152 1792 distincta,
1205 1721 1560 1782 secundum
1621 1719 1789 1801 quod
1847 1718 2214 1800 hujusmodi
2268 1719 2330 1780 in

2439 741 2720 803 cundum
2771 741 2940 823 quod
2987 739 3068 802 ab
3114 758 3241 802 uno
3288 740 3573 822 simplici
3617 738 3903 821 profluxe-

2440 847 2619 918 runt3
2643 839 2979 901 diversitas
3008 845 3245 912 autem,
3268 839 3624 902 secundum
3654 838 3905 900 diversos

2439 937 2962 1020 participantium
3003 938 3255 1019 graduS.
3291 938 3795 1000 Demonstratum
3826 942 3909 996 est

2439 1053 2589 1116 ergo
2638 1054 2715 1097 ex
2766 1035 2905 1117 ipso
2956 1035 3359 1097 substantiali
3418 1053 3636 1096 rerum
3692 1032 3906 1104 ordine,

2441 1133 2725 1214 ipsarum
2784 1141 3155 1195 naturarum
3227 1132 3567 1215 specificas
3629 1130 3912 1193 bonitates

2440 1251 2517 1294 ex
2550 1231 3073 1313 splendidissimo
3102 1231 3335 1294 divinae
3368 1230 3531 1293 lucis
3562 1229 3733 1293 fonte
3767 1247 3912 1290 ema-

2441 1349 2646 1392 nasse.
2683 1330 2760 1390 Et
2788 1329 2953 1391 hanc
2993 1329 3301 1392 rationem
3335 1330 3759 1391 Damascenus
3796 1345 3916 1409 par-

2440 1427 2557 1490 tim
2604 1427 2974 1490 introduxit.

2522 1525 2585 1587 Si
2654 1545 2873 1588 rursus
2943 1525 3204 1599 dixeriS,
3265 1523 3549 1607 primum
3621 1539 3745 1584 non
3808 1520 3918 1582 nisi

2442 1621 2702 1684 finalem
2766 1641 3022 1684 causam
3082 1641 3221 1684 esse
3281 1621 3525 1684 ordinis
3584 1629 3647 1682 et
3704 1626 3921 1680 naturae

2443 1720 2913 1798 secundorum3
2955 1720 3076 1782 hoc
3126 1738 3297 1782 nunc
3348 1720 3741 1781 destructum
3777 1724 3865 1779 est
3904 1733 3919 1777 z

830 1817 941 1879 tali
973 1818 1301 1880 communi
1335 1837 1544 1900 neque
1574 1818 1916 1892 adduntur,
1941 1837 2150 1899 neque
2183 1836 2330 1879 cum
2368 1818 2415 1879 B
2444 1837 2678 1899 nempe
2710 1818 3053 1880 deductum
3096 1825 3193 1880 est
3231 1836 3267 1879 a
3307 1817 3517 1899 primo
3558 1815 3925 1897 profluxisse

830 1915 1040 1997 primo
1085 1914 1565 1977 communicant
1597 1933 1610 1978 ε
1646 1913 2013 1976 differentia
2056 1934 2332 1996 namque

831 2013 1170 2094 distinguit
1217 2021 1282 2075 et
1329 2021 1598 2095 separat,
1653 2024 1716 2075 et
1772 2015 1940 2095 quod
1991 2031 2332 2075 commune

831 2109 958 2172 fuit
986 2110 1398 2173 diversificat.
1433 2111 1878 2172 Necessarium
1917 2117 2013 2172 est
2041 2129 2191 2192 ergo
2221 2111 2333 2172 ali-

833 2208 988 2290 quid
1021 2225 1362 2270 commune
1403 2216 1466 2269 et
1496 2208 1707 2270 simile
1747 2208 1954 2270 inesse
1995 2209 2331 2290 speciebus

833 2313 898 2367 et
926 2305 1192 2378 naturis,
1226 2305 1410 2386 cujus
1443 2324 1633 2368 causa
1672 2314 2063 2368 concurrunt
2093 2313 2157 2368 et
2187 2325 2332 2368 con-

832 2402 1119 2465 veniunt.
1158 2403 1285 2465 Hoc
1316 2411 1527 2464 autem
1559 2410 1784 2465 natura
1824 2403 2185 2467 communis
2214 2410 2331 2477 est,

834 2501 1188 2564 secundum
1234 2520 1427 2584 quam
1472 2501 1666 2564 etiam
1710 2521 1857 2564 cum
1912 2501 2118 2583 primo
2166 2520 2335 2564 com-

835 2600 1184 2662 municant.
1202 2599 1376 2674 Quod
1404 2607 1613 2662 autem
1645 2599 1914 2662 diversis
1944 2608 2008 2662 et
2038 2601 2337 2663 omnibus

835 2697 1191 2760 secundum
1263 2697 1546 2779 speciem
1618 2697 1936 2760 distinctis
2007 2698 2334 2779 competit,

749 2871 757 2881 ι
836 2813 965 2858 non
1014 2802 1222 2876 potest
1281 2795 1374 2857 eis
1431 2802 1794 2878 competere
1848 2795 1970 2857 nisi
2037 2814 2149 2877 per
2202 2815 2339 2878 par-

837 2892 1277 2974 ticipationem
1346 2893 1425 2953 ab
1485 2911 1613 2955 uno
1682 2894 1785 2955 cui
1846 2894 1909 2956 id
1979 2913 2094 2975 per
2150 2912 2219 2955 se
2278 2901 2339 2956 et

2444 1917 2761 1993 secunda3
2796 1915 2947 1977 finis
2990 1923 3202 1978 autem
3254 1915 3438 1988 nihil,
3482 1921 3546 1976 et
3590 1912 3923 1996 praesertim

2441 2014 2532 2076 nil
2571 2014 3007 2076 essentialium
3052 2013 3517 2095 principiorum
3562 2011 3775 2073 influit
3809 2010 3923 2072 nisi

2443 2130 2557 2194 per
2598 2111 3011 2173 efficientem.

2523 2209 2837 2291 AmpliuS,
2870 2209 2951 2276 ,si
3012 2209 3196 2290 plura
3262 2208 3392 2270 sint
3449 2208 3748 2281 increata,
3803 2223 3923 2267 non

2443 2306 2769 2368 videbitur
2797 2307 2955 2368 ratio
2986 2326 3101 2368 cur
3128 2326 3327 2368 unum
3363 2306 3611 2368 dicatur
3640 2304 3926 2385 primum,

2444 2404 2617 2466 aliud
2662 2406 3039 2475 secundum,
3089 2404 3407 2486 reliquum
3457 2421 3613 2466 vero
3655 2402 3927 2470 tertium,

2446 2509 2509 2564 et
2553 2502 2644 2564 sic
2688 2501 3011 2583 deinceps,
3054 2502 3180 2564 Aut
3221 2501 3393 2563 enim
3439 2500 3502 2561 in
3549 2517 3690 2562 esse
3730 2507 3791 2561 et
3826 2497 3935 2560 bo·

2448 2600 2641 2661 nitate
2673 2606 2821 2661 sunt
2851 2597 3227 2672 conformia,
3260 2606 3325 2661 et
3362 2599 3455 2660 sic
3494 2616 3621 2660 non
3659 2597 3778 2660 erit
3803 2596 3933 2657 illic

2447 2699 2619 2760 ord0.
2647 2697 2880 2759 Verum
2917 2717 3033 2759 nec
3065 2697 3187 2759 hoc
3216 2697 3343 2759 dici
3374 2703 3599 2778 potest.
3635 2696 3737 2758 Sic
3765 2695 3933 2758 enim

2448 2802 2662 2857 essent
2701 2795 2886 2876 plura
2942 2795 3323 2876 simpliciter
3368 2792 3649 2876 perfecta
3691 2801 3755 2855 et
3795 2793 3936 2855 infi-

2448 2894 2581 2954 nita
2632 2911 2644 2954 :
2687 2893 2855 2974 quod
2898 2901 3043 2954 ante
3090 2900 3494 2973 peremptum
3542 2899 3656 2954 est.
3700 2891 3935 2964 Denu0‚
3963 2915 4099 2954 arcu.

838 2991 1262 3052 essentialiter
1319 2991 1672 3052 conveniat.
1738 2991 1866 3052 Hoc
1929 2991 2100 3053 enim
2171 3009 2339 3054 com-
2376 2994 2419 3057 C
2450 3010 2649 3073 quum
2694 2991 3201 3072 unumquodque
3240 2991 3323 3052 sit
3361 3009 3474 3052 ens
3513 3009 3627 3072 per
3666 3009 3735 3052 se
3764 2997 3826 3052 et
3862 2989 3939 3051 ab

840 3106 1036 3150 mune
1080 3088 1248 3169 quod
1293 3086 1594 3150 omnibus
1639 3087 1996 3150 formaliter
2025 3089 2211 3163 inest,
2246 3109 2339 3150 se-

841 3184 1124 3246 cundum
1175 3185 1461 3247 diversos
1517 3186 1749 3264 gradus
1799 3185 1893 3247 eis
1951 3187 2271 3248 inexsistit
2326 3204 2337 3248 :

843 3281 1114 3363 ideoque
1151 3298 1281 3344 non
1330 3301 1445 3364 per
1484 3301 1552 3344 se
1590 3301 1798 3364 neque
1843 3302 1958 3365 per
1998 3286 2341 3347 essentiam

843 3379 1152 3460 competit
1209 3379 1386 3461 ipsis.
1445 3381 1582 3442 Jam
1642 3399 1918 3462 namque
1975 3380 2345 3463 frequenter

843 3477 1253 3561 explanatum
1303 3485 1420 3552 est,
1476 3479 1538 3540 id
1590 3479 1758 3560 quod
1808 3498 1923 3562 per
1970 3499 2037 3542 se
2086 3487 2149 3542 et
2197 3480 2345 3542 sub-

844 3575 1222 3638 stantialiter
1266 3576 1390 3638 tale
1436 3583 1553 3650 est,
1601 3576 1866 3658 plenum
1911 3595 2052 3640 esse
2095 3586 2160 3640 et
2206 3596 2345 3660 per-

843 3672 1104 3735 fectum.
1169 3672 1278 3736 Est
1335 3692 1484 3755 ergo
1540 3674 1784 3756 aliquid
1843 3675 2349 3738 substantialiter

844 3772 964 3834 hoc
994 3770 1234 3834 habens
1262 3773 1432 3854 quod
1463 3772 1763 3834 omnibus
1809 3773 2146 3854 speciebus
2178 3791 2347 3835 com-

845 3889 1042 3932 mune
1089 3877 1206 3942 est,
1260 3870 1446 3950 cujus
1495 3889 1684 3932 causa
1735 3871 1800 3932 in
1851 3870 2019 3933 idem
2078 3872 2351 3933 tendunt

845 3987 960 4030 suo
1018 3969 1263 4031 ordine.
1315 3969 1432 4031 Per
1491 3969 1665 4031 illius
1724 3988 1958 4051 nempe
2008 3971 2347 4052 participa-

844 4066 1085 4128 tionem
1144 4067 1391 4147 species
1439 4067 1682 4129 similes
1733 4075 1884 4128 sunt
1931 4068 2097 4129 inter
2160 4087 2227 4130 se
2287 4075 2350 4130 et

2448 3088 2664 3169 aliquo
2696 3089 3153 3169 independenS,
3186 3105 3315 3150 non
3356 3088 3606 3150 videtur
3634 3089 3794 3150 ratio
3834 3106 3945 3149 cur

2449 3205 2588 3249 esse
2658 3186 2808 3248 insit
2870 3187 3125 3268 plenius
3189 3187 3300 3249 uni
3357 3204 3549 3268 quam
3614 3186 3747 3248 alii.
3808 3185 3943 3248 Om-

2449 3285 2603 3346 nino
2633 3302 2781 3364 ergo
2813 3283 3211 3364 impossihile
3241 3292 3357 3358 est,
3391 3293 3455 3347 et
3482 3285 3675 3347 totius
3706 3284 3947 3347 ordinis

2451 3390 2515 3446 et
2542 3383 2790 3445 decoris
2826 3382 3109 3444 universi
3138 3382 3513 3456 ablativum,
3548 3399 3787 3464 ponere
3818 3383 3951 3464 plu-

2455 3501 2521 3543 ra
2579 3480 2876 3542 increata.
2930 3480 3255 3552 Praeterea,
3306 3481 3359 3542 si
3418 3480 3604 3562 plura
3658 3488 3809 3542 sunt
3864 3481 3954 3541 in-

2456 3586 2663 3640 creata
2722 3578 2916 3651 entia,
2976 3594 3102 3638 non
3162 3578 3285 3639 erit
3352 3579 3418 3640 in
3487 3579 3662 3640 omni
3734 3577 3952 3640 ordine

2456 3676 2737 3758 primum
2762 3694 3063 3737 mensura
3091 3683 3156 3737 et
3187 3683 3463 3738 metrum
3493 3677 3951 3754 secundorum:

2454 3774 2562 3836 sed
2596 3792 2803 3855 neque
2835 3791 3051 3835 verum
3082 3773 3202 3835 erit
3232 3774 3397 3855 quod
3432 3774 3496 3836 in
3526 3774 3696 3836 omni
3724 3792 3953 3855 genere

2456 3872 2738 3954 primum
2797 3871 2880 3933 sit
2938 3871 3291 3933 maximum
3358 3880 3421 3934 et
3479 3891 3670 3935 causa
3719 3880 3953 3936 cetero-

2456 3989 2595 4031 rum
2622 3988 2795 4051 :quae
2825 3976 3039 4031 tamen
3069 3969 3150 4031 ab
3170 3970 3508 4032 Aristotele
3539 3971 3951 4041 inducuntur,

2456 4074 2519 4130 et
2560 4085 2597 4127 a
2638 4074 2768 4128 tota
2813 4066 3030 4128 schola
3076 4067 3640 4148 Peripateticorum
3685 4069 3955 4150 suscipi-

845 4183 993 4225 cum
1027 4163 1156 4226 illo.
1191 4165 1334 4226 Haec
1375 4164 1652 4245 denique
1693 4165 2058 4226 communis
2099 4173 2344 4239 natura,
2378 4165 2426 4226 D
2458 4172 2669 4226 untur.
2706 4164 2815 4225 Est
2843 4170 3056 4225 autem
3085 4164 3280 4245 hujus
3309 4165 3645 4229 deductio:
3671 4167 3949 4248 primum

844 4261 982 4324 sive
1025 4262 1107 4323 sit
1151 4261 1401 4323 bonitas
1445 4262 1579 4323 sive
1623 4263 1875 4335 entitaS,
1910 4262 2211 4326 omnibus
2254 4283 2347 4326 se-

845 4359 1072 4423 cundis
1103 4359 1571 4421 communicata
1601 4357 1973 4433 formaliter,
1991 4360 2176 4440 cujus
2208 4379 2350 4422 cau-

844 4477 914 4521 sa
971 4454 1453 4519 substantialem
1516 4457 2027 4519 convenientiam
2087 4456 2345 4534 habent,

841 4555 1017 4618 aliud
1057 4571 1182 4616 non
1224 4560 1320 4614 est
1357 4573 1394 4616 a
1434 4553 1738 4635 specifica
1781 4553 2134 4634 quidditate
2170 4572 2184 4616 ε
2219 4573 2347 4618 non

843 4653 1019 4717 enim
1069 4651 1276 4714 eidem
1330 4651 1550 4712 insunt
1597 4651 1812 4732 plures
1859 4652 2243 4733 quidditates
2287 4661 2351 4714 et

845 4751 1144 4815 formales
1196 4750 1510 4812 essentiae.
1563 4749 1846 4811 Primum
1906 4767 2076 4830 ergo,
2129 4769 2349 4832 quem-

842 4849 1186 4913 admodum
1231 4848 1426 4928 hujus
1470 4846 1702 4909 similis
1738 4854 1802 4909 et
1835 4849 2198 4910 communis
2240 4869 2346 4911 na-

845 4957 1002 5011 turae
1047 4947 1295 5010 cunctis
1340 4964 1532 5007 causa
1575 4954 1693 5020 est,
1737 4946 1828 5008 sic
1869 4955 1930 5008 et
1971 4945 2294 5027 specificae
2330 4966 2343 5008 ε

844 5047 999 5127 ipsae
1029 5060 1176 5124 ergo
1204 5061 1412 5104 rerum
1441 5051 1680 5106 naturae
1710 5051 1774 5106 et
1803 5043 2049 5125 species
2079 5062 2114 5104 a
2147 5044 2349 5125 primo

843 5150 1069 5206 creatae
1112 5148 1278 5203 sunt.
1329 5142 1400 5203 In
1443 5142 1685 5203 ordinis
1733 5158 1919 5223 porro
1971 5141 2236 5215 ratione,
2284 5150 2347 5204 et

842 5239 1255 5305 conformitas
1315 5247 1379 5302 et
1435 5238 1767 5302 diversitas
1825 5239 2273 5321 intelliguntur
2324 5259 2338 5302 2

2457 4261 2629 4324 enim
2682 4261 2823 4323 ideo
2870 4261 3141 4323 aliorum
3190 4281 3490 4324 mensura
3538 4263 3762 4336 fertur,
3808 4264 3959 4347 quia

2456 4359 2810 4420 secundum
2867 4377 3190 4421 recessum
3240 4359 3320 4422 ab
3369 4378 3445 4422 eo
3506 4369 3569 4423 et
3625 4379 3955 4424 accessum

2454 4457 2531 4518 ad
2571 4457 2808 4538 ipsum,
2853 4456 3263 4538 perfectionis
3308 4457 3463 4521 ordo
3502 4459 3668 4521 inest
3706 4461 3956 4523 ceteris
3998 4503 4003 4506 -

2456 4555 2520 4617 Si
2580 4561 2793 4616 autem
2854 4573 2954 4616 res
3013 4554 3244 4637 aliquae
3302 4555 3539 4618 habent
3596 4575 3737 4618 esse
3788 4577 3829 4620 a
3876 4578 3954 4630 se,

2456 4670 2582 4714 non
2611 4653 2744 4734 jam
2777 4653 2842 4714 in
2872 4653 3097 4715 ordine
3126 4652 3203 4714 ad
3237 4653 3520 4734 primum
3555 4674 3668 4717 seu
3700 4674 3955 4720 recessu

2454 4751 2535 4812 ab
2578 4769 2654 4813 eo
2698 4752 3023 4832 pensanda
3064 4751 3187 4813 erit
3230 4758 3467 4815 naturae
3511 4753 3577 4816 in
3622 4754 3717 4816 eis
3758 4756 3959 4837 digni-

2460 4857 2571 4922 taS‚
2622 4849 2731 4911 sed
2790 4868 2868 4911 ex
2928 4849 3185 4930 propria
3242 4849 3477 4912 virtute
3532 4867 3545 4912 :
3599 4855 3955 4932 praesertim

2457 4966 2655 5027 quum
2688 4947 2772 5008 sit
2802 4947 2864 5008 in
2898 4947 3106 5027 prima
3135 4947 3377 5008 ratione
3406 4955 3763 5020 ostensum,
3788 4953 3957 5015 entia
3982 4977 4017 5017 r·
4042 4959 4141 5005 ³⁶⁰⁰
4160 4961 4191 4997 θ*

2453 5045 2604 5106 talia
2671 5045 3096 5107 necessariam
3164 5045 3629 5108 connexionem
3688 5049 3769 5110 ad
3836 5041 4013 5131 pri-⁵*

2456 5161 2631 5204 mum
2674 5161 2799 5205 non
2845 5142 3099 5204 habere.
3144 5142 3318 5215 Quod
3358 5144 3533 5206 enim
3576 5163 3655 5206 ex
3696 5149 3957 5230 propria

2456 5240 2693 5304 virtute
2713 5241 2902 5303 habet
2931 5259 3071 5303 esse
3093 5247 3159 5302 et
3176 5239 3681 5306 substantialiter
3698 5253 3805 5308 est
3824 5264 3953 5322 enS,
