4300 6259
1088 529 1167 576 DE
1209 530 1436 577 mmm
1477 529 1858 576 culusnANAE
1900 529 2204 588 mmmm,
2249 530 2423 578 LIBER
2469 534 2507 579 1.
2550 552 2631 565 -
2672 535 2811 582 ΛΒΤ.
2858 532 3003 584 xcix

3482 519 3599 584 357

487 715 562 760 se
605 698 921 774 subsistit,
970 718 1096 764 non
1147 707 1242 764 est
1293 701 1572 764 materiae
1619 699 1994 781 obligatum,
2029 699 2078 762 A
2108 703 2447 766 ostendere
2489 721 2503 766 :
2543 713 2605 768 et
2650 705 2715 769 in
2756 707 2875 771 hoc
2918 708 3243 773 Platonem
3288 708 3599 792 sequitur,

487 806 558 861 et
587 800 732 862 ideo
760 801 838 862 ad
881 819 948 863 se
989 801 1203 883 ipsum
1247 801 1414 863 redit
1447 818 1460 863 :
1495 801 1664 883 quod
1709 801 1764 863 si
1809 800 1994 876 redit,

489 897 740 960 clarum
789 900 960 980 quod
1013 899 1080 961 in
1129 918 1196 961 se
1257 905 1398 961 stet.
1447 899 1523 960 Et
1581 898 1722 960 ideo
1781 905 1998 980 postea

487 995 759 1059 subdit:
792 996 994 1060 Omne
1035 997 1204 1080 quod
1245 997 1324 1059 ad
1365 1015 1433 1059 se
1475 997 1686 1078 ipsum
1730 1014 1996 1058 conver-

488 1094 704 1157 sivum
739 1104 858 1170 est,
891 1096 1310 1159 αὖθυπόστατον
1342 1102 1456 1158 est.
1492 1095 1569 1156 Et
1600 1095 1667 1156 in
1707 1095 1828 1180 {sto
1857 1095 1998 1158 fun-

488 1194 680 1255 datur
748 1194 967 1275 regula
1037 1194 1148 1256 illa
1219 1194 1489 1276 pulchra
1554 1213 1696 1276 quae
1762 1194 1917 1256 dicit
1979 1210 1993 1257 ε

487 1291 1006 1375 Unumquodque
1047 1312 1161 1375 per
1202 1293 1262 1355 id
1307 1293 1436 1374 agit
1484 1311 1598 1374 per
1636 1292 1806 1374 quod
1853 1291 1998 1354 sub-

486 1390 943 1452 stantificatur.
977 1391 1134 1453 Nam
1165 1392 1334 1473 quod
1366 1397 1463 1452 est
1493 1408 1608 1472 per
1647 1409 1714 1452 se
1759 1390 1994 1472 ipsum,

487 1507 610 1570 per
653 1508 720 1550 se
765 1489 978 1571 ipsum
1023 1489 1192 1568 agit3
1226 1489 1412 1569 cujus
1456 1497 1670 1551 autem
1717 1507 1856 1550 esse
1901 1495 1997 1550 est

487 1585 776 1649 innitens
807 1588 1194 1669 susceptivo,
1229 1605 1343 1670 per
1371 1587 1544 1648 aliud
1575 1587 1723 1667 agit.
1753 1586 1996 1669 Nempe

485 1686 666 1768 quod
725 1703 986 1748 necesse
1035 1687 1118 1748 sit
1164 1685 1506 1748 essentiam
1568 1685 1742 1747 illam
1804 1686 1870 1747 in
1927 1705 1996 1750 se

485 1783 845 1846 subsistere
875 1803 1016 1866 quae
1055 1784 1410 1846 secundum
1451 1783 1768 1846 actionem
1808 1785 1887 1846 ad
1926 1803 1994 1846 se

484 1882 680 1955 redit,
715 1880 1062 1944 confitetur
1098 1881 1378 1956 ProcluS,
1412 1883 1564 1945 dum
1613 1883 1805 1964 paulo
1851 1889 1994 1964 post
2031 1881 2078 1943 B

483 1981 882 2044 theoremate
913 1980 1400 2062 quadragesimo
1428 1989 1656 2064 quarto
1683 1981 1771 2044 ait
1805 1999 1819 2042 :
1851 1980 1995 2046 Om-

485 2098 574 2142 ne
633 2079 804 2161 quod
861 2080 1217 2141 secundum
1279 2079 1714 2161 operationem
1781 2080 1861 2142 ad
1929 2099 1996 2142 se

485 2178 708 2259 ipsum
738 2185 835 2240 est
863 2179 1335 2251 conversivam,
1368 2186 1433 2241 et
1460 2179 1816 2240 secundum
1849 2177 1996 2239 sub-

483 2275 792 2338 stantiam
825 2275 1275 2338 conversivum
1305 2285 1404 2339 est
1432 2276 1508 2337 ad
1541 2295 1610 2338 se
1651 2277 1882 2358 ipsum.
1920 2276 1996 2338 Et

484 2374 756 2456 quidem
786 2374 980 2453 hujus
1013 2393 1203 2437 causa
1229 2375 1360 2455 jam
1393 2375 1711 2456 assignata
1739 2383 1852 2438 est.

571 2473 839 2554 Insuper
889 2472 1116 2554 probat
1165 2473 1358 2536 talem
1399 2473 1684 2536 animam
1741 2475 1996 2555 ingene-

483 2570 762 2632 rabilem
791 2589 930 2633 esse
961 2578 1024 2633 et
1057 2571 1613 2655 incorruptibilem
1645 2579 1830 2654 atque
1860 2591 1998 2655 per-

483 2677 772 2752 petuam.
821 2670 1062 2733 Formae
1107 2689 1386 2752 namque
1428 2671 1831 2752 generabiles
1881 2672 1998 2734 im-

481 2766 790 2850 perfectae
821 2775 968 2829 sunt
1000 2775 1064 2830 et
1092 2768 1454 2850 dependent
1485 2769 1564 2831 ad
1607 2769 1936 2832 materiam
1977 2787 1991 2830 ε

479 2867 662 2950 quod
720 2867 1190 2948 praenominatae
1247 2868 1476 2930 animae
1523 2875 1850 2931 ostensum
1899 2877 1998 2930 est

477 2983 622 3027 non
661 2964 1022 3028 convenire.
1058 2965 1319 3038 RursuS,
1355 2965 1516 3028 nibil
1561 2967 1996 3048 corrumpitur

2106 801 2218 882 qui
2268 802 2513 865 animas
2561 803 2896 868 brutorum
2944 807 3106 870 dixit
3152 808 3603 891 incorruptibi-

2107 893 2401 973 les.'Quae
2445 903 2675 983 positio
2717 923 2753 966 a
2792 907 3059 968 veritate
3100 906 3407 978 abscedit,
3449 925 3603 989 quo·

2105 997 2281 1060 niam
2312 999 2445 1061 sola
2477 1001 2927 1065 intellectualis
2959 1004 3167 1086 portio
3195 1005 3425 1068 animae
3455 1023 3605 1086 ope-

2106 1102 2284 1157 ratur
2314 1097 2453 1160 sine
2482 1116 2719 1178 organo
2746 1110 2809 1163 et
2838 1119 3121 1183 corpore.
3141 1103 3375 1165 Sensus
3406 1103 3600 1177 enirn,

2107 1196 2461 1258 secundum
2494 1197 3065 1263 demonstrationes
3094 1201 3485 1284 Philosophi,
3510 1208 3607 1264 est

2105 1293 2312 1354 virtus
2346 1295 2617 1376 passiva,
2652 1305 2714 1359 et
2750 1298 3035 1379 operatio
3073 1299 3215 1380 ejus
3259 1300 3605 1362 materialis

2107 1397 2221 1452 est.
2240 1391 2419 1454 Tales
2450 1393 2643 1456 etiam
2677 1394 2918 1470 formae,
2944 1398 3299 1460 secundum
3330 1398 3607 1481 philoso-

2105 1489 2668 1571 phoS,educuntur
2696 1495 2773 1556 de
2806 1496 3258 1570 materia,licet
3283 1497 3607 1560 Avicenna

2105 1589 2470 1670 oppositum
2518 1591 2833 1656 sustinere
2876 1594 3169 1657 voluerit.

2466 1863 2955 1931 ARTICULUS
3001 1866 3241 1931 XCIX.

2105 2003 2193 2061 Ec
2242 2011 2333 2060 est
2385 2003 2787 2065 introductio
2835 2008 3196 2082 fortiorum
3245 2009 3605 2078 rationum,

2186 2093 2421 2169 quibus
2448 2094 2865 2154 convincitur
2896 2098 3285 2156 rationalem
3314 2099 3606 2158 animam

2186 2181 2611 2254 separabilem
2662 2202 2790 2242 esse
2837 2193 2896 2244 et
2946 2185 3403 2246 immortalem.

2230 2375 2403 2438 lcE'r
2434 2384 2649 2440 autem
2689 2397 2767 2440 ex
2816 2379 3037 2442 multis
3086 2380 3490 2462 praeostensis
3539 2381 3605 2445 in

2255 2472 2534 2535 editione
2585 2474 2703 2536 hac
2752 2482 3040 2556 patenter
3088 2477 3427 2550 elucescat,
3476 2495 3609 2540 om-

2105 2590 2253 2633 nem
2307 2571 2801 2634 intellectualem
2853 2575 3192 2636 essentiam
3244 2575 3606 2656 simplicem

2104 2669 2341 2744 fore,et
2370 2668 2450 2730 ab
2482 2688 2621 2732 esse
2654 2670 3201 2753 indispergibilem
3221 2689 3236 2750 ;
3246 2672 3373 2751 jam
3396 2679 3607 2736 tamen

2104 2775 2175 2830 ut
2232 2767 2678 2830 immortalitas
2735 2769 2965 2831 animae
3022 2770 3349 2832 rationalis
3397 2771 3608 2853 limpi-

2103 2866 2249 2928 dius
2292 2867 2669 2940 innotescat,
2713 2867 2988 2930 rationes
3038 2867 3411 2948 colligendae
3458 2877 3607 2932 sunt

2104 2964 2168 3025 id
2202 2965 2412 3046 ipsum
2454 2963 2683 3027 fortius
2728 2965 3256 3029 demonstrantes.
3291 2967 3503 3041 Porro,
3536 2975 3608 3030 ut

475 3064 618 3127 nisi
649 3070 716 3124 ut
748 3071 1063 3126 remotum
1095 3083 1132 3126 a
1161 3083 1276 3127 sua
1305 3083 1496 3126 causa
1529 3082 1544 3126 t
1577 3065 1687 3128 sed
1718 3065 1994 3128 essentia
2028 3062 2070 3127 C
2103 3062 2317 3125 stabili
2367 3062 2787 3126 fundamento
2836 3081 3173 3146 processus
3221 3065 3327 3127 hic
3377 3065 3609 3128 innita-

471 3162 776 3226 formalis
820 3163 884 3224 in
935 3180 1004 3224 se
1063 3169 1258 3236 stanS,
1310 3170 1408 3226 est
1455 3162 1580 3224 sibi
1631 3162 1753 3244 ipsi
1805 3182 1994 3226 causa

471 3261 763 3334 essendi,
787 3269 850 3322 et
880 3278 1008 3323 non
1043 3260 1335 3338 materia3
1370 3260 1530 3322 nihil
1563 3278 1715 3323 vero
1745 3280 1992 3343 separa-

471 3369 592 3422 tur
622 3378 661 3421 a
687 3379 754 3422 se
786 3359 924 3441 ipso
946 3367 1046 3422 :et
1077 3359 1217 3421 ideo
1249 3357 1470 3421 sormae
1503 3359 1822 3421 naturales
1865 3377 1989 3421 non

469 3465 640 3520 sunt
669 3478 782 3540 per
809 3476 876 3520 se
917 3456 1390 3540 corruptibileS,
1425 3457 1535 3519 sed
1580 3457 1731 3540 quia
1768 3457 1990 3520 delatae

469 3563 642 3618 sunt
671 3575 860 3637 supra
906 3555 1258 3627 materiam,
1293 3555 1356 3616 in
1404 3574 1529 3636 qua
1573 3562 1670 3616 est
1708 3556 1989 3637 potentia

467 3655 560 3716 ad
617 3671 743 3716 non
801 3671 959 3716 esse.
1013 3653 1156 3716 Haec
1206 3659 1420 3715 autem
1478 3653 1694 3714 omnia
1751 3653 1988 3715 diffuse

473 3751 684 3814 tradit
713 3751 963 3814 proclus
995 3751 1148 3812 dum
1182 3751 1310 3813 ait:
1337 3749 1537 3813 Omne
1569 3751 1988 3813 αὑθυπόστατον

473 3848 922 3930 ingenerabile
971 3857 1108 3926 est3
1149 3857 1212 3911 et
1257 3856 1476 3932 postea
1520 3866 1532 3910 :
1577 3847 1776 3911 Omne
1825 3850 1987 3910 αὑθυ-

467 3956 768 4010 πόστιτον
800 3946 1292 4029 incorruptibile
1331 3955 1467 4024 est3
1502 3966 1722 4008 rursus
1749 3965 1762 4008 ε
1789 3947 1988 4010 Omne

471 4048 908 4110 αὐθυπόστατον
967 4044 1362 4127 impartibile
1420 4053 1514 4107 est
1574 4053 1638 4106 et
1688 4044 1982 4127 simplex.

467 4147 760 4226 Insuper
787 4144 1176 4206 theoremate
1205 4143 1593 4225 octogesimo
1628 4143 1820 4205 tertio
1848 4143 1936 4204 ait
1969 4160 1984 4204 :

2102 3168 2227 3233 tur,
2280 3160 2841 3242 contemplandum
2894 3181 3035 3244 quae
3082 3165 3361 3226 rationes
3421 3163 3603 3226 suffi-

2100 3258 2273 3320 ciant
2337 3259 2673 3321 ostendere
2743 3257 3289 3322 immortalitatem
3348 3262 3599 3336 animae,

2099 3375 2211 3418 seu
2257 3356 2412 3439 quid
2457 3375 2717 3419 necesse
2758 3357 2841 3418 sit
2882 3357 3337 3433 demonstrare,
3373 3367 3443 3421 ut
3482 3360 3603 3422 cla·

2099 3463 2235 3518 reat
2293 3455 2737 3518 immortalitas
2798 3455 3181 3518 intellectus,
3244 3457 3313 3519 In
3375 3458 3603 3540 primis

2099 3553 2293 3634 igitur
2322 3553 2767 3634 accipiendum
2801 3561 2897 3616 est
2937 3555 3105 3636 quod
3150 3555 3215 3617 in
3256 3554 3421 3618 libro
3452 3556 3605 3618 Cau-

2098 3671 2314 3714 sarum
2358 3651 2594 3713 dicitur
2635 3668 2649 3712 :
2694 3651 2916 3714 Omnis
2960 3650 3318 3714 substantia
3359 3653 3601 3715 destru-

2097 3750 2353 3822 ctibilis,
2378 3767 2502 3812 non
2536 3748 2940 3829 sempiterna,
2959 3757 3069 3811 aut
3098 3757 3193 3812 est
3224 3751 3597 3833 composita,

2095 3856 2206 3911 aut
2234 3848 2442 3910 delata
2472 3867 2665 3930 super
2694 3848 3402 3929 compositum.Formae
3431 3850 3599 3912 enim

2096 3966 2239 4029 quae
2296 3945 2559 4009 omnino
2617 3945 2679 4006 in
2740 3964 2807 4007 se
2868 3945 3026 4027 ipsis
3086 3945 3467 4021 subsistunt,
3516 3947 3596 4010 ab

2095 4044 2397 4107 omnibus
2438 4051 2764 4124 ponuntur
2802 4050 3145 4125 perpetuae.
3192 4044 3311 4106 Sed
3352 4045 3430 4106 de
3464 4046 3597 4108 ani-

2097 4162 2222 4215 ma,
2254 4161 2396 4224 quae
2427 4149 2524 4204 est
2557 4140 2759 4203 forma
2798 4143 3106 4223 corporis,
3142 4142 3362 4204 multis
3400 4143 3600 4206 ambi-

467 4245 694 4308 Omne
723 4243 818 4304 sui
854 4243 1055 4324 ipsius
1095 4243 1514 4322 cognitivum,
1548 4242 1625 4303 ad
1667 4261 1734 4304 se
1774 4243 1982 4323 ipsum
2014 4243 2064 4304 D
2095 4259 2293 4323 guum
2334 4247 2430 4302 est
2478 4239 2531 4301 si
2576 4239 2848 4300 naturali
2890 4238 3134 4302 lumine
3180 4240 3599 4304 demonstrari

467 4341 924 4422 omniquaque
975 4341 1424 4402 conversivum
1473 4346 1590 4412 est,
1641 4340 1702 4402 id
1749 4346 1845 4402 est
1889 4359 1986 4402 se-

467 4440 772 4504 cundum
807 4457 944 4502 esse
975 4447 1035 4502 et
1067 4439 1339 4522 operari.
1377 4438 1528 4501 Esse
1559 4439 1860 4521 equidem
1892 4446 1989 4501 est

467 4546 752 4623 propter
779 4555 964 4618 agere
999 4555 1012 4598 :
1047 4545 1110 4599 et
1141 4537 1282 4599 ideo
1319 4537 1488 4619 quod
1531 4537 1668 4600 sine
1705 4537 1988 4619 corporis

466 4636 1072 4702 communicatione
1111 4643 1432 4720 operatur,
1466 4633 1814 4697 subsistere
1855 4642 1992 4716 pot-

463 4745 582 4802 est
613 4736 752 4798 sine
791 4752 1076 4816 corpore.
1112 4733 1200 4795 Ex
1239 4733 1381 4796 aliis
1419 4734 1612 4796 etiam
1655 4733 1990 4816 principiis

455 4834 766 4900 ostendit
833 4832 1375 4895 immortalitatem
1446 4832 1696 4904 animae,
1770 4832 1990 4894 dicens

457 4951 742 5000 omnem
791 4931 1074 4996 animam
1125 4949 1264 4993 esse
1313 4929 1581 5005 αὖτόξων,
1621 4931 1685 4992 id
1733 4938 1830 4993 est
1879 4950 1992 5012 per

461 5053 550 5097 se
613 5032 959 5094 viventem.
1023 5029 1100 5091 Et
1155 5027 1313 5090 alibi
1378 5028 1466 5090 ait
1519 5047 1532 5089 :
1584 5027 1804 5091 Omnis
1861 5028 1992 5092 ani-

465 5151 590 5196 ma
629 5137 724 5193 est
763 5130 898 5194 vita
939 5135 1002 5190 et
1045 5128 1288 5190 vivens.
1333 5126 1455 5188 Sed
1497 5127 1564 5188 in
1609 5127 1708 5188 his
1753 5134 1816 5189 et
1856 5126 1991 5208 qui‘

463 5231 752 5298 busdam
823 5226 972 5289 aliis
1040 5225 1314 5288 intendit
1371 5243 1628 5288 omnem
1685 5225 1989 5297 animam,

465 5332 671 5398 etiam
744 5345 883 5392 non
965 5323 1488 5400 intellectualem,
1565 5323 1992 5388 immortalem

2098 4339 2298 4421 possit
2346 4337 2744 4401 immortalis.
2798 4337 3040 4410 Denuo,
3094 4337 3313 4401 formae
3369 4339 3599 4422 aliquae

2096 4437 2336 4520 triplici
2388 4435 2629 4498 ratione
2676 4435 3149 4500 destructibiles
3198 4437 3595 4512 efficiuntur,

2097 4535 2400 4598 videlicet
2432 4553 2445 4596 ε
2478 4535 2579 4597 vel
2612 4535 2861 4598 actione
2893 4536 3222 4599 contrariae
3254 4535 3493 4609 formae,
3530 4545 3597 4598 ut

2100 4635 2273 4697 calor
2312 4654 2349 4695 a
2392 4633 2668 4714 frigore3
2709 4634 2811 4696 vel
2853 4634 3259 4715 corruptione
3298 4634 3594 4715 subjecti,

2100 4733 2269 4796 sicut
2297 4751 2373 4794 ex
2407 4732 2728 4814 dyscrasia
2773 4733 3121 4794 harmoniae
3166 4735 3600 4815 corrumpitur

2099 4831 2319 4906 visus3
2370 4829 2471 4891 vel
2532 4828 2788 4890 defectu
2846 4837 2910 4890 et
2958 4830 3309 4893 remotione
3368 4850 3595 4908 causae,

2101 4929 2268 4992 sicut
2298 4928 2514 4989 lumen
2548 4926 2713 5008 perit
2743 4926 2795 4987 si
2828 4927 2923 4988 sol
2964 4944 3089 4989 non
3128 4928 3309 4990 adsit.
3344 4929 3600 4994 Manife-

2101 5035 2271 5088 stum
2305 5033 2400 5088 est
2436 5032 2674 5097 autem,
2708 5024 2879 5106 quod
2920 5023 3332 5088 intellectuali
3379 5027 3598 5092 formae

2101 5123 2263 5186 nihil
2305 5130 2401 5186 est
2440 5122 2849 5184 contrarium.
2884 5121 3251 5186 Intellectus
3288 5126 3461 5187 enim
3502 5136 3599 5189 est

2101 5223 2392 5285 omnium
2438 5221 2819 5302 receptivus.
2856 5219 2932 5282 Et
2965 5220 3335 5285 Aristoteles
3373 5225 3597 5307 probat

2102 5340 2253 5384 eum
2312 5339 2451 5382 esse
2509 5319 2876 5383 immixtum
2944 5326 3009 5382 et
3074 5320 3510 5404 inorganicum
3576 5341 3591 5389 t
