4300 6259
588 1746 755 1790 Joann.
777 1757 836 1795 iu,

575 1812 642 1854 13.

576 1943 839 1995 Ibid.v1‚38.

575 2740 781 2797 Philipp.
798 2752 842 2789 ιι,

578 3196 736 3245 29,ao.

576 3420 739 3465 Joann.
754 3432 784 3471 ι,
804 3421 842 3469 1,

580 3487 707 3536 ³,¹4.

606 4206 772 4265 Ephe&
786 4220 841 4261 w,

863 456 985 521 416

1452 476 1531 521 DE
1571 475 1798 523 tumme
1840 474 2222 521 cnms'rlANAE
2264 472 2565 529 THEORlAE,
2611 473 2786 520 unna
2829 476 2896 520 11.
2942 494 3020 505 ·-
3065 477 3204 522 ΛΒΤ.
3251 476 3399 523 xxlv

866 643 1046 707 stitui
1103 652 1167 707 te
1232 645 1425 709 deum
1484 645 1847 719 PharaoniS,
1910 652 1973 707 et
2031 643 2232 705 multa
2292 642 2726 707 si-Atissime
2783 662 2850 707 se
2900 644 3177 709 fundans
3223 665 3366 728 quae
3413 645 3724 709 unitatem
3775 642 3969 705 divini

872 743 1087 822 milia3
1133 743 1249 817 sic,
1293 764 1493 827 quum
1544 744 1625 807 sit
1665 744 1951 807 Christus
1993 742 2369 825 praeelectus

867 841 1003 915 Dei,
1054 842 1355 905 dixerunt
1400 861 1549 905 eum
1611 861 1741 925 prae
1790 840 2017 904 ceteris
2076 839 2370 902 divinum

868 939 1175 1003 honorem
1218 940 1452 1003 sortiri.

948 1038 1174 1100 Omnia
1202 1038 1491 1121 ‘denique
1531 1057 1673 1121 quae
1714 1038 1847 1119 jam
1891 1045 2109 1100 contra
2146 1036 2370 1098 Arium

868 1137 1263 1218 praeindueta
1334 1145 1503 1211 sunt,
1576 1135 1977 1199 ostendentia
2048 1134 2368 1197 Christum

868 1252 994 1297 non
1039 1252 1179 1298 esse
1226 1253 1451 1317 puram
1496 1244 1875 1307 creaturam,
1908 1233 2072 1295 hanc
2116 1250 2370 1315 quoque

868 1333 1272 1397 traditionem
1334 1333 1691 1397 destruunt.
1757 1333 1833 1395 Et
1893 1331 2061 1413 quod
2114 1332 2204 1393 ait
2253 1330 2370 1393 iste

867 1432 1195 1507 Photinus,
1240 1432 1472 1494 Filium
1520 1450 1597 1493 ex
1646 1431 1840 1493 Maria
1895 1431 2144 1511 virgine
2201 1429 2370 1490 initi-

870 1549 979 1593 um
1026 1530 1401 1613 sumpsisse,
1445 1530 1789 1612 Scripturae
1832 1536 2049 1611 aperte
2106 1526 2368 1590 obviat:

867 1648 1015 1691 nam
1080 1628 1145 1690 in
1197 1628 1529 1709 evangelio
1583 1628 1842 1691 Joannis
1901 1626 2058 1688 dicit
2112 1626 2226 1688 Dei
2279 1626 2374 1688 Fi-

868 1726 1016 1800 lius,
1067 1727 1268 1790 Nemo
1322 1726 1610 1790 ascendit
1662 1726 1726 1787 in
1774 1725 2033 1799 coelum,
2084 1725 2209 1787 nisi
2260 1725 2369 1807 qui

2477 760 2614 805 esse
2647 749 3122 806 contestantur:
3147 742 3686 827 quemadmodum
3719 742 3786 803 in
3817 741 3968 803 Deu-

2477 841 2832 904 teronomio
2875 840 3132 915 dicitur,
3173 842 3360 915 Audi,
3397 841 3622 913 lsrael,
3669 840 3970 902 Dominus
3995 856 4190 907 Beatus,

2477 938 2644 1001 Deus
2677 946 2824 1001 tuus
2865 958 3031 1002 unus
3071 949 3208 1019 est3
3241 948 3305 1003 et
3339 939 3517 1013 alibi,
3545 938 3772 1001 Videte
3809 938 3968 1019 quod
3996 954 4198 1002 stum-1,

2477 1054 2595 1117 ego
2625 1037 2746 1099 sim
2780 1038 3058 1112 soluS,et
3091 1056 3212 1101 non
3247 1039 3332 1101 sit
3358 1038 3522 1101 alius
3551 1038 3720 1099 Deus
3753 1044 3972 1119 praeter
4041 1047 4053 1060 ·

2481 1152 2601 1197 me.
2637 1135 2757 1197 Sed
2798 1136 2949 1218 quia
2977 1137 3305 1219 Scriptura
3345 1136 3680 1198 manifeste
3719 1135 3972 1197 instruit

2481 1250 2616 1305 nos,
2650 1232 2971 1296 Christum
3011 1241 3076 1297 et
3103 1235 3215 1297 Dei
3257 1234 3490 1297 Filium
3530 1241 3594 1296 et
3631 1233 3836 1295 Deum
3875 1250 3973 1293 ve-

2479 1349 2622 1392 rum
2671 1349 2832 1403 esse,
2885 1331 3048 1393 dixit
3097 1331 3412 1395 Sabellius
3464 1330 3788 1394 Christum
3845 1348 3976 1393 esse

2479 1428 2724 1491 Patrem
2789 1430 3212 1504 incarnatum,
3264 1438 3327 1493 et
3387 1450 3464 1493 ex
3525 1438 3678 1491 tunc
3737 1430 3975 1491 Patrem

2479 1545 2712 1590 nomen
2745 1528 2887 1590 Filii
2929 1546 3070 1592 esse
3111 1529 3408 1593 sortitum
3449 1547 3528 1591 ex
3567 1546 3696 1610 quo
3735 1528 3816 1589 de
3855 1527 3980 1589 Vir-

2479 1627 2626 1707 gine
2671 1635 2858 1689 natus
2901 1635 3018 1703 est,
3053 1645 3180 1691 non
3223 1636 3438 1690 autem
3483 1646 3744 1709 semper
3787 1626 3980 1688 fuisse

2481 1725 2711 1787 Filium
2747 1742 2944 1789 :nam
2993 1734 3140 1789 ante
3190 1726 3718 1797 incarnationem,
3765 1744 3980 1787 secun-

868 1825 1199 1889 descendit
1227 1826 1305 1888 de
1337 1826 1520 1900 coelO,
1554 1825 1751 1887 Filius
1793 1824 2095 1897 hominiS,
2131 1824 2240 1905 qui
2274 1832 2371 1886 est
2407 1826 2454 1889 B
2483 1824 2632 1887 dum
2667 1842 2838 1897 eum,
2873 1834 3053 1887 erant
3084 1832 3332 1888 tantum
3373 1824 3496 1887 tria
3526 1825 3813 1897 nomina,
3845 1842 3978 1906 quae

871 1925 937 1987 in
996 1924 1198 2005 coelo;
1243 1933 1307 1988 et
1362 1925 1617 1998 iterum,
1674 1924 1984 1987 Descendi
2048 1924 2124 1985 de
2185 1922 2368 1997 coelo,

868 2041 997 2086 non
1039 2032 1110 2085 ut
1146 2023 1378 2086 faciam
1418 2024 1812 2086 voluntatem
1854 2040 2082 2085 meam.
2118 2021 2374 2085 Constat

870 2122 1083 2204 itaque
1115 2140 1263 2183 eum
1297 2122 1475 2204 prius
1506 2120 1705 2183 fuisse
1726 2140 1917 2203 quam
1941 2120 2366 2183 descendisse.

950 2220 1195 2295 Adhuc,
1249 2220 1383 2283 haec
1443 2220 1676 2302 positio
1732 2220 1819 2281 ait
1877 2218 2200 2281 Christum
2259 2237 2374 2300 per

871 2320 1017 2383 vitae
1044 2320 1443 2382 sanctitatem
1474 2319 1540 2381 in
1572 2318 1773 2381 Deum
1805 2317 2176 2400 profecisse.
2212 2317 2372 2399 Apo-

872 2418 1072 2481 stolus
1102 2424 1315 2481 autem
1348 2417 1426 2479 ad
1464 2416 1907 2499 Philippenses
1954 2416 2185 2478 asserit
2221 2433 2369 2477 eum

872 2518 1082 2600 primo
1132 2516 1332 2579 tuisse
1382 2516 1447 2579 in
1492 2514 1697 2579 forma
1740 2515 1874 2590 Dei,
1921 2523 1984 2577 et
2029 2514 2260 2577 dehinc
2304 2532 2371 2577 se

872 2617 1086 2699 ipsum
1134 2614 1586 2689 exinanivisse,
1631 2632 1704 2676 ac
1754 2614 2081 2677 hominem
2128 2633 2372 2677 assum·

874 2715 1096 2798 psisse.
1133 2714 1300 2776 Dicit
1339 2713 1580 2796 quippe
1614 2730 1627 2775 :
1661 2712 1778 2787 Qui
1819 2732 2018 2794 quum
2062 2713 2127 2774 in
2167 2712 2374 2776 forma

874 2814 984 2878 Dei
1031 2821 1220 2887 esset,
1273 2830 1398 2875 non
1445 2812 1732 2895 rapinam
1776 2810 2119 2874 arbitratus
2163 2819 2260 2873 est
2305 2830 2373 2874 se

873 2931 1013 2975 esse
1055 2911 1389 2995 aequalem,
1422 2919 1541 2975 etc.
1576 2910 1890 2993 AmpliuS,
1925 2909 2222 2973 Salomon
2261 2909 2369 2984 ait,

2479 1923 2846 1986 Trinitatem
2876 1923 3175 1986 videntur
3203 1924 3268 1987 in
3303 1924 3539 1986 divinis
3571 1923 3978 1995 constituere,

2479 2022 2658 2085 Pater
2701 2021 3022 2095 videlicet,
3056 2022 3253 2085 Filius
3292 2031 3358 2085 et
3386 2022 3658 2105 Spiritus
3689 2022 3979 2095 Sanctus,

2480 2120 2589 2183 sed
2636 2138 2733 2182 res
2779 2119 2844 2182 in
2895 2127 3120 2182 natura
3169 2128 3360 2203 atque
3409 2137 3678 2203 persona
3725 2139 3980 2202 prorsus

2482 2237 2624 2280 una.
2643 2219 2746 2281 Sic
2780 2218 2972 2299 igitur
3001 2218 3358 2282 secundum
3389 2219 3554 2282 hanc
3585 2219 3980 2301 opinionem,

2480 2337 2680 2401 quum
2730 2318 2964 2381 dicitur
3013 2317 3212 2380 Filius
3260 2318 3396 2392 Dei,
3441 2336 3568 2381 non
3614 2318 3984 2399 designatur

2481 2435 2752 2500 persona
2806 2436 2843 2479 a
2891 2417 3068 2479 Patre
3123 2415 3602 2499 suppositaliter
3656 2417 3977 2491 distincta,

2480 2516 2590 2579 sed
2638 2515 3000 2578 insinuatur
3055 2515 3344 2598 quaedam
3396 2514 3781 2598 proprietas,
3832 2536 3980 2599 prae-

2478 2614 2807 2678 exsistenti
2854 2622 3128 2696 paternae
3169 2631 3456 2696 personae
3495 2616 3974 2697 superveniens

2480 2715 2813 2796 Propterea
2843 2731 2984 2795 quae
3015 2713 3368 2776 secundum
3401 2731 3658 2776 carnem
3689 2713 3976 2776 Christus

2479 2813 2804 2885 sustinuit,
2855 2812 3018 2874 Patri
3075 2811 3506 2873 attribuerunt
3563 2810 3910 2875 Sabelliani
3957 2829 3972 2873 :

2481 2912 2650 2974 unde
2691 2920 2756 2973 et
2796 2909 3245 2993 patripassiani
3288 2910 3442 2973 dicti
3486 2919 3657 2986 sunt,
3688 2930 3774 2975 eo
3815 2911 3976 2994 quod

874 3011 939 3074 in
975 3029 1244 3094 persona
1266 3009 1625 3092 Sapientiae,
1650 3028 1791 3091 quae
1822 3016 1917 3070 est
1941 3008 2230 3072 Christus
2260 3027 2372 3071 seu
2402 3013 2444 3077 C
2482 3012 2721 3074 Patrem
2756 3029 3014 3093 passum
3045 3010 3345 3071 dixerunt
3371 3017 3436 3071 et
3467 3009 3881 3073 crucifixum.

694 3144 733 3174 υ.
754 3142 845 3179 vm,
872 3109 1151 3172 Verbum
1198 3109 1332 3182 Dei,
1383 3108 1647 3191 loquens
1694 3124 1709 3169 ε
1758 3106 2017 3181 Quando
2058 3108 2376 3190 appende·

874 3207 982 3270 bat
1038 3206 1257 3270 orbem
1321 3215 1526 3279 terrae,
1580 3224 1726 3268 cum
1787 3224 1864 3269 eo
1912 3223 2085 3267 eram
2144 3212 2375 3267 cuncta

874 3324 1283 3388 componens,
1342 3304 1419 3366 Et
1473 3304 1731 3367 Joannis
1790 3303 2001 3386 primo
2057 3303 2372 3385 scriptum

871 3411 968 3467 est
1010 3422 1023 3466 :
1072 3405 1143 3467 ln
1187 3403 1508 3487 principio
1551 3410 1684 3466 erat
1728 3402 2045 3480 Verbum;
2092 3410 2176 3475 et,
2224 3402 2372 3465 Sine

871 3504 1011 3586 ipso
1058 3503 1301 3565 factum
1361 3510 1458 3565 est
1504 3501 1709 3580 nihil;
1762 3509 1845 3575 et,
1896 3499 2178 3563 Verbum
2227 3517 2373 3563 caro

867 3602 1109 3665 factum
1157 3607 1273 3664 est.
1322 3600 1644 3663 Veraciter
1692 3617 1842 3680 ergo
1886 3598 2143 3681 praet'uit
2183 3617 2370 3679 gene-

866 3700 1096 3763 rationi
1142 3718 1267 3782 qua
1309 3718 1346 3762 a
1388 3698 1647 3779 Virgine
1691 3697 1944 3778 genitus
1986 3705 2104 3770 est,
2138 3705 2201 3760 et
2243 3715 2370 3761 non

865 3805 1116 3861 tantum
1161 3798 1515 3860 secundum
1557 3795 2153 3879 praeordinationem
2199 3803 2372 3858 aeter-

866 3918 963 3961 nae
1012 3895 1613 3979 praedestinationis,
1665 3894 1833 3957 sicut
1880 3893 2126 3976 praefati
2178 3894 2372 3958 haere-

866 3997 1133 4060 siarchae
1181 3996 1510 4059 finxerunt
1564 4014 1577 4058 :
1631 3993 1984 4078 praesertim
2034 4014 2235 4077 quum
2292 3996 2368 4058 ad

870 4095 1178 4178 Ephesios
1220 4093 1529 4169 scribens,
1564 4093 1733 4156 dicat
1761 4091 2099 4175 Apostolus
2139 4094 2218 4155 de
2257 4094 2369 4157 Dei

2562 3110 2704 3172 Haec
2731 3115 2945 3171 autem
2977 3107 3211 3190 positio
3247 3126 3284 3169 a
3327 3108 3711 3189 praecedenti
3757 3110 3826 3172 in
3864 3110 3977 3172 hoc

2480 3208 2722 3281 differt,
2754 3206 2922 3289 quod
2955 3205 3276 3270 Christum
3305 3224 3532 3269 verum
3563 3207 3768 3269 Deum
3809 3206 3977 3269 affir-

2485 3313 2653 3385 mat;
2686 3305 2795 3367 sed
2829 3304 2895 3365 in
2925 3304 3045 3367 hoc
3075 3322 3220 3366 cum
3264 3304 3374 3365 illa
3412 3305 3782 3380 concordat,
3815 3306 3974 3388 quod

2481 3405 2570 3467 ait
2614 3422 2850 3467 nomen
2898 3402 3132 3466 divinae
3175 3402 3510 3465 filiationis
3557 3420 3684 3465 non
3733 3422 3979 3487 compe·

2481 3511 2616 3565 tere
2646 3502 2774 3565 Deo
2813 3501 2937 3564 nisi
2985 3500 3230 3563 ratione
3270 3501 3568 3565 humanae
3605 3502 3972 3565 nativitatis.

2482 3600 2678 3681 Cujus
2720 3598 2964 3661 falsitas
3009 3599 3257 3662 ostendi
3311 3606 3537 3681 pot-est.
3581 3600 3756 3663 Idem
3808 3601 3972 3665 enim

2480 3718 2606 3763 non
2640 3706 2736 3761 est
2765 3698 3022 3780 proprie
3056 3698 3118 3759 in
3151 3714 3218 3761 se
3259 3698 3419 3780 ipsc,
3451 3706 3519 3761 et
3555 3700 3774 3762 minus
3811 3700 3970 3762 idem

2477 3796 2646 3880 apud
2686 3815 2755 3858 se
2795 3795 3011 3878 ipsum
3054 3794 3307 3858 dicitur.
3342 3795 3462 3858 Sed
3507 3796 3586 3859 de
3630 3796 3792 3860 Filio
3832 3805 3972 3860 ante

2479 3894 2981 3957 incarnationem
3029 3894 3272 3956 dictum
3321 3902 3420 3956 est
3470 3911 3485 3955 :
3537 3894 3607 3957 ln
3654 3895 3972 3977 principio
3995 3914 4196 3959 sua-‚ai

2477 4001 2613 4055 erat
2640 3991 2943 4065 Verbum,
2975 3999 3040 4055 et
3069 3991 3348 4054 Verbum
3377 3999 3512 4055 erat
3539 3993 3707 4075 apud
3749 3994 3969 4057 Deum.

2477 4092 2588 4154 Est
2623 4109 2773 4172 ergo
2813 4090 2980 4153 inter
3021 4090 3254 4153 Filium
3297 4099 3362 4153 et
3401 4090 3648 4154 Patrem
3691 4101 3840 4155 ante
3881 4094 3973 4155 ln-

870 4193 1051 4268 Filio,
1085 4193 1259 4268 Quod
1304 4201 1517 4255 autem
1560 4190 1865 4265 ascendit,
1909 4190 2064 4273 quid
2106 4198 2204 4252 est
2246 4191 2367 4254 nisi
2399 4196 2448 4259 D
2479 4191 2862 4254 carnationis
2913 4189 3287 4272 mysterium
3337 4190 3683 4254 distinctio.
3727 4191 3975 4255 Praeter·

870 4293 1017 4376 quia
1036 4292 1314 4375 primum
1344 4290 1673 4353 descendit
1703 4291 1767 4352 in
1800 4289 2129 4352 inferiores
2160 4298 2368 4371 partes

868 4394 1097 4455 terrae2
1129 4389 1492 4453 Secundum
1536 4388 1874 4451 Photinum
1917 4406 2087 4462 vero,
2121 4387 2369 4451 Christo

868 4509 995 4554 non
1029 4495 1423 4572 competeret
1450 4486 1875 4562 descendisse,
1911 4488 2020 4551 sed
2052 4488 2370 4551 ascendis-

868 4608 935 4651 se
979 4595 1250 4651 tantum.

1230 4786 1719 4853 ARTICULUS
1765 4785 2013 4850 XXIV.

872 4914 1049 4982 Quid
1076 4915 1156 4973 de
1183 4913 1359 4973 Filio
1380 4912 1505 4972 Dei
1521 4910 1851 4971 Sabellius
1884 4909 2361 4969 introduxerit.

946 5082 997 5147 N
1047 5081 1275 5164 primis
1336 5080 1530 5161 igitur
1585 5098 1801 5141 veram
1862 5078 2236 5141 Trinitatem
2299 5077 2364 5140 in

977 5180 1235 5257 divinis,
1257 5198 1449 5262 quam
1481 5178 1767 5242 doctrina
1792 5176 2162 5257 evangelica
2190 5195 2366 5259 aper·

868 5287 936 5345 te
984 5279 1238 5353 fatetur,
1288 5276 1545 5359 negavit
1602 5275 1939 5351 SabelliuS,
1994 5274 2055 5337 in
2107 5274 2208 5337 his
2255 5292 2364 5358 po-

2475 4310 2571 4363 ea,
2615 4289 2774 4352 nihil
2821 4296 3081 4370 generat
3122 4306 3190 4351 se
3235 4288 3492 4371 ipsum3-
3533 4290 3643 4351 sed
3692 4290 3975 4354 Christus

2475 4390 2712 4453 dicitur
2759 4388 2978 4461 Filius,
3029 4406 3157 4451 non
3217 4394 3468 4450 tantum
3515 4388 3817 4469 Virginis,
3869 4389 3972 4453 sed

2476 4488 2585 4551 Dei
2634 4486 2830 4550 Patris
2875 4503 2889 4548 :
2923 4494 3019 4549 est
3060 4504 3212 4568 ergo
3253 4487 3378 4548 alia
3424 4504 3694 4569 persona
3731 4488 3877 4551 Filii
3915 4494 3976 4551 et

2475 4586 2692 4649 Patris.
2729 4586 2802 4647 Et
2835 4584 2887 4648 si
2930 4585 3100 4647 dicat
3138 4586 3563 4661 adversarius,
3597 4586 3766 4669 quod
3807 4588 3970 4651 idem

2476 4683 2718 4747 ratione
2756 4690 2996 4747 naturae
3036 4692 3383 4766 assumptae
3415 4684 3496 4747 sit
3524 4684 3722 4748 Filius
3757 4686 3860 4748 sui
3889 4686 3974 4769 ip—

2475 4783 2608 4846 sius
2640 4790 2900 4865 propter
2929 4791 3224 4845 naturam
3264 4791 3726 4857 assumentem,
3759 4802 3974 4847 crean-

2475 4889 2603 4945 tem
2670 4889 2732 4944 et
2801 4880 3314 4945 sanctificantem
3383 4890 3676 4945 naturam
3736 4902 3974 4947 assum·

2474 4988 2690 5063 ptam3
2734 4987 2889 5042 tunc
2945 4979 3232 5043 Christus
3281 4998 3410 5043 non
3465 4988 3563 5043 est
3611 4982 3810 5045 Filius
3867 4982 3973 5045 Dei

2475 5079 2595 5141 nisi
2639 5079 2884 5141 ratione
2912 5084 3154 5141 naturae
3195 5086 3422 5142 creatae
3465 5088 3528 5142 et
3570 5089 3918 5163 assumptae
3955 5098 3971 5143 ε

2472 5177 2641 5259 quod
2691 5177 2870 5260 prius
2920 5177 3316 5240 destructum
3367 5185 3484 5239 est.
3527 5178 3858 5254 Praeterea,
3897 5180 3972 5242 de

2470 5275 2880 5358 generatione
2926 5274 3068 5337 Filii
3117 5294 3154 5337 a
3203 5275 3340 5339 solo
3389 5275 3519 5339 Deo
3565 5276 3764 5353 Patre,
3823 5278 3970 5341 scri-
