4300 6259
589 1404 754 1448 Joann.
765 1407 865 1455 nu.

614 1520 733 1566 Ibid.
754 1535 799 1572 u,
820 1522 861 1563 9.

650 2692 734 2731 art.

890 420 1012 485 436

1518 440 1597 486 mi:
1638 439 1865 486 Lunum
1904 437 2289 485 cnnlsrlANAE
2330 436 2632 495 mmmm,
2677 436 2852 483 Lmen
2895 438 2958 484 11.
3005 456 3086 467 —
3125 440 3265 486 ΛΒΤ.
3311 441 3390 485 XL

894 607 1301 672 intellectivae
1330 610 1529 691 partis
1556 629 1595 673 a
1623 609 1831 672 Verbo
1860 608 2024 672 dixit
2051 606 2392 690 profluere.
2425 607 2476 670 A
2506 606 2688 688 ponit
2734 624 2968 689 corpus
3015 608 3246 672 Christi
3298 610 3364 672 in
3413 608 3628 693 specie
3677 610 3962 684 animalis,

892 705 1209 789 AmpliuS,
1243 725 1475 789 corpus
1505 707 1738 771 Christi
1768 708 1931 769 dixit
1958 725 2168 789 neque
2203 706 2398 787 phan-

893 804 1217 878 tasticum,
1252 805 1419 867 sicut
1446 805 1851 879 Manichaeus‚
1874 824 2083 887 neque
2112 804 2394 877 coeleste,

894 903 1063 965 sicut
1107 904 1502 978 ValentinuS‚
1550 923 1759 987 neque
1800 924 1878 967 ex
1922 903 2180 985 Virgine
2225 921 2396 965 sum-

896 1008 1103 1083 ptum,
1164 1002 1333 1065 sicut
1389 1003 1695 1066 Photinus
1742 1010 1807 1065 et
1855 1002 2207 1079 Sabellius3
2259 1001 2392 1073 sed,

894 1101 1064 1181 quod
1104 1099 1405 1163 omnibus
1448 1102 1548 1163 his
1591 1101 2015 1183 perniciosius
2054 1107 2255 1173 sonat,
2287 1099 2397 1161 ali-

896 1198 1051 1280 quid
1098 1200 1288 1262 Verbi
1346 1199 1509 1262 dixit
1567 1200 1633 1262 in
1683 1206 1973 1262 naturam
2021 1215 2392 1280 corpoream

896 1314 1278 1362 conversum
1312 1316 1327 1359 :
1358 1298 1510 1362 hinc
1542 1305 1774 1372 motuS,
1808 1298 1958 1380 quia
1989 1297 2232 1359 dictum
2273 1303 2389 1368 est,

896 1395 973 1457 Et
1025 1396 1309 1460 Verbum
1367 1415 1514 1460 caro
1569 1397 1811 1459 factum
1879 1404 1993 1459 est.
2056 1396 2233 1470 Quod
2299 1394 2392 1458 sic

894 1493 1231 1569 intellexit,
1276 1497 1597 1578 quomodo
1637 1496 1793 1558 alibi
1837 1495 2069 1576 legitur
2114 1512 2127 1557 :
2175 1495 2250 1557 Ut
2288 1512 2396 1555 au-

892 1599 1020 1655 tem
1063 1594 1344 1673 gustavit
1377 1593 1854 1656 architriclinus
1892 1611 2123 1675 aquam
2166 1592 2392 1654 vinum

885 1690 1141 1752 factam.
1184 1691 1361 1765 Quod
1405 1691 1549 1754 ideo
1590 1692 1836 1753 dictum
1880 1692 2137 1753 videtur
2183 1708 2197 1752 :
2241 1708 2389 1752 nam

2506 722 2715 785 neque
2744 704 2910 767 sicut
2941 725 3122 769 mens
3152 707 3372 770 unitur
3410 708 3677 790 corpori.
3709 709 3814 771 Est
3839 727 3968 789 ergo

2508 802 2572 864 in
2605 802 2876 879 Christo,
2909 804 3067 868 citra
3095 806 3395 881 Verbum,
3431 807 3863 891 intellectualis
3888 827 3970 870 es-

2508 900 2712 962 sentia
2743 902 3025 984 speciem
3057 910 3383 986 praestans.
3409 906 3731 980 Praeterea,
3761 906 3974 988 impos-

2507 998 2696 1060 sibile
2734 1006 2834 1062 est
2873 999 3116 1083 aliquid
3160 1002 3312 1083 poni
3353 1004 3420 1066 in
3465 1004 3678 1085 specie
3719 1004 3849 1066 sine
3887 1004 3974 1066 his

2507 1115 2650 1177 quae
2679 1104 2830 1158 sunt
2866 1097 2944 1160 de
2983 1097 3228 1162 ratione
3267 1100 3529 1182 speciei.
3564 1101 3655 1164 Ad
3690 1102 3974 1164 rationem

2505 1201 2718 1256 autem
2767 1194 3047 1258 hominis
3093 1197 3636 1281 principalissime
3679 1200 3977 1262 rationalis

2504 1292 2718 1354 anima
2755 1292 3050 1374 exigitur.
3087 1295 3236 1359 Sine
3275 1314 3351 1358 ea
3389 1315 3540 1377 ergo
3580 1297 3853 1360 Christus
3887 1316 3978 1359 ve-

2505 1408 2613 1451 rus
2645 1390 2836 1453 homo
2867 1409 2995 1454 non
3024 1391 3271 1455 fuisset.
3295 1395 3377 1456 At
3403 1412 3577 1469 vero,
3603 1394 3976 1477 impossihile

2503 1494 2601 1549 est
2647 1490 2979 1554 materiam
3027 1490 3362 1554 informari
3411 1491 3618 1556 forma
3665 1492 3977 1556 substanti-

2500 1584 2610 1658 ali,
2651 1593 2716 1649 et
2758 1604 2887 1650 non
2931 1589 3143 1651 sortiri
3189 1590 3473 1671 speciem
3517 1589 3597 1653 ab
3641 1608 3759 1653 ea:
3791 1591 3978 1653 forma

2502 1682 2676 1746 enim
2720 1684 2828 1745 dat
2868 1704 3026 1748 esse.
3063 1686 3216 1749 Esse
3257 1706 3412 1751 vero
3456 1688 3707 1751 nullum
3747 1689 3978 1752 exsistit

887 1787 953 1850 in
984 1788 1207 1851 vinum
1249 1807 1414 1871 aqua
1453 1807 1761 1852 conversa
1799 1796 1913 1851 est.
1949 1788 2248 1862 Quamvis
2279 1806 2387 1849 au·
2425 1781 2472 1843 B
2503 1780 2567 1842 in
2617 1800 2685 1844 re
2735 1783 3202 1859 universaliter,
3256 1786 3369 1849 sed
3425 1795 3674 1849 tantum
3722 1786 3978 1869 singula-

883 1891 1013 1948 tem
1059 1886 1125 1949 in
1168 1886 1289 1949 hoc
1335 1906 1485 1951 cum
1528 1888 1679 1950 Ario
1722 1887 2108 1969 Apollinaris
2158 1904 2386 1949 conve-

881 1986 1037 2057 niat,
1071 1986 1239 2065 quod
1280 1985 1370 2046 ait
1397 1983 1677 2048 Verbum
1710 1985 1911 2048 fuisse
1953 1984 2203 2048 Christo
2247 1984 2385 2047 loco

881 2081 1333 2144 intellectualis
1390 2083 1641 2157 animae,
1692 2082 1976 2145 dissonat
2031 2090 2246 2146 tamen
2302 2082 2382 2144 ab

878 2179 1051 2252 Ario,
1099 2198 1343 2261 ponens
1389 2179 1669 2243 Verbum
1720 2181 1829 2243 Dei
1879 2198 2104 2242 verum
2153 2181 2376 2243 Deum.

880 2276 1057 2340 Unde
1106 2284 1167 2340 et
1218 2277 1541 2340 Christum
1590 2277 1825 2341 fatetur
1872 2280 2073 2341 Deum
2127 2296 2376 2353 verum,

880 2376 1051 2438 sicut
1091 2383 1155 2438 et
1198 2376 1531 2439 Sabellius.

958 2473 1102 2537 Haec
1141 2475 1358 2537 omnia
1398 2482 1613 2537 autem
1657 2474 1844 2539 facile
1888 2475 2194 2539 confundi
2240 2493 2381 2558 pos-

878 2580 1045 2635 sunt.
1099 2573 1305 2646 Quum
1354 2574 1527 2636 enim
1583 2575 1937 2637 secundum
1994 2582 2380 2657 praeostensa

802 2670 946 2733 u.in
1006 2671 1235 2753 prim0,
1289 2672 1455 2735 Deus
1512 2672 1597 2734 sit
1651 2673 1915 2736 omnino
1964 2672 2377 2755 impartibilis

2501 1878 2672 1941 riter.
2726 1879 2976 1944 Etenim
3027 1882 3190 1945 nihil
3245 1891 3344 1947 est
3399 1884 3465 1947 in
3523 1904 3776 1967 genere,
3825 1886 3977 1967 quod

2499 1994 2626 2040 non
2657 1978 2740 2040 sit
2771 1979 2838 2042 in
2869 1979 3082 2062 aliqua
3119 1981 3484 2063 specierum
3514 1984 3676 2065 ejus.
3711 1984 3774 2047 Si
3805 1983 3977 2065 igitur

2499 2074 2566 2137 in
2613 2075 2863 2140 Christo
2915 2085 3051 2141 erat
3099 2079 3314 2142 anima
3366 2088 3620 2143 tantum
3671 2082 3976 2155 sensitiva,

2497 2174 2774 2255 ponebat
2815 2193 3048 2258 corpus
3097 2177 3162 2240 in
3205 2180 3421 2259 specie
3461 2180 3760 2243 animalis
3805 2198 3822 2242 z
3863 2197 3976 2243 non

2495 2272 2718 2353 utique
2756 2273 3072 2349 rationali,
3107 2275 3239 2348 sed,
3275 2276 3442 2358 quod
3485 2277 3614 2339 dici
3659 2278 3834 2341 nel'as
3869 2285 3974 2352 est,

2495 2368 2886 2451 irrationali;
2930 2379 2994 2433 et
3035 2382 3459 2456 sequerentur
3499 2392 3573 2437 ea
3616 2395 3760 2458 quae
3801 2376 3976 2439 nimis

2491 2466 2768 2530 absurda
2809 2476 2976 2531 sunt.
3022 2470 3339 2554 Amplius,
3386 2471 3560 2535 illius
3605 2474 3842 2555 speciei
3881 2494 3976 2537 na-

2490 2572 2697 2628 turam
2718 2566 3001 2629 Verbum
3029 2568 3399 2651 assumpsit,
3431 2589 3582 2633 cum
3612 2590 3741 2653 qua
3771 2581 3976 2635 natura

2487 2671 2816 2747 assumpta
2850 2683 2888 2726 a
2925 2665 3135 2730 Verbo
3174 2668 3722 2733 vehementiorem
3767 2672 3976 2752 magis·

602 4062 836 4115 nsua-t.
868 4046 1163 4128 superius
1203 4045 1549 4108 deductum
1593 4053 1707 4108 est.

875 2777 939 2832 et
972 2767 1416 2844 immutabilis,
1448 2769 1502 2831 si
1530 2769 1774 2853 aliquid
1814 2771 1904 2847 de·
1931 2778 2158 2833 natura
2184 2769 2377 2833 Verbi
2485 2780 2606 2843 que
2635 2763 3040 2826 essentialem
3072 2765 3562 2829 similitudinem
3591 2767 3804 2832 habel..
3819 2770 3976 2844 Quod

873 2866 941 2928 in
986 2884 1244 2929 caruem
1290 2885 1671 2930 conversum
1712 2875 1827 2942 est,
1860 2876 2063 2932 totum
2094 2868 2372 2931 Verbum
2485 2867 2698 2923 eutem
2745 2880 2824 2923 ex
2882 2880 3148 2945 corpore
3197 2871 3264 2927 et
3317 2865 3534 2927 anima
3581 2867 3792 2930 solum
3849 2887 3976 2931 sen-

873 2982 1251 3027 conversum
1304 2964 1469 3028 foret
1514 2983 1528 3027 ς
1576 2966 1644 3027 in
1690 2966 1972 3048 simplici
2022 2966 2196 3030 enim
2246 2984 2373 3030 non
2410 2970 2452 3033 c
2484 2958 2670 3021 sitiva
2711 2968 3164 3042 congregatum
3203 2970 3322 3037 est,
3358 2971 3600 3028 naturae
3639 2964 3972 3030 irrationali

870 3069 969 3125 est
994 3063 1285 3145 accipere
1316 3071 1561 3144 partem
1592 3072 1657 3125 et
1688 3070 1959 3145 partem,
1991 3064 2177 3127 aliter
2206 3073 2374 3127 esset
2483 3055 2760 3119 similius
2789 3065 2887 3120 est
2916 3077 3109 3140 quam
3139 3061 3451 3124 rationali.
3485 3063 3614 3126 Nec
3644 3064 3822 3127 enim
3851 3065 3974 3127 dari

870 3161 1187 3243 partibile,
1252 3162 1579 3235 Praeterea,
1642 3163 1812 3245 quod
1869 3163 1937 3225 in
1994 3162 2168 3225 aliud
2229 3181 2373 3226 con-
2481 3162 2690 3236 potest
2737 3157 3023 3220 medium
3071 3158 3241 3221 inter
3280 3159 3564 3223 animam
3607 3164 3970 3245 cognosciti-

870 3259 1161 3333 vertitur‚
1214 3259 1385 3341 quod
1443 3267 1596 3333 erat,
1650 3278 1788 3323 esse
1847 3260 2083 3323 desinit
2134 3278 2147 3323 :
2200 3262 2370 3343 quod
2481 3271 2624 3315 vam
2655 3253 3030 3317 rationalem
3062 3262 3125 3319 et
3154 3256 3831 3343 irrationalem,quum
3862 3263 3970 3325 fre-

869 3357 1539 3421 incommutabilium
1567 3376 1695 3421 non
1726 3359 2367 3443 congruit.Amplius‚
2482 3358 2751 3431 quanter
2809 3352 3233 3434 praehabitum
3292 3355 3396 3430 sit,
3458 3360 3708 3440 species
3770 3379 3968 3424 rerum

866 3458 1036 3539 quod
1095 3455 1477 3537 simpliciter
1533 3456 1894 3538 perfectum
1944 3465 2062 3531 est,
2114 3476 2370 3540 semper
2480 3466 2548 3511 se
2577 3447 2813 3513 habere
2843 3450 3044 3513 instar
3072 3471 3509 3518 numerorum.
3533 3456 3765 3521 Verius
3795 3460 3972 3540 igitur

866 3554 933 3615 in
971 3554 1214 3636 optima
1251 3554 1351 3616 sui
1396 3553 1812 3636 dispositione
1853 3556 2119 3618 exsistit.
2157 3556 2222 3618 Si
2259 3575 2367 3619 au·
2477 3547 2931 3630 assumpsisset
2995 3550 3162 3642 Deus
3232 3559 3526 3616 naturam
3599 3555 3970 3621 irrationalis

864 3660 993 3714 tem
1034 3652 1099 3714 in
1140 3670 1397 3714 carnem
1436 3651 1715 3715 Verbum
1759 3670 2139 3717 conversum
2180 3653 2365 3729 foret,
2477 3646 2771 3710 animalis
2815 3666 3008 3731 quam
3051 3650 3398 3714 humanam
3445 3670 3460 3715 :
3507 3656 3678 3736 quod
3723 3674 3969 3739 prorsus

864 3768 993 3813 non
1022 3750 1161 3813 sine
1203 3769 1447 3832 magnae
1490 3751 1902 3834 perfeetionis
1943 3752 2368 3835 puritatisque
2479 3744 2898 3808 intolerabilis
2956 3764 3136 3811 error
3183 3757 3298 3811 est.
3351 3751 3566 3827 Porro,
3625 3754 3797 3817 sieut
3847 3756 3968 3837 jam

865 3867 995 3911 suae
1046 3848 1423 3931 praejudicio
1472 3849 1871 3913 incarnatum
1920 3858 2109 3925 esset,
2157 3870 2366 3933 neque
2477 3850 2696 3904 eontra
2737 3842 2957 3907 Arium
3003 3854 3521 3927 argumentatum
3571 3858 3690 3925 est,
3742 3852 3968 3917 idcireo

867 3946 1249 4028 simpliciter
1292 3948 1648 4028 perfectum
1692 3947 1855 4011 roret
1888 3966 1901 4011 :
1936 3949 2107 4032 quod
2151 3956 2365 4014 tamen
2475 3946 2768 4002 naturam
2801 3950 3077 4005 nostram
3111 3944 3278 4007 Deus
3307 3948 3680 4030 assumpsit,
3717 3959 3791 4013 ut
3831 3972 3967 4035 pur-

2474 4045 2651 4118 garet
2693 4057 2853 4101 eam.
2902 4041 3238 4104 Peccatum
3283 4052 3498 4107 autem
3541 4053 3605 4109 et
3646 4047 3792 4128 ejus
3830 4069 3966 4132 pur-

949 4143 1125 4217 Quod
1167 4150 1380 4205 autem
1426 4143 1589 4205 dixit
1630 4144 1907 4207 Verbum
1956 4144 2093 4208 1000
2134 4146 2366 4211 animae
2395 4152 2444 4215 D
2474 4137 2642 4217 gatio
2701 4138 2871 4201 circa
2929 4139 3392 4206 intellectivam
3449 4144 3680 4209 animae
3731 4156 3963 4230 partem

869 4241 1069 4303 fuisse
1116 4240 1564 4303 intellectualis
1610 4242 1673 4303 in
1720 4242 1990 4316 Christo,
2039 4244 2196 4306 rude
2243 4254 2359 4307 est.
2475 4234 2806 4315 potissime
2849 4238 3224 4300 consistunt·
3261 4240 3489 4304 Decuit
3529 4261 3680 4325 ergo
3718 4248 3964 4327 penitus

631 4364 716 4406 ιιι-ι.
738 4375 835 4407 xxv.
866 4338 1266 4403 Declaratum
1297 4347 1391 4401 est
1421 4340 1595 4403 enim
1626 4340 1693 4402 in
1731 4340 1962 4422 prim0,
1994 4342 2164 4423 quod
2197 4343 2362 4406 Deus
2473 4334 2844 4397 rationalem
2903 4336 3182 4399 enimam
3239 4340 3506 4403 assumi.
3561 4342 3700 4405 Alia
3759 4353 3964 4409 autem

864 4438 947 4500 sit
1005 4455 1165 4520 pura
1222 4437 1287 4499 in
1338 4454 1405 4499 se
1462 4437 1818 4501 subsistens
1876 4439 2147 4515 bonitas,
2197 4441 2358 4504 nulli
2471 4431 2620 4494 huie
2668 4433 2868 4495 errori
2916 4433 3113 4515 objici
3159 4444 3440 4517 possent,
3493 4439 3603 4502 sed
3653 4443 3964 4522 posterius

861 4554 1121 4620 prorsus
1168 4535 1249 4598 ob
1300 4536 1398 4597 sui
1450 4535 1988 4619 supersublimem
2038 4538 2359 4603 exaltatio·
2466 4536 2826 4611 tangentur·

860 4652 1007 4696 nem
1056 4632 1410 4696 formaliter
1467 4633 1968 4697 commiscibilis.
2020 4636 2158 4698 Non
2205 4656 2355 4717 ergo

860 4739 1067 4815 potest
1093 4749 1233 4794 esse
1263 4739 1439 4793 actus
1472 4732 1775 4813 corporis.
1809 4733 2053 4809 Adhuc,
2090 4736 2354 4799 materia

855 4839 919 4894 et
948 4830 1154 4895 forma
1183 4830 1658 4912 proportionem
1694 4833 2047 4913 requirunt.
2069 4833 2348 4897 Verbum

849 4937 1089 5003 autem,
1122 4947 1323 5011 quum
1364 4929 1444 4992 sit
1485 4948 1674 4992 verus
1714 4930 1879 4994 Deus
1916 4939 1982 4995 et
2016 4932 2346 4996 infinitum

850 5028 916 5091 in
975 5028 1343 5109 semetipso,
1396 5027 1557 5089 nulli
1609 5028 1861 5110 corpori
1909 5031 2347 5112 proportiona-

847 5126 906 5189 le
948 5134 1063 5190 est.
1108 5126 1244 5189 Non
1300 5125 1492 5207 igitur
1538 5126 1661 5189 erit
1706 5127 1901 5189 alicui
1951 5127 2090 5192 loco
2134 5131 2342 5213 speci-

844 5223 987 5289 ficae
1033 5242 1109 5287 ac
1160 5223 1466 5286 ultimatae
1511 5224 1939 5305 perfectionis.
2000 5227 2137 5289 Non
2189 5245 2340 5311 ergo

2869 4742 3360 4811 ARTICULUS
3405 4746 3550 4811 XL.

2529 4872 2772 4931 Contra
2821 4876 3238 4935 Valentinum
3285 4878 3462 4937 circa
3505 4892 3897 4955 prce-sentem

3029 4966 3396 5026 materiam.

2593 5126 3022 5193 ALENTINUS
3051 5132 3414 5215 autem,qui
3446 5136 3642 5201 etiam
3673 5150 3955 5207 naturam

2622 5242 2992 5311 corpoream
3050 5235 3370 5293 terrenam
3426 5251 3467 5295 a
3511 5234 3774 5303 diabolo
3831 5260 3954 5307 cre-
