4300 6259
887 455 1010 522 322

1469 476 1549 523 DE
1590 477 1818 524 mmm:
1861 473 2245 523 cnnlsrlANAE
2290 473 2592 532 mcum,
2638 474 2814 521 LIBER
2855 476 2895 520 1.
2943 491 3023 504 -
3063 475 3206 522 ART.
3252 475 3413 521 Lxxv

888 645 1147 710 entibus
1187 648 1251 709 id
1289 647 1460 730 quod
1505 655 1760 710 naturas
1803 665 2024 710 eorum
2069 645 2387 709 concomi-
2414 645 2467 708 A
2496 651 2631 708 tum
2682 645 3110 729 privatione83
3155 661 3487 727 quumque
3534 643 3667 708 sint
3713 642 3978 724 provisa,

887 753 1076 808 tatur.
1111 747 1444 828 Proprium
1482 754 1580 809 est
1616 753 1828 809 autem
1869 745 2389 826 contingentibus

892 851 964 906 ut
1019 844 1305 907 vicissim
1361 843 1666 907 deficiant
1712 864 1749 905 a
1795 843 1977 906 finali
2028 844 2127 906 sui
2178 843 2389 924 perfe-

891 941 1119 1004 ctione.
1171 942 1306 1004 Non
1356 959 1506 1022 ergo
1553 942 1738 1004 decet
1793 949 1866 1004 ut
1912 941 2389 1023 corruptionem

890 1047 956 1102 et
985 1039 1565 1102 monstruositatem
1599 1047 1664 1101 et
1701 1040 2056 1102 naturalem
2087 1056 2389 1120 quarum-

890 1138 1036 1199 dam
1067 1137 1425 1218 specierum
1458 1136 1865 1199 inimicitiam
1897 1137 2076 1199 tollat
2109 1154 2123 1198 :
2159 1137 2291 1198 imo
2324 1136 2387 1197 in

889 1235 990 1296 his
1021 1234 1314 1297 consistit
1340 1235 1495 1297 ordo
1525 1253 1765 1309 rerum,
1799 1242 1864 1296 et
1900 1234 2144 1297 relucet
2183 1232 2390 1315 perfe-

889 1333 1016 1395 ctio
1071 1333 1375 1395 universi.
1427 1332 1582 1395 Nam
1635 1340 1700 1396 et
1745 1332 2038 1414 opposita
2081 1333 2263 1413 juxta
2321 1350 2389 1393 se

889 1432 1114 1514 posita,
1165 1430 1500 1513 limpidius
1553 1431 1944 1494 elucescunt.
1997 1466 2074 1476 —
2124 1431 2214 1492 Ad
2266 1437 2390 1492 ter-

889 1530 1053 1592 tium
1093 1529 1462 1603 dicendum,
1505 1529 1675 1610 quod
1715 1529 1938 1610 utique
1989 1528 2389 1612 providentia

889 1645 1017 1690 non
1046 1627 1308 1690 fallitur.
1323 1627 1777 1689 Verumtamen
1808 1627 2253 1688 necessitatem
2284 1643 2390 1688 en-

888 1725 1062 1786 tibus
1092 1725 1392 1787 omnibus
1421 1741 1550 1786 non
1583 1724 1857 1807 imponit
1891 1741 1904 1785 :
1941 1725 2080 1806 ipse
2112 1741 2389 1804 namque

2496 743 2618 805 erit
2646 760 2867 806 eorum
2900 743 3301 824 providentia
3343 761 3533 805 causa
3566 759 3581 804 ε
3617 741 3751 804 haec
3788 740 3889 803 vel
3928 741 3981 802 ei

2498 841 2730 903 similis
2781 842 2939 903 ratio
2986 841 3171 904 duxit
3210 840 3649 923 Apollinarem
3694 840 3761 901 in
3804 839 3985 901 haere-

2498 939 2645 1012 sim,
2698 946 2769 1000 ut
2814 939 3057 1002 diceret
3101 938 3384 1002 animam
3432 937 3807 1000 rationalem
3868 953 3985 1000 non

2500 1037 2699 1100 creari
2758 1055 2795 1098 a
2854 1038 3002 1111 Dec,
3055 1037 3165 1099 sed
3216 1037 3481 1118 produci
3542 1055 3580 1098 a
3632 1041 3984 1116 generante.

2499 1135 2719 1216 Arguit
2764 1135 3003 1218 quippe
3051 1136 3138 1198 ita
3178 1152 3193 1196 ε
3237 1136 3403 1197 Dans
3453 1133 3988 1216 complementum

2498 1236 2677 1316 operi
2733 1242 3110 1316 cooperatur
3165 1233 3375 1315 agenti
3440 1251 3455 1294 :
3508 1232 3562 1295 si
3619 1250 3771 1312 ergo
3830 1238 3989 1292 creat

2490 1333 2667 1396 'Deus
2707 1332 2953 1396 animas
2986 1351 3125 1414 quae
3168 1331 3611 1395 fornicationis
3650 1339 3713 1393 et
3750 1339 3987 1411 stupra-

2498 1430 2690 1492 tionis
2732 1438 2943 1492 actum
2998 1430 3531 1504 concomitantur‚
3574 1436 3731 1490 tunc
3775 1427 3987 1507 hujus·

2498 1529 2746 1591 cemodi
2776 1528 3026 1591 actibus
3058 1529 3195 1611 ipse
3224 1529 3401 1590 daret
3430 1527 3985 1609 complementum,

2498 1634 2561 1688 et
2626 1645 2705 1690 ex
2771 1627 3188 1708 consequenti
3256 1633 3708 1708 cooperaretur
3762 1623 3984 1705 agenti.

2500 1724 2670 1787 Solet
2701 1725 2967 1806 proinde
2998 1725 3131 1787 haec
3166 1724 3325 1786 ratio
3354 1723 3517 1786 solvi
3550 1739 3564 1784 t
3598 1723 3753 1806 quia
3782 1722 3992 1800 hujus-

890 1823 1054 1886 Deus
1097 1841 1212 1884 sua
1248 1829 1484 1885 oeterna
1523 1830 1714 1904 atque
1759 1821 2040 1903 perfecta
2084 1820 2387 1904 praeagni-
2417 1825 2465 1888 B
2500 1823 2673 1884 modi
2728 1822 3091 1884 actionibus
3148 1821 3256 1884 dat
3314 1820 3867 1903 complementum
3932 1819 3991 1880 in

888 1923 1062 1985 tione
1111 1941 1366 1985 omnem
1413 1930 1704 1984 naturam
1751 1921 2081 2002 praevenit,
2127 1919 2270 2000 ejus
2316 1919 2391 1980 li-

888 2020 1202 2084 bertatem
1245 2029 1308 2083 et
1349 2020 1849 2101 contingentiam
1892 2018 2176 2092 sciend0,
2220 2019 2387 2080 ideo-

890 2138 1015 2201 que
1075 2119 1253 2181 novit
1308 2136 1434 2200 quo
1482 2137 1550 2181 se
1597 2117 2102 2200 unumquodque
2161 2122 2384 2190 vertet,

888 2226 999 2280 aut
1027 2217 1183 2299 quid
1215 2218 1426 2298 potius
1465 2216 1674 2297 eliget.
1711 2216 1788 2277 Et
1831 2216 2084 2297 quando
2126 2214 2383 2287 dicitur,

889 2316 1026 2379 Non
1072 2321 1280 2398 potest
1323 2332 1451 2377 non
1496 2315 1778 2388 evenire,
1825 2313 2171 2376 dicendum
2216 2313 2386 2395 quod

890 2431 1018 2476 non
1050 2414 1340 2495 sequitur
1373 2431 1387 2474 z
1415 2413 1578 2475 Deus
1609 2413 1890 2494 providit
1917 2413 2037 2474 hoc
2067 2411 2383 2485 futurum,

889 2528 1040 2593 ergo
1070 2511 1189 2574 hoc
1220 2511 1580 2573 necessario
1608 2509 1741 2572 fiet.
1778 2509 2181 2572 Providentia
2208 2527 2385 2570 nam-

888 2626 1013 2690 que
1043 2625 1171 2670 non
1201 2615 1298 2670 est
1327 2607 1618 2690 proxima
1647 2607 1757 2670 sed
1788 2614 2032 2669 remota
2059 2624 2251 2668 causa
2273 2623 2286 2667 ε
2306 2624 2385 2668 ex

887 2707 1196 2788 proximis
1253 2713 1466 2768 autem
1527 2705 1736 2767 causis
1793 2706 2056 2767 sortitur
2111 2703 2385 2766 effectus

884 2805 1350 2867 necessitatem.
1415 2803 1491 2864 Et
1547 2803 1602 2865 si
1660 2802 1932 2875 dicatur,
1996 2801 2197 2865 Causa
2255 2819 2383 2864 non

883 2908 1091 2984 potest
1133 2901 1434 2976 deficere,
1468 2918 1618 2981 ergo
1662 2919 1782 2963 nec
1825 2899 2139 2979 effectus3
2173 2900 2385 2962 dicen-

2499 1927 2809 2002 quantum
2841 1919 3161 1982 naturales
3193 1927 3364 1993 sunt,
3396 1920 3527 1980 vim
3566 1917 3871 1980 videlicet
3896 1935 3993 1978 ve·

2496 2017 2791 2099 getabilis
2831 2017 3063 2080 animae
3102 2024 3600 2098 consequentes3
3632 2017 3747 2078 sed
3778 2033 3994 2077 secun-

2496 2118 2649 2178 dum
2695 2117 2865 2198 quod
2908 2114 3277 2178 referuntur
3312 2116 3391 2176 ad
3430 2114 3831 2177 voluntatem
3870 2132 3995 2176 cor·

2498 2221 2774 2297 ruptam,
2826 2215 2917 2276 sic
2977 2214 3159 2276 malae
3207 2221 3379 2288 sunt,
3432 2231 3553 2275 nec
3608 2214 3703 2276 sic
3752 2213 3863 2274 dat
3906 2212 3993 2274 eis

2496 2313 2751 2376 Creator
2778 2311 3344 2394 complementum.
3370 2313 3459 2374 Ita
3489 2319 3554 2374 et
3580 2329 3759 2373 nunc
3789 2311 3995 2373 dicen-

2494 2411 2671 2484 dum,
2722 2411 2893 2492 quod
2942 2409 3007 2472 in
3057 2409 3234 2472 omni
3280 2416 3427 2471 actu
3474 2409 3828 2471 criminoso
3873 2409 3993 2470 duo

2494 2509 2953 2572 consideranda
2982 2516 3133 2570 sunt
3155 2525 3169 2570 t
3192 2515 3371 2570 actus
3401 2506 3726 2580 videlicet,
3760 2514 3827 2569 et
3852 2506 3995 2568 acti·

2492 2606 2634 2669 onis
2665 2605 3028 2688 obliquitas
3052 2604 3339 2668 Actionis
3360 2605 3639 2688 denique
3659 2612 3763 2668 est
3782 2605 3995 2668 volun·

2493 2712 2587 2766 tas
2619 2722 2831 2778 causa,
2864 2704 2930 2765 in
2961 2710 3273 2786 quantum
3304 2723 3343 2766 a
3374 2704 3501 2766 Deo
3530 2711 3703 2778 est,a
3734 2721 3868 2786 quo
3904 2711 3995 2766 est

2492 2803 2703 2866 omnis
2751 2809 3029 2885 potestas
3078 2810 3144 2864 et
3189 2802 3397 2882 acti03
3440 2802 3551 2866 sed
3598 2802 3995 2884 obliquitatis

2493 2919 2686 2964 causa
2732 2908 2829 2963 est
2870 2901 3227 2962 secundum
3272 2899 3441 2982 quod
3486 2919 3565 2963 ex
3607 2900 3820 2964 nihilo
3861 2919 3994 2983 pro·

884 2999 1060 3074 dum,
1079 3000 1249 3082 quod
1279 2998 1552 3061 effectus
1585 2999 1651 3060 in
1680 2999 1905 3060 ordine
1933 2998 2011 3060 ad
2045 2998 2383 3081 providen-
2421 3000 2464 3064 C
2495 2999 2687 3061 cessit
2716 3000 2784 3060 in
2813 3006 3061 3072 esse,ut
3087 2999 3177 3060 ait
3206 2998 3544 3080 Dionysius
3563 3016 3577 3059 :
3596 2998 3689 3061 sic
3720 3017 3996 3081 namque

759 3121 764 3124 ·
883 3099 1040 3160 tiam
1083 3098 1274 3161 habet
1311 3097 1779 3171 necessitatem,
1813 3096 1924 3159 sed
1966 3096 2073 3158 illa
2111 3097 2386 3159 necessi-

882 3204 980 3258 tas
1030 3213 1156 3258 non
1205 3203 1303 3258 est
1348 3193 1659 3269 absoluta,
1705 3195 1816 3257 sed
1861 3194 2271 3270 conditioniS‚
2315 3200 2387 3257 ut

887 3294 1099 3356 statim
1144 3293 1378 3356 clarius
1422 3293 1680 3374 patebit.

968 3392 1061 3455 Ad
1095 3390 1395 3454 ultimum
1432 3391 1799 3465 dicendum,
1832 3391 2001 3473 quod
2048 3397 2386 3474 peccatum

890 3490 1244 3553 formaliter
1272 3488 1436 3551 nihil
1465 3496 1583 3562 est,
1617 3507 1826 3570 neque
1857 3488 2235 3564 subsistens,
2269 3507 2388 3552 nec

894 3589 960 3651 in
990 3587 1364 3650 subsistenti
1393 3587 1728 3660 exsistenS,
1762 3586 2116 3649 secundum
2161 3587 2388 3670 Diony·

769 3717 863 3746 ‚m
893 3687 1061 3749 sium
1111 3686 1177 3748 in
1227 3685 1392 3748 libro
1441 3685 1815 3747 Divinorum
1875 3685 2209 3747 nominum
2260 3704 2275 3748 :
2325 3693 2391 3749 et

895 3784 1038 3847 ideo
1088 3801 1215 3846 non
1253 3782 1447 3847 habet
1494 3801 1755 3845 causam
1803 3781 2225 3858 efficientem,
2277 3784 2387 3846 sed

894 3882 1326 3956 deficientem,
1378 3899 1496 3944 nec
1544 3881 1910 3962 agnoscitur
1954 3880 2140 3943 aliter
2196 3901 2389 3964 quam

893 3989 966 4043 ut
1022 3980 1297 4063 privatio
1355 3999 1469 4061 per
1524 3979 1837 4041 habitum.
1890 3978 2028 4041 Non
2087 3987 2185 4041 est
2242 3998 2392 4061 ergo

896 4080 1060 4141 Deus
1120 4097 1311 4141 causa
1359 4077 1625 4160 peccati,
1677 4078 1788 4140 sed
1839 4096 2029 4140 causa
2075 4078 2391 4141 ordinato·

2494 3104 2589 3160 est
2645 3097 2786 3178 ejus
2847 3097 3060 3180 potius
3117 3096 3397 3160 deficere
3455 3115 3651 3178 quam
3707 3097 3989 3161 efficere.

2496 3195 2674 3259 Cadit
2702 3212 2852 3276 ergo
2882 3195 3002 3256 sub
3037 3195 3434 3277 providentia
3466 3195 3531 3257 id
3570 3196 3745 3277 quod
3776 3197 3993 3259 entita-

2438 3323 2447 3334 ·
2494 3294 2577 3355 tis
2616 3300 2714 3355 est
2756 3294 2818 3355 in
2860 3293 3038 3355 omni
3084 3292 3289 3371 ma103
3321 3293 3432 3355 sed
3472 3292 3824 3375 obliquitas
3864 3295 3993 3376 ipsa

2496 3400 2559 3455 et
2606 3392 2989 3474 perversitas
3038 3409 3373 3474 processus
3432 3391 3723 3467 minime,
3782 3393 3995 3456 imme-

2498 3491 2666 3552 diate
2702 3489 3005 3553 videlicet
3040 3497 3105 3552 et
3140 3490 3381 3552 directe
3430 3507 3559 3552 non
3600 3490 3843 3553 eadunt
3880 3491 3992 3554 sub

2500 3588 2917 3670 providentia.
2950 3588 3261 3662 Quoniam
3290 3587 3529 3650 etenim
3570 3606 3765 3651 omne
3810 3607 3994 3670 agens

2498 3688 2629 3768 agit
2667 3686 2746 3749 ad
2792 3686 3253 3748 beatitudinem
3297 3685 3631 3760 festinanS,
3675 3687 3765 3749 ob
3809 3705 3995 3769 quam

2498 3785 2739 3866 geritur
2776 3783 3092 3867 quidquid
3132 3784 3412 3865 geritur3
3444 3801 3633 3865 agere
3662 3803 3823 3848 vero
3866 3803 3997 3868 pro-

2501 3892 2641 3966 pter
2698 3882 3159 3946 beatitudinem
3228 3901 3340 3945 seu
3408 3883 3635 3956 finem,
3696 3884 3999 3966 competit

2499 3989 2740 4045 naturae
2776 4001 2854 4044 ex
2903 3981 3255 4044 directione
3292 3988 3358 4044 et
3394 3981 3823 4063 impressione
3862 3981 3997 4044 ulti·

2502 4081 2589 4142 mi
2623 4080 2796 4154 finis,
2817 4080 2926 4162 qui
2958 4081 3123 4144 Deus
3154 4087 3286 4142 est:
3312 4080 3464 4142 hinc
3494 4080 3813 4163 sequitur,
3832 4079 3995 4164 quod

895 4194 1039 4239 rum
1076 4184 1142 4239 et
1181 4184 1520 4239 rectorum.
1555 4175 1888 4237 Peccatum
1935 4192 2085 4237 vero
2125 4193 2253 4238 non
2296 4182 2393 4237 est
2420 4180 2471 4243 D
2498 4180 2781 4242 actiones
2820 4179 3175 4242 secundum
3216 4177 3387 4261 quod
3424 4178 3721 4241 ordinem
3763 4179 3995 4241 babent

693 4289 870 4335 ibidem.
899 4274 1023 4337 nisi
1063 4292 1348 4337 recessus
1378 4273 1458 4336 ab
1487 4273 1732 4347 ordine,
1765 4273 2119 4336 secundum
2162 4273 2392 4357 Diony-

897 4373 1066 4436 sium
1100 4390 1116 4451 ;
1171 4373 1440 4454 ideoque
1490 4371 1733 4454 peccati
1795 4388 1924 4433 non
1980 4378 2077 4433 est
2133 4373 2391 4453 proprie

895 4470 1462 4552 providentiatnon
1495 4469 1664 4531 enim
1696 4470 1863 4531 cadit
1891 4468 2009 4530 sub
2040 4469 2391 4533 intentione

893 4568 1311 4651 providentiae
1355 4567 1478 4630 nisi
1523 4566 1858 4650 dispositio
1899 4585 2136 4641 rerum,
2170 4575 2389 4650 utpote

891 4666 1044 4729 finis
1075 4674 1138 4729 et
1167 4685 1242 4729 ea
1269 4685 1411 4747 quae
1441 4672 1592 4727 sunt
1634 4664 1698 4727 in
1743 4664 1946 4727 finem
1985 4665 2384 4728 ordinabilia.

891 4765 1066 4829 Unde
1097 4770 1434 4846 peccatum
1467 4763 1801 4845 praescitur
1831 4781 1944 4844 per
1973 4782 2163 4825 suum
2193 4780 2390 4847 oppo-

889 4865 1104 4928 situm.
1140 4862 1231 4926 Ob
1261 4863 1382 4925 hoc
1426 4861 1750 4943 equidem,
1783 4861 2078 4944 quamvis
2119 4862 2386 4925 scientia

889 4961 999 5025 Dei
1033 4962 1114 5024 sit
1153 4979 1368 5023 rerum
1407 4978 1619 5032 causa,
1654 4959 1896 5022 malum
1937 4977 2193 5043 quoque
2232 4981 2387 5043 prae-

885 5061 1120 5123 scitum
1164 5060 1268 5132 sit,
1313 5075 1442 5121 non
1485 5065 1584 5120 est
1624 5065 1836 5120 tamen
1879 5059 2146 5121 scientia
2190 5059 2385 5140 primi

888 5177 1078 5221 causa
1129 5157 1300 5219 mali.
1334 5157 1542 5231 Quum
1591 5157 1785 5236 igitur
1830 5155 2086 5230 dicitur,
2121 5157 2383 5219 Furtum

889 5264 954 5320 et
980 5262 1276 5346 stuprum
1307 5262 1486 5317 actus
1515 5254 1774 5336 quidem
1809 5262 1959 5317 sunt
1987 5262 2052 5317 et
2079 5273 2207 5318 non
2248 5262 2381 5318 tan-

2499 4278 2577 4340 ad
2608 4277 2961 4339 naturalem
2992 4277 3374 4358 appetitum,
3406 4277 3641 4339 cadunt
3670 4277 3795 4340 sub
3832 4278 3994 4340 ordi-

2501 4375 2753 4438 natione
2798 4375 3255 4457 providentiae3
3298 4375 3407 4437 sed
3450 4375 3516 4436 in
3560 4383 3879 4456 quantum
3918 4376 3993 4437 ad

2501 4493 2873 4557 perversum
2930 4473 3251 4555 judicium
3307 4473 3573 4537 rationis
3617 4493 3695 4536 ac
3746 4475 3995 4537 infectae

2501 4573 2845 4635 voluntatis
2902 4572 3315 4646 reducuntur,
3386 4589 3513 4634 non
3580 4573 3825 4634 cadunt
3880 4571 3996 4635 sub

2500 4671 2851 4733 intentione
2882 4671 3297 4752 providentiae
3324 4669 3575 4751 singula
3607 4670 3673 4732 in
3706 4671 3997 4754 proprios

2496 4767 2665 4830 fines
2706 4767 3059 4848 dirigentis.

2834 5027 3323 5094 ARTICULUS
3369 5027 3644 5093 LXXV.

2491 5173 2588 5232 De
2615 5170 2995 5247 differentia
3022 5169 3308 5244 duplicis
3335 5170 3595 5228 ordinis
3622 5171 3991 5232 subdivina

2771 5259 3197 5334 providentia
3234 5259 3697 5334 comprehensi.
