4300 6259
135 1393 230 1430 art.
271 1402 396 1439 xxx,

111 1465 236 1501 xum,
259 1465 396 1496 κων.

1025 510 1106 556 nss
1145 511 1374 557 tumtur.
1416 511 1799 558 cflmsuANAE
1841 511 2143 570 Tuscum,
2190 513 2367 560 unna
2410 513 2447 560 1.
2496 531 2575 542 —
2615 515 2755 560 ΛΒΤ.
2800 515 2941 561 vat

3404 495 3519 561 311

425 695 648 741 sorum
677 680 960 762 primum
990 700 1180 744 causa
1217 690 1334 754 est,
1368 702 1568 766 quum
1606 683 1924 766 optimum
1955 683 2008 746 Α
2036 683 2206 766 cipio
2245 685 2627 766 dirigeretur
2658 703 2673 748 t
2707 705 2783 748 ex
2816 706 2883 750 se
2914 705 3191 768 namque
3230 705 3355 750 non
3402 685 3526 748 nisi

423 778 674 840 entium
705 779 788 840 sit
817 779 1190 842 eorumdem
1231 781 1404 843 ordo.
1439 781 1560 844 Sed
1591 782 1746 844 ordo
1787 783 1924 844 uni·

421 876 591 938 versi
625 877 692 938 in
727 878 965 960 triplici
998 878 1374 941 habitudine
1415 879 1709 942 consistit
1739 897 1754 941 t
1789 899 1926 962 par·

422 974 584 1036 tium
619 975 920 1038 videlicet
949 977 1114 1039 inter
1143 995 1234 1050 se,
1267 986 1332 1040 et
1367 979 1446 1040 ad
1485 987 1710 1052 totum,
1743 986 1806 1040 et
1845 978 1924 1040 ad

425 1091 612 1134 suum
647 1073 890 1138 fontale
931 1075 1342 1157 principium.
1377 1077 1592 1140 Totius
1631 1095 1782 1159 ergo
1825 1095 1922 1140 or-

426 1171 776 1234 dinationis
807 1172 1002 1254 hujus
1031 1181 1128 1236 est
1155 1173 1322 1238 Deus
1353 1193 1542 1238 causa
1578 1193 1592 1238 ε
1627 1177 1926 1238 universa

427 1289 578 1350 ergo
653 1271 988 1352 gubernat.
1059 1273 1306 1348 Adbuc,
1384 1275 1924 1356 quemadmodum

429 1377 886 1450 praeostensum
917 1371 1204 1444 est,sinis
1235 1373 1514 1436 universi
1547 1381 1610 1436 et
1637 1375 1926 1436 omnium

427 1485 646 1530 rerum
689 1488 1016 1532 summum
1069 1469 1330 1544 bonum,
1377 1479 1474 1534 est
1521 1472 1739 1535 divino
1787 1491 1926 1534 esse

421 1567 769 1630 assimilari
806 1586 820 1630 :
857 1577 1116 1651 propter
1153 1570 1322 1650 quod
1361 1570 1524 1632 dixit
1567 1571 1756 1642 Plat0,
1790 1573 1926 1654 opi-

423 1667 622 1729 ficem
655 1667 856 1730 Deum
895 1677 1124 1732 cuncta
1165 1670 1540 1750 produxisse
1587 1678 1656 1732 ut
1694 1670 1926 1734 divinae

420 1763 844 1826 beatitudinis
879 1766 1060 1845 juxta
1101 1769 1502 1849 propriarum
1553 1768 1802 1830 virium·
1840 1768 1928 1831 fa-

2035 782 2477 865 impotentiam
2510 785 2701 847 habet
2731 785 3008 848 fixioniS.
3046 787 3340 868 Ideoque,
3364 786 3531 848 sicut

2033 898 2225 944 omne
2286 883 2733 964 imperfectum
2794 892 2855 946 et
2914 903 3027 966 per
3072 884 3391 958 accidenS,
3448 883 3527 946 ad

2033 980 2292 1061 aliquod
2326 981 2681 1062 perlectum
2722 989 2785 1044 et
2826 1001 2939 1064 per
2970 1002 3037 1044 se
3068 983 3285 1046 reduci
3316 1001 3531 1045 neces-

2035 1097 2102 1140 se
2145 1086 2277 1156 est3
2311 1079 2403 1140 sic
2448 1080 2663 1142 omnia
2704 1081 2987 1152 mobilia,
3027 1081 3417 1161 generabilia
3444 1087 3533 1142 at-

2034 1195 2160 1257 que
2220 1177 2591 1258 indigentia,
2644 1179 2856 1260 ipsum
2913 1180 3106 1242 etiam
3166 1187 3409 1242 motum
3468 1185 3532 1240 et

2035 1281 2312 1356 tempuS,
2366 1277 2515 1357 quia
2572 1277 2811 1358 proprii
2871 1295 3097 1340 cursus
3155 1284 3525 1359 perpetuam

2036 1372 2243 1452 legem
2274 1381 2548 1446 servant,
2580 1374 2661 1436 ab
2692 1374 3131 1437 immobilibus
3162 1375 3369 1437 causis
3400 1375 3533 1454 regi

2036 1489 2299 1532 necesse
2330 1479 2443 1533 est.
2466 1471 2577 1534 Hic
2609 1490 2763 1552 ergo
2794 1473 3071 1535 mundus
3098 1492 3133 1534 a
3164 1491 3539 1555 supermun-

2036 1569 2217 1630 danis
2249 1569 2623 1632 substantiis
2662 1570 3070 1650 gubernatur.
3108 1571 3285 1634 Sicut
3321 1578 3533 1632 autem

2037 1686 2104 1730 se
2135 1667 2327 1729 habet
2356 1667 2461 1729 hic
2494 1670 2765 1731 mundus
2797 1669 2873 1730 ad
2906 1669 3259 1750 superiores
3290 1687 3533 1741 causaS‚

2037 1765 2130 1826 sic
2162 1767 2827 1847 supermundanarum
2868 1775 3238 1828 naturarum
3286 1767 3537 1829 univer-

419 1863 730 1925 cultatem
779 1863 992 1926 forent
1039 1865 1314 1946 capacia.
1363 1866 1520 1928 Nam
1571 1867 1924 1930 secundum
1960 1867 2008 1930 B
2039 1863 2191 1926 sitas
2221 1864 2299 1925 ad
2334 1865 2615 1946 primum
2656 1884 2771 1928 ens
2816 1865 3006 1928 habet
3048 1865 3481 1928 reductionem
3520 1883 3534 1926 ε

415 1960 854 2034 Aristotelem,
903 1963 1380 2042 generabilibus
1429 1963 1512 2026 ob
1561 1965 1622 2026 id
1672 1983 1930 2045 genera-

418 2059 620 2121 tionis
657 2059 1034 2123 vicissitudo
1064 2061 1294 2124 donata
1333 2070 1452 2134 est,
1485 2070 1800 2144 quatenus
1839 2063 1928 2125 di-

417 2159 652 2219 vinum
683 2166 748 2220 et
777 2158 1136 2222 immortale
1167 2179 1330 2232 esse,
1363 2161 1532 2242 quod
1567 2161 1628 2223 in
1664 2180 1731 2223 se
1769 2161 1926 2242 ipsis

417 2255 636 2318 l'ixum
675 2255 910 2318 habere
941 2266 1290 2338 nequeunt,
1327 2258 1388 2321 in
1435 2259 1558 2322 sibi
1601 2260 1924 2322 similibus

419 2362 778 2426 reservent,
849 2373 928 2416 ne
995 2372 1256 2436 prorsus
1320 2356 1554 2420 divinae
1623 2357 1924 2420 bonitatis

413 2451 1008 2515 communicatione
1035 2452 1796 2518 destituantur.0mnium
1829 2475 1924 2518 er-

409 2569 502 2632 go
557 2551 866 2614 naturalia
922 2553 1238 2614 desideria
1297 2553 1360 2615 in
1421 2555 1694 2636 primam
1745 2555 1926 2618 boni-

411 2657 624 2712 tatem
676 2651 957 2712 converti
1009 2651 1287 2713 student.
1341 2651 1464 2714 Hoc
1514 2661 1726 2715 autem
1787 2671 1926 2715 esse

412 2765 556 2809 non
605 2753 838 2828 posset,
883 2745 934 2808 si
977 2764 1106 2809 non
1143 2746 1224 2809 ab
1275 2747 1637 2812 institutore
1687 2757 1926 2812 naturae

411 2846 486 2908 id
545 2846 755 2926 ipsum
807 2845 1056 2906 cunctis
1114 2845 1280 2908 soret
1339 2846 1724 2928 impressum
1781 2867 1794 2910 z
1846 2848 1926 2910 ab

407 2963 497 3007 eo
533 2961 684 3024 ergo
711 2943 920 3006 omnis
951 2944 1208 3024 regendi
1241 2945 1438 3008 series
1467 2946 1778 3026 originata
1809 2954 1922 3009 est.

2037 1962 2249 2025 omnis
2280 1963 2454 2026 enim
2490 1963 2833 2026 multitudo
2874 1965 3201 2026 reducitur
3230 1964 3307 2026 ad
3342 1964 3541 2025 unita-

2039 2068 2193 2134 tem,
2228 2062 2583 2123 secundum
2616 2062 2925 2124 Proclum.
2954 2063 3235 2124 Primum
3266 2079 3417 2142 ergo
3444 2069 3543 2124 est

2041 2159 2183 2222 fons
2226 2160 2435 2221 omnis
2478 2160 2734 2222 rectivae
2780 2160 2956 2240 legis.

2121 2259 2361 2332 Denuo,
2394 2258 2645 2326 diversa
2674 2266 2737 2322 et
2776 2277 3027 2321 summe
3072 2256 3371 2321 distantia
3415 2275 3543 2320 non

2041 2355 2106 2415 in
2139 2373 2333 2416 unam
2366 2355 2877 2437 concordemque
2910 2354 3114 2436 legem
3148 2360 3401 2426 coeunt,
3426 2370 3542 2414 nec

2041 2452 2209 2516 idem
2257 2461 2589 2536 appetunt,
2640 2438 2691 2516 si
2740 2471 2865 2516 non
2910 2452 2991 2516 ab
3034 2453 3251 2534 aliquo
3296 2451 3543 2533 sapien-

2039 2551 2175 2613 tiali
2208 2551 2527 2632 principio
2558 2553 3109 2615 coordinenturzet
3136 2551 3255 2613 hoc
3285 2549 3541 2633 quidem

2039 2669 2236 2732 supra
2279 2658 2607 2712 ostensum
2652 2657 2770 2720 est,
2806 2649 2914 2711 ubi
2962 2651 3040 2712 de
3085 2650 3404 2712 creatione
3448 2665 3541 2709 re·
3567 2665 3823 2772 ecsip’m

3626 2742 3651 2771 Θ
3685 2741 3723 2770 β.

2039 2763 2184 2806 rum
2214 2745 2536 2826 agebatur.
2572 2745 2882 2818 Quoniam
2914 2746 3127 2826 itaque
3157 2743 3537 2806 universitas

2037 2843 2465 2906 secundorum
2526 2844 2589 2905 in
2643 2844 2923 2925 primum
2972 2841 3255 2904 finaliter
3312 2840 3535 2912 tendit,

2039 2942 2247 3024 palam
2308 2942 2459 3022 quia
2508 2941 2629 3004 hoc
2686 2959 2813 3004 non
2868 2941 2991 3004 nisi
3052 2959 3129 3003 ex
3189 2939 3537 3002 directione

497 3042 819 3124 AmpliuS,
862 3041 1174 3124 quidquid
1205 3042 1350 3105 aliis
1383 3044 1674 3126 providet
1705 3045 1782 3107 de
1822 3063 1928 3106 ne·
1964 3041 2008 3104 C
2039 3041 2241 3122 ipsius
2287 3039 2597 3120 contingit
2632 3057 2645 3101 ε
2680 3040 2895 3102 omnia
2926 3057 3077 3120 ergo
3110 3038 3287 3118 regit.
3322 3037 3533 3110 Porro,

405 3141 718 3204 cessat-iis
759 3141 838 3202 ad
885 3139 1108 3214 finem,
1151 3142 1463 3204 rectivum
1507 3151 1604 3205 est
1645 3143 1922 3206 illorum.

403 3237 600 3312 Quod
638 3243 850 3298 autem
899 3235 1098 3298 finem
1141 3237 1388 3300 cunctis
1429 3239 1789 3320 praestituit,
1823 3239 1928 3301 ha·

415 3335 540 3397 bet
580 3335 658 3396 dc
709 3333 936 3396 mediis
977 3333 1056 3394 ad
1097 3333 1295 3396 finem
1345 3337 1684 3418 disponere
1719 3354 1732 3398 :
1767 3355 1928 3399 vana

407 3431 666 3496 etenim
715 3438 812 3492 est
860 3431 1282 3512 providentia,
1335 3433 1386 3494 si
1439 3450 1564 3494 non
1617 3442 1796 3496 curet
1854 3453 1926 3496 ea

345 3577 354 3584 -
403 3533 566 3594 sine
594 3529 828 3612 quibus
861 3529 922 3590 id
965 3529 1134 3610 quod
1175 3529 1614 3611 principaliter
1654 3531 1926 3594 intendit

133 4239 220 4275 art-
245 4244 374 4273 mn-
405 4221 766 4286 ostensum
797 4225 893 4280 est
919 4224 1156 4288 autem,
1191 4217 1635 4279 universorum
1667 4224 1728 4279 et
1759 4235 1925 4279 com·
1957 4221 2004 4282 D
2034 4227 2359 4282 ostensum
2392 4225 2509 4288 est,
2532 4235 2693 4298 opus
2723 4224 2961 4278 naturae
2991 4223 3085 4278 est
3114 4233 3275 4298 opus
3306 4215 3529 4298 primae
3557 4245 3799 4285 arama.

407 3638 484 3692 et
551 3637 750 3700 curat,
801 3626 1024 3689 haberi
1073 3629 1315 3709 nequit.
1368 3628 1676 3701 Quoniam
1729 3629 1926 3710 igitur

403 3730 592 3791 Deus
621 3725 922 3789 omnibus
955 3725 1152 3788 finem
1187 3726 1546 3806 praestituit,
1568 3729 1816 3788 cunctis
1846 3727 1924 3788 de

401 3825 800 3890 necessariis
845 3825 922 3886 ad
975 3823 1172 3885 finem
1225 3824 1502 3906 providit
1553 3843 1567 3886 ε
1620 3832 1715 3887 est
1775 3842 1926 3906 ergo

403 3925 872 3988 universorum
902 3921 1306 4003 gubernator.
1327 3923 1669 3984 Enimvero
1698 3940 1926 4003 cogno·

403 4043 610 4086 scens
646 4029 710 4085 et
755 4021 1030 4102 diligens
1077 4029 1352 4092 causata,
1395 4021 1448 4082 si
1495 4029 1723 4103 potest,
1763 4021 1924 4101 regit

404 4140 738 4202 ea‚quum
770 4120 890 4182 hoc
921 4119 1004 4182 sit
1035 4119 1284 4181 illorum
1314 4138 1560 4182 summa
1593 4120 1921 4202 perfectio.

405 4319 724 4383 munium
755 4323 818 4378 et
847 4313 1268 4394 singularium
1309 4315 1632 4377 notionem
1663 4323 1726 4378 et
1755 4333 1924 4377 amo-

403 4437 564 4482 rem
597 4417 722 4478 Deo
761 4420 1146 4494 competere,
1181 4432 1381 4494 quum
1421 4413 1502 4474 sit
1546 4413 1680 4494 ipse
1719 4432 1928 4475 exem-

405 4516 626 4601 plaris
664 4521 854 4595 atque
895 4510 1178 4574 bonifica
1207 4529 1419 4582 causa,
1452 4512 1668 4572 omnia
1705 4531 1926 4574 amans

407 4634 570 4698 quae
613 4631 742 4675 suae
787 4617 1028 4672 naturae
1075 4608 1626 4691 participationem
1669 4609 1922 4671 habent.

407 4715 536 4778 Est
579 4727 854 4791 namque
897 4707 1274 4770 assimilatio
1314 4727 1504 4770 causa
1541 4709 1799 4780 amoriS,
1835 4727 1931 4770 se-

405 4811 710 4877 cundum
767 4807 1080 4870 Boetium.
1141 4807 1306 4868 Deus
1365 4823 1535 4886 ergo,
1589 4825 1790 4887 quum
1851 4807 1932 4867 sit

403 4905 1005 4987 incircumscriptae
1051 4905 1400 4986 potestatiS,
1435 4911 1664 4965 cuncta
1707 4903 1938 4984 guber-

411 5017 534 5072 nat
585 5025 725 5088 quae
765 5003 1068 5067 condidit.
1117 5005 1194 5064 At
1241 5018 1393 5063 vero
1445 5002 1694 5064 nullum
1747 5002 1940 5063 insta-

415 5106 590 5176 bile,
625 5103 916 5184 indigens
961 5109 1026 5162 et
1077 5099 1492 5170 multiforme,
1537 5099 1942 5161 indissolubi-

421 5206 566 5269 lem
609 5203 848 5266 babere
895 5205 1110 5281 posset
1152 5199 1683 5280 permanentiam,
1715 5199 1770 5260 si
1812 5217 1940 5260 non

411 5304 508 5369 ab
543 5299 884 5374 uniformi,
925 5297 1206 5381 simplici
1245 5315 1318 5360 ac
1365 5296 1728 5360 invariabili
1773 5297 1943 5379 prin-

2036 3137 2116 3200 ab
2169 3138 2395 3200 eodem
2445 3136 2636 3198 habet
2686 3156 2785 3200 res
2837 3155 2975 3199 esse
3024 3145 3085 3199 et
3135 3137 3297 3200 benc
3354 3155 3535 3214 esse3

2035 3237 2251 3299 omnia
2310 3243 2525 3297 autem
2578 3235 3061 3317 participatione
3120 3235 3313 3318 primi
3370 3235 3536 3298 entis

2037 3333 2395 3396 subsistunt
2429 3351 2441 3394 ε
2477 3333 2558 3394 ab
2604 3333 2713 3395 illo
2754 3351 2903 3414 ergo
2942 3332 3105 3396 bene
3144 3353 3282 3396 esse
3319 3332 3535 3415 acqui-

2037 3439 2205 3493 runt.
2241 3432 2308 3492 In
2342 3432 2653 3511 regimine
2684 3439 2897 3494 autem
2932 3439 3102 3493 recto
3134 3431 3535 3512 unumquod-

2037 3549 2162 3611 que
2194 3529 2357 3591 bene
2389 3549 2455 3590 se
2488 3529 2677 3591 habet
2704 3547 2717 3590 ε
2742 3529 2881 3592 sine
2912 3546 3059 3611 quo,
3086 3537 3255 3591 earet
3286 3528 3530 3598 ordine,

2036 3627 2377 3689 confusum
2418 3635 2481 3689 et
2522 3628 2877 3709 inquietum
2928 3646 3359 3709 perseverans.
3394 3627 3536 3688 Om-

2037 3727 2215 3788 nium
2277 3743 2425 3806 ergo
2481 3725 2859 3805 gubernatio
2914 3745 2993 3788 ex
3052 3725 3533 3806 simplicissimo

2035 3825 2227 3906 primi
2282 3824 2582 3906 principii
2634 3824 2807 3886 sonte
2868 3823 3189 3905 profluxit.
3240 3824 3527 3903 Insuper,

2035 3924 2203 3984 sicut
2244 3942 2345 3984 ars
2392 3907 2605 3984 nostra
2652 3922 2937 3984 imitatur
2981 3930 3295 3994 naturam,
3327 3940 3362 3982 a
3406 3940 3531 4003 qua

2031 4022 2221 4083 etiam
2252 4028 2506 4082 causata
2535 4019 2757 4092 est,sic
2790 4027 3011 4080 natura
3042 4017 3529 4081 intellectualem

2037 4119 2259 4200 primae
2321 4119 2553 4180 mentis
2610 4125 2810 4180 artem
2873 4125 3167 4180 sectatur.
3220 4119 3297 4180 L't
3352 4116 3526 4180 enim

2037 4336 2243 4378 causae
2267 4333 2280 4376 :
2305 4315 2609 4397 quoniam
2642 4323 2865 4376 natura
2896 4315 3255 4396 cognitione
3284 4332 3527 4389 carenS,

2039 4416 2104 4477 in
2135 4414 2233 4476 sui
2268 4413 2469 4476 finem
2504 4431 2629 4476 non
2664 4423 2789 4475 tam
2823 4413 3111 4475 ordinate
3138 4415 3528 4493 graderetur,

2039 4513 2253 4574 sinon
2296 4531 2331 4573 a
2376 4520 2797 4592 cognoscente
2842 4511 2899 4573 ei
2946 4511 3098 4574 finis
3142 4511 3533 4593 praestitutus

2041 4618 2225 4673 esset.
2268 4611 2443 4672 Sicut
2478 4611 2667 4690 igitur
2697 4610 3001 4672 naturalis
3033 4610 3153 4682 lex,
3184 4617 3411 4672 nostrae
3440 4628 3535 4670 ar-

2041 4710 2121 4771 tis
2155 4727 2346 4770 causa
2376 4716 2491 4778 est,
2526 4709 2617 4769 sic
2650 4709 2867 4770 divina
2896 4727 2998 4770 ars
3030 4716 3319 4770 naturam
3360 4708 3537 4768 insti·

2043 4807 2187 4868 tuit.
2212 4805 2337 4866 Lex
2370 4813 2583 4866 autem
2619 4805 2828 4866 civilis
2862 4804 3191 4884 regiminis
3213 4811 3276 4866 et
3296 4823 3409 4886 per
3429 4805 3541 4866 hu-

2047 4921 2301 4966 manam
2336 4910 2535 4963 artem
2570 4902 2810 4973 statuti,
2848 4920 2883 4962 a
2927 4900 3198 4961 naturali
3234 4901 3369 4982 lege
3406 4909 3543 4964 orta

2048 5009 2161 5064 est.
2196 5001 2289 5062 Fit
2322 5017 2471 5079 ergo
2503 4998 2789 5060 reductio
2829 4999 3022 5060 totius
3063 4997 3543 5079 gubernationis

2051 5100 2114 5161 in
2178 5098 2463 5178 regimen
2530 5097 2893 5178 exemplare
2960 5096 3191 5158 divinae
3256 5097 3538 5160 rationis.

2050 5198 2379 5270 Praeterea,
2424 5197 2489 5258 in
2540 5195 2761 5257 ordine
2802 5195 3201 5277 provisorum
3241 5203 3305 5258 et
3344 5204 3543 5258 recto-

2055 5314 2225 5370 rum,
2244 5294 2509 5357 secundi
2542 5294 2897 5376 provisores
2916 5312 2953 5354 a
2974 5293 3185 5376 primo
3214 5293 3545 5376 regiminis
