4300 6259
857 444 977 508 112
2234 461 2580 510 raoaeumu

859 631 1033 695 entia
1062 631 1202 714 ipsa
1229 651 1373 715 quae
1400 631 1642 696 donum
1680 638 1777 695 est
1812 649 1825 694 :
1860 651 2001 715 quae
2040 630 2356 713 sapientia
2395 632 2603 714 quoad
2643 632 2911 714 gradum
2952 651 3143 695 suum
3181 650 3255 695 ac
3295 639 3530 696 statum
3574 629 3961 714 perfectum,

859 739 1227 803 nominatur
1270 739 1539 822 mystica
1585 738 1922 820 theologia,
1970 739 2049 800 de
2096 758 2224 820 qua
2270 738 2530 802 divinus
2578 739 2918 822 Dionysius
2969 739 3033 802 in
3083 738 3250 803 libro
3297 739 3577 822 Mysticae
3622 736 3963 818 theologiae

859 845 1180 908 disseruit.
1204 846 1315 909 Est
1345 847 1499 909 item
1532 845 1845 928 sapientia
1876 846 2166 928 quaedam
2199 845 2531 919 naturaliS,
2557 844 3022 928 philosophica,
3045 845 3361 929 acquisita
3384 862 3397 907 :
3423 846 3502 908 de
3533 863 3658 927 qua
3686 851 3968 906 tractant

860 953 1263 1036 philosophi3
1302 954 1366 1016 in
1399 953 1585 1034 cujus
1614 961 1759 1016 actu
1791 953 2357 1035 contemplativam
2388 951 2758 1017 felicitatem
2779 953 3149 1017 Aristoteles
3179 953 3404 1016 statuit
3430 953 3684 1017 decimo
3714 951 3968 1014 Ethico-

862 1079 1029 1134 rum,
1060 1061 1173 1142 qui
1216 1068 1280 1122 et
1322 1060 1822 1144 metaphysicam
1865 1060 2251 1141 theologiam
2295 1061 2593 1142 appellat.

979 1166 1060 1229 At
1089 1184 1242 1231 vero
1270 1167 1549 1230 increata
1580 1166 1923 1249 Sapientia,
1956 1167 2240 1230 Verbum
2269 1175 2602 1242 aeternum,
2637 1167 3010 1247 Unigenitus
3041 1167 3263 1240 Patris,
3298 1172 3528 1230 nostrae
3559 1165 3966 1228 mortalitatis

859 1275 1137 1354 tegimen
1168 1283 1495 1337 assumere
1525 1281 1623 1336 est
1651 1275 1930 1355 dignata,
1963 1292 2037 1336 ac
2070 1282 2300 1337 nostrae
2331 1281 2573 1337 naturae
2606 1274 2982 1337 indumento
3011 1282 3252 1357 operta,
3287 1272 3584 1335 umbram
3617 1272 3966 1355 quamdam

862 1381 1133 1464 projecit
1160 1401 1197 1444 a
1226 1400 1294 1445 se
1321 1400 1397 1444 ac
1428 1380 1693 1444 diffudit
1732 1382 1799 1444 in
1838 1391 2098 1456 terram,
2138 1382 2260 1445 hoc
2299 1388 2398 1444 est
2441 1382 2795 1445 doctrinam
2842 1401 3022 1444 suam
3070 1389 3132 1444 et
3173 1379 3372 1443 fidem
3410 1398 3484 1443 ac
3523 1379 3964 1460 evangelicam

861 1488 1065 1569 legem
1125 1495 1357 1552 nostrae
1415 1487 1842 1551 imbecillitati
1902 1497 1965 1551 et
2023 1488 2360 1570 capacitati
2421 1495 2985 1570 contemperatam,
3037 1487 3606 1569 proportionatam,
3657 1493 3963 1568 aptatam,

858 1603 1163 1678 tanquam
1196 1595 1468 1659 infinitae
1498 1595 1661 1658 lucis
1691 1614 1764 1658 ac
1796 1594 2252 1658 luminositatis
2283 1613 2414 1658 suae
2451 1594 2702 1656 radium
2743 1595 2926 1676 quasi
2966 1593 3440 1668 obnubilatum,
3474 1600 3665 1676 atque
3697 1593 3968 1656 immen-

860 1723 945 1768 sae
975 1723 1105 1768 suae
1136 1702 1841 1786 superaestuantissimae
1884 1702 2249 1766 dilectionis
2293 1702 2625 1765 flammam
2657 1702 3012 1765 fumantem
3055 1721 3129 1765 ac
3167 1701 3648 1764 scintillantem.
3681 1700 3966 1782 Evange-

860 1811 983 1874 lica
1024 1811 1265 1893 quippe
1306 1810 1595 1874 doctrina
1637 1808 1830 1873 variis
1873 1808 2430 1884 similitudinibuS,
2473 1809 2790 1892 parabolis
2834 1815 2899 1871 et
2937 1809 3166 1891 figuris
3210 1815 3306 1872 est
3344 1808 3652 1880 involuta,
3694 1807 3966 1890 ipsaque

859 1919 1025 1982 fides
1085 1919 1364 2000 cognitio
1411 1925 1508 1981 est
1553 1917 1845 1993 obscura,
1898 1918 2440 2000 quemadmodum
2491 1917 2680 1981 nobis
2728 1918 3139 1981 connaturale
3187 1924 3286 1980 est
3331 1935 3446 1999 per
3493 1914 3827 1980 sensibilia
3881 1915 3967 1979 ad

862 2026 1384 2090 immaterialium
1416 2025 1708 2088 notitiam
1738 2043 1812 2087 ac
1841 2024 2208 2089 divinorum
2239 2042 2522 2088 amorem
2552 2025 2895 2088 ascendere
2925 2043 2998 2087 ac
3027 2025 3276 2088 deduci.
3309 2023 3594 2098 Interim,
3618 2041 3698 2085 ex
3727 2021 3966 2086 Christi

861 2133 1263 2197 documentis
1310 2133 1377 2194 in
1426 2138 1698 2214 quatuor
1745 2132 2106 2214 Evangeliis
2156 2133 2448 2206 exaratiS,
2494 2139 2797 2215 tanquam
2845 2150 2923 2195 ex
2967 2130 3256 2196 fontibus
3306 2129 3670 2205 SalvatoriS,
3710 2129 3964 2204 hausta,

862 2247 1141 2322 sumpta,
1184 2239 1466 2302 derivata
1512 2246 1578 2301 et
1612 2238 1783 2301 edita
1818 2246 1969 2302 sunt
2007 2238 2502 2302 innumerabilia
2543 2257 2704 2320 pene
2746 2239 3075 2302 volumina
3111 2237 3364 2300 Patrum
3399 2245 3465 2300 et
3501 2236 3968 2301 catholicorum

862 2348 1198 2411 doctorum
1233 2363 1247 2409 τ
1280 2366 1361 2409 ex
1390 2345 1626 2428 quibus
1656 2343 1847 2407 fluxit
1876 2345 2051 2408 rivus
2082 2345 2326 2428 ingena,
2361 2345 2603 2408 fluvius
2634 2345 2954 2427 copiosuS,
2980 2363 3146 2427 aqua
3173 2345 3539 2409 redundans
3566 2362 3642 2407 ac
3673 2342 3968 2426 limpida,

866 2463 1023 2538 puta
1052 2454 1217 2518 liber
1245 2452 1741 2528 Sententiarum,
1762 2471 1843 2516 ex
1871 2453 2127 2516 Patrum
2159 2452 2488 2517 codicibus
2518 2453 2923 2535 compilatus.
2944 2453 3035 2514 Ex
3064 2469 3193 2535 quo
3220 2452 3483 2515 demum
3515 2451 3973 2534 profluxerunt

866 2562 1060 2626 rivuli
1097 2561 1558 2635 doctrinarum,
1602 2560 1850 2624 fluenta
1886 2560 2302 2624 scientiarum
2344 2561 2748 2644 quamplura,
2783 2559 3084 2623 videlicet
3127 2559 3366 2641 scripta
3403 2568 3467 2623 et
3505 2559 3972 2623 commentaria

863 2669 1393 2735 scholasticorum
1424 2669 1757 2732 doctorum
1789 2685 1985 2752 super
2014 2668 2252 2731 librum
2285 2668 2754 2732 Sententiarum
2782 2685 3094 2751 :quorum
3125 2667 3528 2749 sapientialia
3557 2666 3727 2730 dicta
3757 2685 3970 2749 nuper

860 2779 928 2842 in
959 2798 1164 2842 unum
1194 2776 1732 2859 collegi,quatuor
1758 2774 2090 2840 volumina
2115 2775 2380 2858 grandia
2409 2795 2487 2839 ex
2516 2774 2762 2839 eisdem
2792 2773 3211 2859 compingens
3241 2793 3436 2859 super
3463 2781 3740 2858 quatuor
3767 2773 3968 2838 libros

859 2886 1331 2952 Sententiarum
1366 2883 1719 2966 praeclarOS.

980 2994 1328 3066 Postremo,
1378 2990 1683 3074 quoniam
1744 2991 1961 3054 omnia
2019 2990 2129 3054 illa
2186 2990 2516 3073 perlegere
2565 2990 3062 3072 memoriterque
3109 2996 3328 3053 tenere
3368 2988 3646 3053 difficile
3693 2995 3794 3052 est
3843 3006 3968 3052 nec

868 3101 1169 3168 omnibus
1222 3117 1477 3172 vacans,
1510 3097 1773 3161 intendo
1816 3098 1885 3160 in
1930 3097 2051 3161 isto
2090 3097 2403 3180 opusculo
2441 3117 2520 3161 ex
2559 3096 2688 3160 illis
2743 3097 3118 3160 summatim
3164 3097 3456 3180 quaedam
3503 3095 3962 3179 perstringere,

862 3209 1122 3274 utiliora
1171 3212 1236 3269 et
1280 3203 1650 3287 pulchriora
1692 3203 1758 3264 in
1803 3222 2005 3266 unum
2047 3203 2356 3285 redigere,
2402 3221 2476 3266 ac
2512 3203 2848 3284 theologiae
2886 3203 3343 3285 compendium
3381 3201 3756 3285 compilare,
3789 3201 3966 3284 quod

863 3313 1291 3383 Elementatio
1332 3309 1689 3392 theologica
1731 3311 1967 3394 poterit
2006 3311 2338 3394 appellari.
