4300 6259
534 765 671 809 Marc
701 778 772 809 ιη·

522 833 589 882 33,
611 797 684 876 u..

810 471 934 539 208

1586 489 2008 536 ELEMENTATIO
2047 487 2445 536 mEoLoclca.
2490 506 2570 516 —
2611 489 2690 534 DE
2732 487 3153 536 sAcRAunN'ris

816 661 1067 726 Christo
1097 662 1164 724 in
1193 667 1419 724 natura
1447 667 1812 743 assumpta:
1837 659 1988 721 hinc
2017 658 2312 741 passione
2340 658 2391 720 A
2420 675 2613 740 quam
2644 657 2991 740 passiones.
3025 657 3154 720 Nec
3190 655 3461 720 dubium
3492 656 3650 738 quin
3682 655 3749 718 in
3780 672 3933 736 pas·

776 760 1194 823 ‚imminente
1243 759 1520 842 expavit,
1569 766 1631 823 et
1679 758 1878 820 tristis
1926 757 2051 819 fuit
2098 757 2314 818 anima

815 857 957 939 ejus
987 877 1182 939 usque
1209 858 1287 920 ad
1321 857 2314 936 mortem.Verumtamen,quum

814 957 1082 1019 virtutes
1127 955 1394 1020 morales
1434 953 1901 1037 perfectissime
1949 953 2014 1014 in
2063 951 2313 1014 Christo

815 1055 1193 1130 exstiterint,
1226 1062 1290 1118 et
1318 1054 1532 1116 anima
1562 1054 1703 1135 ejus
1730 1073 1768 1116 a
1804 1071 1934 1115 suae
1972 1050 2313 1113 creationis

815 1154 1000 1216 initio
1036 1153 1230 1216 fuerit
1279 1140 1530 1215 summe
1580 1151 1958 1216 confirmata
2007 1148 2070 1210 in
2121 1147 2311 1224 bon0,

815 1252 945 1315 imo
1007 1260 1073 1315 et
1135 1250 1532 1334 hypostatice
1593 1250 1815 1331 juncta
1866 1246 2074 1310 Verbo
2137 1255 2313 1310 aeter-

815 1369 920 1425 nc,
953 1351 1282 1433 passiones
1321 1355 1635 1431 praetactae
1683 1364 2010 1428 nunquam
2053 1344 2316 1406 fuerunt

815 1449 881 1511 in
924 1449 1172 1514 Christo
1217 1448 1575 1512 inordinate
1623 1464 1831 1528 neque
1872 1445 2310 1518 immoderate,

814 1567 1024 1630 neque
1090 1547 1408 1629 judicium
1486 1544 1749 1608 rationis
1824 1542 2310 1626 praeveniente3‚

815 1647 947 1710 imo
988 1665 1067 1710 ex
1104 1646 1341 1729 praevio
1391 1645 1654 1708 rationis
1699 1643 1944 1724 judicio
1992 1660 2006 1703 ε
2055 1648 2315 1722 propter

816 1747 986 1828 quod
1019 1745 1084 1808 in
1115 1746 1255 1827 ipso
1285 1750 1594 1808 vocantur
1626 1742 1828 1822 magis
1868 1739 2314 1823 propassiones

2420 755 2710 819 sionibus
2747 755 3131 838 poenalibuS,
3165 763 3237 818 ut
3276 763 3427 817 sunt
3467 755 3682 826 timor,
3712 752 3925 826 dolor,

2421 854 2700 927 tristitia,
2752 854 3166 917 vehementer
3223 853 3648 935 promeruerit
3704 849 3923 913 nobis.

2422 951 2709 1032 Denique
2741 951 3017 1032 legitur.:
3053 950 3473 1014 contristatus
3514 967 3710 1031 super
3738 947 3929 1010 caeci-
3988 963 4143 1007 um.
4174 977 4223 1004 a

2423 1057 2548 1111 tate
2568 1049 2775 1113 cordis
2806 1047 3597 1130 eorum,circumspiciens
3624 1063 3734 1108 eos
3762 1064 3927 1108 cum
3956 1029 4006 1072 ⁵·

2424 1148 2537 1221 ira,
2562 1147 2739 1209 dixit.
2774 1147 2986 1221 Porro,
3011 1147 3181 1229 quod
3213 1146 3405 1209 Isaias
3436 1144 3751 1228 praedixit,
3774 1143 3925 1207 Non
3960 1163 4149 1210 lam,
4170 1167 4205 1205 i.

2423 1247 2545 1308 erit
2590 1245 2792 1307 tristis
2840 1263 3051 1327 neque
3092 1243 3523 1318 turbulentus»,
3554 1242 3636 1304 de
3680 1241 3927 1306 inordi-

2424 1351 2571 1406 nata
2588 1342 2847 1405 tristitia
2876 1343 3117 1405 dictum
3150 1349 3265 1405 est.
3288 1343 3637 1415 Postremo,
3659 1348 3805 1422 post
3824 1358 3931 1402 re-

2424 1442 2885 1504 surrectionem
2928 1459 3057 1504 non
3096 1440 3362 1504 fuerunt
3392 1440 3457 1502 in
3489 1439 3741 1502 Christo
3779 1458 3935 1521 pas·

2425 1542 2635 1603 siones
2679 1540 2962 1622 poenales
3010 1540 3367 1602 secundum
3415 1537 3585 1620 quod
3630 1537 3817 1611 taleS,
3858 1545 3941 1600 ut

2426 1640 2637 1710 timor,
2699 1638 2977 1713 tristitia,
3036 1638 3149 1701 sed
3204 1634 3637 1709 delectabileS,
3698 1635 3937 1698 saitem

2428 1736 2769 1800 nonnullae.

1849 2185 1998 2269 DE
2086 2180 2893 2270 SACRAMENTIS

1117 2525 1636 2592 PROPOSITIO
1685 2524 2022 2590 CXXXII.

895 2721 1281 2787 Dominus
1337 2733 1428 2785 ac
1485 2717 1864 2786 Salvator
1920 2714 2315 2793 evangeli-

815 2835 925 2887 cae
966 2819 1174 2898 legis
1217 2819 1446 2885 dator
1495 2819 1578 2883 et
1633 2816 2080 2894 institutor,
2129 2815 2313 2880 ante

815 2933 1218 2985 recessum
1264 2931 1500 2982 suum
1549 2930 1596 2982 a
1638 2915 1928 2982 saeculo
1972 2914 2129 2979 isto
2174 2927 2316 2992 per

817 3020 1357 3084 ascensionem
1389 3017 1476 3080 in
1505 3015 1820 3095 coelum,
1862 3015 2170 3092 septem
2204 3013 2315 3076 in-

817 3117 1092 3182 stituit
1141 3114 1635 3180 sacramenta
1680 3125 1906 3178 novae
1953 3112 2037 3176 et
2086 3123 2317 3176 evan-

814 3216 1093 3294 gelicae
1131 3213 1360 3293 legis,
1400 3214 1778 3293 tanquam
1815 3210 2121 3290 septem
2158 3222 2314 3273 me-

732 3331 738 3336 ’
818 3313 1203 3380 dicinalia
1272 3325 1493 3390 vasa,
1566 3325 1708 3390 per
1776 3323 1951 3389 quse
2021 3306 2313 3385 virtus,

813 3411 1080 3490 gratia
1108 3411 1191 3474 et
1217 3407 1596 3473 meritum
1626 3407 1986 3472 omnium
2026 3404 2316 3469 horum

817 3523 990 3590 quae
1050 3508 1510 3587 assumpsit,
1572 3503 1766 3570 fecit
1823 3503 2315 3584 pertulitque

819 3622 963 3689 pro
1005 3606 1256 3687 nobis,
1289 3604 1796 3686 applicantur
1830 3601 2314 3667 hominibus.

2343 2520 2390 2582 B
2427 2538 2577 2581 vasa
2636 2517 3187 2600 saluberrimaque
3254 2526 3579 2600 unguenta
3642 2519 3723 2582 ad
3790 2537 3939 2582 om-

2427 2618 2609 2678 nium
2640 2617 2946 2679 vitiorum
2978 2616 3297 2680 medelam
3318 2625 3384 2679 et
3403 2636 3623 2680 curam
3655 2617 3935 2680 idonea:

2426 2716 2491 2777 in
2523 2714 2759 2797 quibus
2788 2715 2994 2777 virtus
3024 2722 3088 2778 et
3115 2715 3317 2796 gratia
3347 2732 3475 2777 non
3504 2716 3715 2778 solum
3760 2715 3939 2798 figu-

2425 2813 2661 2888 raliter,
2714 2821 2785 2874 ut
2840 2813 2905 2875 in
2963 2813 3378 2876 sacramentis
3426 2813 3662 2877 veteris
3718 2815 3942 2878 Testa-

2426 2911 2648 2986 menti,
2682 2911 3070 2992 designatur,
3093 2930 3319 2974 verum
3347 2912 3541 2975 etiam
3570 2911 3943 2976 efficaciter

2424 3017 2615 3091 atque
2683 3010 3042 3084 causaliter,
3110 3011 3300 3073 modo
3365 3010 3756 3084 admirabili,
3816 3011 3939 3073 vix

2426 3107 2992 3190 comprehensibili
3023 3115 3086 3170 et
3114 3106 3385 3182 effabili,
3418 3110 3800 3172 continetur.
3826 3109 3943 3171 Et-

2426 3206 2600 3268 enim
2640 3205 2845 3269 virtus
2884 3213 2949 3268 et
2987 3206 3285 3268 meritum
3332 3207 3648 3289 passionis
3691 3206 3943 3270 Christi

2425 3311 2521 3366 est
2551 3304 2717 3366 sicut
2750 3305 3109 3368 universale
3152 3305 3513 3368 remedium
3544 3313 3765 3369 contra
3792 3323 3943 3369 om-

2426 3419 2507 3464 ne
2549 3410 2882 3484 peccatum
2918 3421 2931 3464 :
2967 3403 3140 3485 quod
3174 3403 3255 3465 ad
3285 3404 3641 3466 curandum
3672 3403 3943 3467 diversa

2424 3501 2582 3563 vitia
2608 3501 2943 3564 hominum
2974 3501 3384 3583 particularia
3410 3520 3571 3584 opus
3601 3509 3698 3565 est
3724 3502 3945 3584 appli-

2426 3600 2556 3662 cari
2614 3608 2679 3662 et
2736 3599 3200 3663 communicari
3246 3599 3618 3663 hominibus
3667 3619 3783 3682 per
3830 3602 3939 3664 in-

897 3705 1075 3780 Quod
1131 3712 1248 3778 est,
1308 3703 1612 3784 quoniam
1672 3700 1959 3765 Christus
2007 3699 2315 3761 Dominus
2346 3697 2390 3761 C
2427 3703 2781 3758 strumenta
2823 3696 3019 3769 varia,
3063 3696 3539 3778 proportionata
3572 3697 3651 3758 ad
3690 3696 3939 3778 produ-

819 3803 1090 3866 venitin
1121 3802 1292 3863 hunc
1333 3800 1646 3862 mundum
1691 3816 1806 3880 per
1848 3795 2314 3858 humanitatem

814 3907 1232 3982 assumptam,
1285 3906 1355 3959 ut
1399 3916 1600 3979 genus
1660 3902 1911 3959 curaret
1957 3894 2310 3956 humanum

815 3999 896 4062 ab
927 3998 1102 4062 omni
1145 3996 1308 4071 labe,
1341 3995 1688 4059 infectione
1732 4002 1796 4057 et
1842 3994 2144 4075 languore
2188 3991 2318 4053 cul-

815 4117 1064 4181 parum,
1098 4104 1252 4179 puta
1281 4093 1528 4178 peccati
1564 4092 1892 4173 originalis
1923 4100 1987 4154 et
2016 4108 2315 4173 persona-

815 4197 917 4271 lis,
962 4195 1208 4278 peccati
1248 4192 1516 4257 actualis
1561 4198 1625 4254 et
1661 4189 2026 4262 habitualiS,
2069 4187 2315 4270 peccati

816 4292 1101 4357 mortalis
1149 4310 1224 4354 ac
1270 4290 1560 4354 venialis.
1607 4287 2159 4362 Quemadmodum
2208 4286 2319 4348 ita·

818 4410 942 4475 que
989 4390 1277 4453 medicus
1328 4388 1601 4450 carnalis
1649 4404 1724 4448 ac
1774 4385 2102 4459 naturaliS,
2143 4403 2317 4447 acce-

815 4491 974 4554 dens
1003 4489 1080 4551 ad
1111 4504 1309 4568 aegros
1342 4485 1576 4548 multos
1605 4483 1798 4547 variis
1828 4480 2315 4564 aegritudinibus

816 4587 1200 4660 laboranteS,
1224 4603 1445 4648 secum
1477 4583 1666 4646 affert
1695 4582 1881 4665 plura
1911 4580 2318 4643 medicinalia

814 4706 986 4761 vasa,
1019 4686 1084 4747 in
1117 4683 1355 4768 quibus
1386 4683 1637 4746 diversa
1666 4681 2075 4744 continentur
2119 4679 2320 4742 medi-

815 4793 1107 4850 camenta
1136 4784 1457 4848 variarum
1495 4781 1945 4862 aegritudinum
1987 4780 2315 4860 curativa3

2427 3793 2702 3856 cendum
2772 3794 3107 3856 distinctos
3172 3794 3587 3875 particulares
3652 3793 3939 3858 effectus

2428 3892 2829 3954 curationum
2876 3892 3276 3966 interiorum,
3309 3910 3383 3953 ac
3411 3891 3781 3972 gratiarum,
3814 3893 3939 3956 do-

2427 4008 2679 4064 norum,
2712 3990 3047 4064 virtutum,
3080 3990 3430 4065 fructuum,
3452 3990 3937 4055 beatitudinum

2427 4095 2490 4151 et
2533 4087 3022 4170 perfectionum.

2508 4187 2792 4259 Interim,
2828 4186 3130 4268 quoniam
3173 4185 3500 4249 rationalis
3530 4193 3817 4250 creatura
3842 4205 3937 4250 ex

2429 4284 2742 4366 corporali
2786 4302 2858 4346 ac
2902 4284 3221 4366 spirituali
3262 4291 3507 4346 constat
3544 4283 3933 4362 substantia,

2425 4393 2617 4466 atque
2649 4403 2763 4467 per
2800 4382 3134 4447 sensibilia
3160 4383 3240 4446 ad
3272 4383 3699 4466 spiritualium
3729 4402 3805 4446 ac
3833 4385 3941 4448 di-

2427 4484 2722 4547 vinorum
2783 4481 3173 4563 agnitionem
3226 4481 3585 4556 deducitur,
3636 4481 3937 4547 Christus

2428 4589 2825 4645 sacramenta
2856 4581 2975 4643 ista
3006 4579 3071 4642 in
3101 4578 3518 4643 sensibilibus
3557 4579 3755 4661 signis
3792 4599 3937 4644 ma-

2426 4682 2734 4764 teriisque
2794 4679 3089 4754 instituit,
3142 4679 3208 4740 in
3267 4677 3502 4761 quibus
3559 4679 3935 4761 spirituales

2426 4782 2643 4863 gratiae
2679 4799 2754 4842 ac
2792 4780 3057 4843 virtutes
3105 4778 3429 4853 curativae,
3470 4778 3935 4845 conservativae

816 4886 911 4949 sic
942 4885 1228 4948 medicus
1261 4882 1369 4945 ille
1399 4879 1772 4963 spiritualiS,
1797 4878 2318 4952 coelestis,omni-
2347 4882 2397 4945 D
2428 4887 2492 4941 et
2522 4879 2983 4962 praeservativae
3013 4876 3440 4941 continentur.
3465 4911 3545 4922 —-
3572 4878 3927 4952 Postremo,

821 4993 1068 5069 potens,
1127 4979 1601 5064 supersapienS,
1651 4996 1843 5060 quem
1892 4978 1983 5039 nil
2041 4977 2195 5040 latet
2250 4976 2317 5038 in

821 5101 1011 5146 carne
1072 5079 1322 5144 mortali
1389 5082 1737 5159 assumpta,
1801 5076 1967 5138 inter
2022 5076 2319 5139 homines

821 5199 1206 5245 conversans
1234 5186 1380 5240 ante
1417 5194 1598 5239 suam
1638 5174 1998 5257 passionem
2042 5175 2321 5237 instituit

821 5286 1069 5364 septem
1109 5281 1524 5350 sacramenta,
1564 5280 1868 5354 tanquam
1914 5272 2321 5335 medicinalia

2428 4978 2721 5060 quamvis
2750 4977 2964 5060 aliqua
2992 4982 3388 5038 sacramenta
3415 4975 3797 5057 evangelicae
3836 4976 3931 5039 le-

2426 5076 2523 5157 gis
2554 5083 2699 5138 ante
2739 5074 3079 5137 Salvatoris
3114 5074 3465 5136 adventum
3502 5074 3791 5137 instituta
3836 5074 3929 5138 le-

2428 5182 2677 5257 gantur,
2712 5180 2783 5235 ut
2822 5171 3300 5236 matrimonium
3339 5179 3404 5234 et
3442 5171 3817 5254 poenitentia
3854 5172 3928 5236 in

2429 5273 2569 5353 lege
2597 5279 2877 5352 naturae3
2909 5270 3113 5334 nihilo
3142 5271 3359 5334 minus
3400 5289 3438 5332 a
3480 5269 3730 5335 Christo
3770 5279 3931 5337 sunt
