4300 6259
642 4110 817 4154 propos.

605 4173 743 4206 unv.

641 5093 816 5139 propos.

603 5157 728 5190 uxv.

869 451 988 516 178
1718 471 2144 519 ntnmu‘no
2186 471 2583 519 maotooma.
2629 489 2710 500 —
2750 471 2829 518 nn
2874 471 3132 519 monus

868 639 1308 724 capacitatem,
1331 639 1816 724 dispositionem
1846 641 2281 724 meritumque
2302 641 2373 704 il·
2400 642 2451 705 A
2479 641 2647 723 gulis
2678 641 2889 706 choris
2917 641 3117 724 aliqui
3148 648 3631 716 consenserunt,
3663 646 3729 704 et
3754 657 3975 702 secum

870 738 1097 803 lorum.
1131 775 1214 786 —
1239 739 1400 802 Hinc
1431 741 1497 802 in
1535 740 1776 822 angelis
1815 759 1956 804 esse
1996 740 2374 824 perhibetur
2480 747 2763 803 ruerunt.
2798 741 2974 802 Unde
3019 748 3083 802 et
3122 741 3443 804 daemones
3482 759 3598 804 seu
3637 737 3847 821 angeli
3891 736 3977 800 la—

867 836 1106 920 duplex
1138 839 1436 919 cognitio,
1472 847 1626 920 puta
1668 839 1980 902 matutina
2016 845 2081 902 et
2118 849 2374 922 vesper·
2479 839 2601 920 psi,
2634 839 3005 902 nominibus
3047 838 3481 920 angelicorum
3528 838 3829 901 ordinum
3870 835 3975 898 de·

867 935 1003 999 tina
1047 953 1061 998 τ
1113 955 1254 1018 quae
1302 937 1629 1000 distinctio
1687 956 1764 999 ex
1823 937 2038 1000 verbis
2095 937 2373 1000 sumitur
2479 937 2829 1017 signantur,
2854 937 3105 1000 dicente
3134 936 3637 1019 ApostolozNon
3667 943 3765 997 est
3789 932 3973 996 nobis
4014 955 4217 1011 aptam,

866 1032 1226 1116 Augustini,
1267 1035 1378 1116 qui
1427 1054 1538 1097 sex
1587 1036 1723 1098 dies
1777 1035 2014 1117 quibus
2053 1035 2219 1097 Deus
2264 1037 2369 1098 de·
2478 1033 2842 1097 colluctatio
2902 1035 3206 1096 adversus
3274 1051 3533 1097 carnem
3598 1041 3663 1096 et
3726 1022 4060 1113 sangui-¹²·

866 1132 1170 1194 scribitur
1198 1133 1576 1216 produxisse
1607 1134 1778 1196 hunc
1811 1134 2145 1207 mundum,
2176 1151 2368 1216 expo·
2476 1146 2647 1203 nem,
2681 1134 2791 1194 sed
2822 1133 3125 1195 adversus
3156 1131 3484 1215 principes
3514 1138 3579 1194 et
3610 1137 3967 1212 potestates.

865 1231 963 1294 nit
1004 1231 1082 1293 de
1126 1248 1256 1293 uno
1302 1231 1696 1312 intelligibili
1741 1231 2191 1314 spiritualique
2240 1231 2365 1305 die,
2476 1230 2763 1313 Denique
2808 1232 2886 1293 de
2938 1232 3146 1313 primo
3194 1230 3305 1293 illo
3350 1237 3639 1313 apostata
3684 1230 3975 1310 deprom-

863 1337 1018 1412 puta
1073 1330 1360 1410 angelica
1416 1331 1801 1412 cognitione,
1853 1348 1964 1392 sex
2021 1329 2366 1410 generibus
2474 1330 2604 1412 psit
2662 1330 2953 1392 Ezechiel
3014 1347 3028 1390 ε
3090 1329 3181 1392 Tu
3240 1329 3493 1392 Cherub
3552 1335 3849 1390 extentus
3912 1335 3976 1388 et
4040 1350 4181 1393 32⁶1..
4262 1334 4269 1359 ⁴

859 1445 1079 1490 rerum
1126 1427 1448 1490 distincta.
1499 1428 1732 1509 Sicquc
1780 1428 2058 1508 cognitio
2113 1427 2366 1508 angelo·
2475 1435 2834 1508 protegenS,
2881 1426 3123 1508 repleta
3165 1435 3316 1490 sunt
3357 1425 3662 1489 interiora
3701 1431 3813 1488 tua
3858 1424 3974 1486 ini·
4000 1427 4123 1518 ζξξω*
4154 1417 4202 1456 “·

859 1542 1006 1587 rum
1037 1543 1164 1607 qua
1195 1525 1366 1607 ipsas
1395 1543 1498 1588 res
1529 1524 1831 1588 viderunt
1872 1525 1936 1587 in
1968 1525 2097 1587 Deo
2137 1530 2210 1586 ut
2246 1524 2361 1597 sic,
2472 1525 2753 1607 quitate3
2785 1533 2848 1588 et
2891 1525 3052 1606 ejeci
3096 1533 3158 1588 te
3202 1526 3281 1588 dc
3320 1531 3537 1588 monte
3578 1532 3797 1587 sancto
3836 1523 3971 1585 Dei.

851 1630 1124 1686 vocatur
1169 1623 1483 1685 matutina
1534 1641 1548 1686 ε
1602 1622 1907 1704 quoniam
1957 1640 2098 1685 esse
2148 1640 2362 1684 rerum
2470 1624 2587 1697 Qui
2645 1625 2939 1706 quamvis
2986 1624 3064 1687 de
3110 1624 3333 1687 ordine
3374 1623 3711 1705 Seraphim
3757 1621 3974 1694 fucrit,

860 1720 1065 1784 ideale
1094 1728 1159 1784 et
1189 1719 1601 1804 primordiale
1633 1719 1699 1781 in
1731 1720 1880 1794 Deo,
1913 1719 2239 1803 praecessit
2267 1736 2364 1781 es·
2468 1728 2683 1784 tamen
2733 1721 3007 1797 Cherub,
3059 1740 3186 1785 non
3238 1722 3500 1802 Seraph,
3552 1720 3918 1803 appellatur
3958 1737 3973 1780 :

857 1837 925 1881 se
956 1837 1178 1881 earum
1217 1818 1284 1880 in
1315 1817 1592 1901 propriis
1623 1818 1758 1880 suis
1787 1818 2054 1892 naturis,
2087 1825 2153 1880 et
2180 1817 2360 1899 prius
2395 1814 2443 1877 Β
2471 1817 2777 1900 quoniam
2806 1837 2845 1881 a
2871 1818 3073 1881 divini
3105 1819 3341 1881 amoris
3380 1819 3606 1880 ardore
3646 1817 3973 1891 recedens,

852 1934 928 1979 ac
959 1916 1192 1979 clarius
1233 1926 1331 1980 est
1364 1917 1612 1991 eodem,
1646 1917 2189 1998 quemadmodum
2232 1935 2359 1978 ma·
2471 1935 2549 1979 ex
2615 1917 2965 1980 eminentia
3019 1937 3149 1980 suae
3220 1916 3504 1980 scientiae
3570 1915 3973 1978 occasionem

851 2033 933 2078 ne
973 2014 1152 2096 prius
1192 2022 1289 2078 est
1325 2033 1610 2098 vespera.
1647 2014 1937 2096 Cognitio
1974 2022 2191 2076 autem
2233 2032 2359 2095 qua
2470 2015 2748 2098 sumpsit
2802 2014 3098 2079 elationis
3162 2032 3176 2077 ε
3228 2014 3482 2078 Cherub
3540 2014 3782 2097 quippe
3844 2013 3977 2096 ple—

850 2121 1127 2175 noscunt
1173 2130 1276 2175 res
1326 2121 1518 2195 prout
1565 2114 1631 2175 in
1680 2131 1749 2174 se
1798 2113 1955 2194 ipsis
1998 2112 2361 2175 subsistunt
2469 2113 2696 2176 nitudo
2746 2114 3029 2177 scientiae
3078 2113 3551 2194 interpretatur.
3604 2112 3776 2175 Idem
3830 2129 3976 2193 pro·

849 2217 912 2273 et
943 2210 1009 2273 in
1038 2210 1172 2272 suis
1204 2211 1470 2286 naturis,
1503 2210 1739 2273 dicitur
1769 2211 2171 2294 vespertina:
2207 2210 2359 2292 quia
2468 2210 2655 2274 batur
2694 2230 2773 2273 ex
2813 2211 2935 2274 hoc
2974 2211 3145 2293 quod
3184 2218 3411 2293 quarto
3446 2211 3690 2291 Regum
3722 2209 3973 2272 Eliseus

853 2314 922 2369 ut
961 2308 1078 2381 sic,
1113 2308 1328 2371 minus
1361 2309 1531 2371 clara
1569 2316 1686 2384 est,
1719 2314 1783 2370 et
1819 2309 2109 2390 sequitur
2153 2308 2353 2384 illam,
2469 2327 2586 2372 suo
2615 2310 2777 2371 dixit
2806 2309 3101 2372 ministro
3131 2309 3209 2371 de
3228 2308 3471 2390 angelis
3503 2308 3689 2370 bonis
3714 2307 3974 2370 :Plures
4014 2327 4061 2371 iv
4078 2327 4215 2382 aean,

849 2406 1020 2469 sicut
1077 2405 1351 2469 effectus
1411 2425 1690 2469 causam.
1742 2406 2197 2469 Verumtamen
2245 2426 2353 2469 an·
2468 2407 2803 2470 nobiscum
2836 2415 2986 2470 sunt
3015 2426 3207 2489 quam
3248 2425 3395 2469 cum
3437 2406 3585 2468 illis.
3620 2407 3690 2468 In
3727 2407 3974 2487 angelis
4004 2395 4063 2434 ¹⁶·

849 2504 974 2585 geli
1015 2505 1220 2567 sancti
1263 2505 1485 2568 vident
1523 2505 1717 2568 etiam
1759 2504 1826 2567 in
1869 2504 2078 2567 Verbo
2119 2513 2355 2568 aeterno
2468 2523 2724 2588 quoque
2762 2524 2890 2569 non
2928 2505 3053 2568 fuit
3091 2512 3341 2568 tantum
3383 2505 3781 2567 incentivum
3828 2522 3975 2586 pec·

849 2611 1079 2678 creata,
1141 2611 1332 2686 prout
1389 2603 1456 2665 in
1513 2622 1581 2666 se
1641 2603 1800 2685 ipsis
1859 2602 2239 2678 subsistunt,
2292 2610 2355 2665 et
2469 2604 2653 2667 candi
2687 2605 2856 2667 utin
2886 2603 3281 2678 hominibuS,
3316 2604 3427 2666 sed
3458 2603 3773 2684 sapientia
3809 2602 3976 2665 mul-

850 2702 1004 2764 item
1062 2719 1178 2785 per
1227 2701 1476 2785 species
1526 2709 1911 2765 concreatas.
1965 2701 2123 2764 Nam
2183 2702 2353 2765 idem
2466 2709 2532 2764 to
2584 2702 2971 2784 praeclarior,
3031 2709 3096 2765 et
3152 2701 3329 2764 nulla
3388 2701 3596 2765 carnis
3662 2701 3977 2782 fragilitas

849 2801 1145 2882 cognosci
1204 2807 1415 2882 potest
1468 2819 1584 2884 per
1633 2801 1844 2863 media
1892 2800 2079 2882 plura
2131 2817 2145 2863 ε
2199 2807 2354 2882 puta
2468 2799 2792 2863 fomitisve
2843 2800 3169 2883 corruptio
3221 2817 3235 2862 τ
3289 2799 3530 2862 idcirco
3578 2817 3707 2862 non
3755 2819 3981 2882 pecca-

847 2899 1070 2961 eadem
1104 2897 1432 2961 conclusio
1460 2916 1577 2981 per
1604 2905 2054 2979 argumentum
2098 2898 2356 2960 demon·
2467 2905 2698 2960 verunt
2740 2905 2869 2960 tam
2910 2897 3097 2960 multi
3142 2905 3215 2960 ut
3250 2897 3563 2960 homines.
3598 2898 3734 2960 Imo
3773 2897 3843 2960 in
3884 2898 3978 2961 eis

846 2996 1185 3059 strativum
1223 3002 1288 3058 et
1325 2995 1656 3079 topicum3
1688 3002 1844 3057 tunc
1889 3002 2107 3058 tamen
2150 2995 2354 3058 fertur
2391 2999 2434 3064 C
2466 2995 2840 3058 verificatur
2879 2996 3048 3078 quod
3087 2994 3343 3070 dicitur,
3376 2995 3611 3059 Malum
3648 3003 3747 3059 est
3792 3003 3869 3058 ut
3910 2996 3979 3058 in

845 3113 985 3157 csse
1035 3094 1160 3158 alia
1217 3102 1282 3156 et
1337 3093 1465 3156 alia
1523 3094 1821 3176 cognitio.
1875 3094 2200 3157 Postremo
2251 3111 2353 3156 co·
2466 3094 2900 3177 paucioribuS,
2952 3113 3153 3176 quum
3206 3095 3290 3157 sit
3337 3101 3557 3158 contra
3615 3094 3979 3158 inclinatio-

843 3193 1198 3274 gnitionem
1229 3193 1392 3255 hanc
1423 3193 1796 3275 angelorum
1826 3192 2028 3274 aliqui
2057 3200 2354 3255 asserunt
2463 3211 2612 3255 nem
2661 3200 2922 3257 naturae.
2973 3193 3043 3255 In
3093 3191 3467 3255 hominibus
3516 3211 3693 3268 vero,
3744 3192 3827 3255 ob
3882 3193 3979 3256 ni·

844 3291 1168 3373 triplicem
1213 3309 1374 3365 esse,
1421 3291 1671 3353 scilicet
1715 3291 2094 3354 matutinam
2140 3299 2205 3352 et
2250 3309 2355 3353 ve·
2464 3291 2661 3353 miam
2719 3290 3103 3372 pronitatem
3158 3291 3221 3352 in
3278 3290 3545 3365 malum,
3604 3297 3668 3354 et
3722 3290 3977 3355 fomitis

845 3388 1222 3471 spertinam,
1263 3397 1334 3452 ut
1375 3389 1620 3452 dictum
1651 3396 1768 3463 est,
1811 3396 1876 3452 et
1906 3389 2348 3463 meridianam,
2464 3388 2962 3471 corruptionem,
3022 3408 3097 3452 ac
3154 3390 3365 3452 carnis
3422 3389 3859 3471 fragilitatem,
3913 3398 3977 3453 et

846 3504 973 3567 qua
1004 3486 1204 3549 Deum
1236 3486 1644 3569 conspiciunt
1674 3487 1740 3549 in
1771 3505 1839 3549 se
1878 3487 2053 3569 ipso;
2086 3505 2229 3568 quae
2262 3487 2353 3549 in·
2464 3487 2870 3552 intellectivae
2900 3488 3097 3572 partis
3137 3487 3561 3564 debilitatem,
3594 3487 3979 3551 verificatur

846 3592 975 3646 star
1015 3585 1306 3648 meridiei
1345 3603 1495 3648 vere
1535 3585 1985 3648 ardentissima
2024 3591 2122 3647 est
2160 3592 2351 3666 atque
2463 3586 2633 3667 quod
2672 3586 2761 3649 ait
2798 3585 3243 3668 PhilosophuS,
3275 3585 3524 3649 Bonum
3568 3595 3666 3649 est
3708 3587 3775 3649 in
3821 3607 3976 3670 pau-

845 3683 1204 3746 clarissima
1251 3699 1265 3744 :
1311 3690 1375 3745 et
1422 3683 1557 3747 haec
1607 3701 1757 3745 cum
1805 3683 2169 3763 cognitione
2222 3701 2350 3746 ma·
2464 3684 2769 3758 cioribus,
2804 3684 3046 3747 malum
3079 3684 3146 3747 in
3176 3683 3513 3767 pluribus:
3541 3684 3672 3747 imo
3702 3693 3767 3748 et
3797 3685 3973 3768 quod

846 3782 1055 3844 tutina
1085 3781 1447 3844 coincidere
1478 3787 1707 3865 potest,
1723 3799 1924 3863 quum
1954 3782 2179 3843 eadem
2209 3798 2351 3864 pos·
2461 3781 2552 3844 ait
2581 3782 2929 3864 Scriptura,
2962 3782 3195 3846 Omnes
3227 3781 3735 3858 declinaverunt,
3770 3783 3972 3846 simul
3998 3799 4076 3844 Ρ..
4098 3801 4221 3850 aaa

847 3880 931 3943 sit
960 3898 1099 3944 esse
1135 3879 1416 3962 cognitio
1453 3881 1790 3942 Beatorum
1831 3897 1958 3961 qua
1995 3879 2197 3945 Deum
2238 3896 2354 3962 per
2463 3880 2724 3944 inutiles
2767 3881 2919 3943 facti
2962 3888 3131 3943 sunt.

846 3997 1028 4043 suam
1058 3978 1402 4042 essentiam
1431 3977 1673 4052 vident,
1708 3985 1772 4039 et
1799 3977 1924 4040 alia
1955 3977 2021 4039 in
2052 3976 2211 4059 ipso.
2540 3978 2867 4052 Praeterea,
2900 3985 2972 4040 ut
3001 3979 3067 4041 in
3098 3978 3443 4061 Evangelio
3473 3978 3759 4061 loquitur
3788 3979 3972 4045 Chri·

924 4077 1099 4140 Patet
1154 4077 1416 4139 demum
1474 4094 1552 4137 ex
1611 4074 2012 4148 introductis,
2065 4073 2236 4156 quod
2284 4073 2350 4136 in
2461 4083 2619 4149 stus,
2664 4076 2898 4138 mulier
2936 4076 3082 4158 (per
3124 4095 3318 4158 quam
3366 4083 3603 4140 aeterna
3641 4076 3974 4159 Sapientia
4000 4097 4229 4147 auant.

844 4173 1089 4256 angelis
1120 4173 1457 4257 praemium
1489 4190 1618 4235 non
1659 4172 1985 4256 praecessit
2024 4172 2348 4247 meritum,
2380 4173 2431 4238 D
2462 4173 2855 4255 designatur)
2909 4173 3137 4236 habuit
3201 4174 3537 4238 drachmas
3595 4175 3844 4251 decem,
3906 4184 3975 4239 et

845 4272 958 4336 sed
1001 4272 1378 4336 econtrario.
2462 4291 2655 4335 unam
2712 4272 2945 4335 amisit.
3008 4273 3185 4336 Unde
3243 4273 3499 4336 elicitur
3555 4274 3729 4356 quod
3798 4294 3974 4338 unus

2460 4371 2830 4452 angelorum
2884 4370 3187 4434 ceciderit
3232 4371 3389 4435 ordo
3432 4390 3446 4434 :
3496 4389 3626 4436 non
3672 4375 3845 4455 quod
3890 4376 3973 4438 de

1128 4477 1647 4546 PROPOSITIO
1692 4477 2068 4542 LXXXIII.
2460 4470 2595 4534 solo
2640 4489 2765 4534 uno
2804 4471 2997 4534 choro
3035 4471 3314 4555 prolapsi
3348 4472 3504 4558 sint,
3535 4480 3647 4536 aut
3674 4493 3972 4556 unquam

2459 4570 2682 4632 decem
2750 4568 2993 4632 fuerint
3059 4569 3315 4633 ordines
3384 4571 3782 4652 angelorum,
3852 4574 3972 4636 sed

927 4666 1040 4734 De
1107 4663 1468 4749 quolibet
1537 4664 1813 4730 ordine
1881 4664 2348 4742 angelorum
2459 4667 2629 4749 quod
2670 4673 2802 4729 tarn
2846 4666 3031 4728 multi
3073 4674 3361 4741 ruerunt,
3404 4675 3476 4729 ut
3514 4688 3683 4732 unus
3730 4670 3973 4734 chorus

845 4767 1098 4849 aliqui
1127 4766 1520 4832 corruisse
1553 4764 2347 4843 creduntumverum-
2458 4783 2535 4827 ex
2580 4765 2671 4827 eis
2721 4765 2921 4847 possit
2969 4771 3279 4828 constare.
3330 4765 3461 4828 Nec
3508 4766 3737 4840 obstat,
3787 4769 3971 4850 quod

843 4869 1114 4934 tamen
1157 4864 1413 4930 multo
1462 4863 1737 4944 plures
1777 4863 2086 4928 stantes
2127 4876 2346 4929 man·
2457 4861 2523 4924 in
2552 4862 2933 4944 Apocalypsi
2962 4862 3268 4924 asseritur
3306 4864 3496 4926 draco
3532 4865 3789 4928 tertiam
3820 4885 3971 4947 par·
3997 4881 4243 4938 Apama

844 4965 1145 5033 serunt.
2455 4967 2586 5023 tem
2617 4960 2947 5023 stellarum
2987 4960 3254 5022 traxisse
3293 4969 3436 5043 post
3474 4979 3542 5023 se
3573 4961 3640 5024 in
3669 4970 3913 5026 terram
3950 4983 3965 5027 :

924 5063 1099 5138 Quod
1131 5069 1248 5136 est,
1273 5060 1424 5143 quia
1451 5060 1550 5142 (ut
1580 5057 1813 5140 patuit)
1841 5058 2090 5141 primus
2120 5059 2347 5121 eaden·
2456 5059 2759 5142 quoniam
2800 5058 2889 5121 ibi
2932 5059 3193 5141 ponitur
3231 5078 3541 5122 numerus
3578 5062 3970 5126 determina-

843 5163 1009 5226 tium
1051 5161 1130 5224 de
1172 5176 1474 5242 supremo
1516 5157 1760 5221 exstitit
1803 5157 1998 5219 choro
2039 5175 2345 5239 superno·
2454 5165 2558 5220 tus
2616 5175 2731 5241 pro
2789 5156 3301 5232 indeterminato,
3362 5157 3440 5220 ad
3500 5158 3969 5224 insinuandum

845 5280 990 5325 rum
1019 5259 1365 5344 spirituum
1399 5275 1413 5322 ε
1447 5256 1634 5338 cujus
1664 5255 2054 5337 suggestioni
2097 5257 2176 5318 de
2218 5255 2348 5319 sin·
2455 5256 2625 5338 quod
2666 5254 2850 5318 valde
2892 5254 3126 5317 multos
3166 5254 3420 5335 dejecit.
3454 5256 3792 5342 Quumque
3832 5266 3971 5322 tam
