4300 6259
888 533 966 578 DE
1007 532 1234 578 Lunum
1277 531 1658 579 cnnls‘ruNAE:
1699 531 2002 590 Tussonm,
2047 533 2223 579 LIBER
2267 535 2307 580 1.
2348 551 2431 564 —-
2470 535 2609 582 ΛΒΤ.
2656 537 2851 582 xxvln

3300 519 3421 584 265

344 703 616 768 coelestes
647 704 911 768 lationes
941 720 1068 766 non
1099 701 1542 785 multiplicat.)
1573 703 1674 764 Sic
1707 703 1822 784 igi·
1849 701 1901 766 A
1928 721 1996 766 se
2058 705 2271 786 ipsum
2323 705 2689 769 immediate
2741 713 2804 769 et
2863 727 2978 790 per
3034 727 3223 770 suum
3284 725 3421 771 esse

345 811 442 864 tur
484 801 901 865 indubitabile
953 808 1049 864 est
1101 802 1260 884 quin
1304 801 1672 864 Aristoteles
1716 819 1821 864 vo-

345 901 520 964 luerit
547 901 854 963 mundum
893 907 1180 962 creatum
1218 918 1380 974 esse,
1413 917 1540 962 non
1581 900 1818 981 praevia

343 999 692 1072 mutatione,
753 999 865 1060 sed
921 998 1201 1080 simplici
1259 998 1678 1061 emanatione.
1744 998 1820 1060 Et

341 1099 628 1160 Averroes
657 1097 916 1178 quidem
964 1097 1084 1159 hoc
1129 1114 1256 1160 non
1297 1096 1598 1169 admittit,
1636 1114 1816 1158 mun·

341 1197 480 1258 dum
499 1203 778 1258 creatum
811 1195 1210 1276 negans3sed
1243 1213 1362 1257 nec
1393 1195 1458 1256 in
1490 1195 1632 1270 hoc,
1653 1194 1819 1256 sicut

341 1313 532 1376 neque
579 1293 655 1356 de
705 1292 948 1356 unitate
998 1293 1360 1356 intellectus
1407 1293 1471 1353 in
1515 1291 1816 1355 omnibus

341 1391 712 1464 hominibuS‚
761 1398 970 1474 potest
1023 1391 1404 1474 positionem
1464 1410 1644 1454 suam
1695 1390 1816 1452 ful-

339 1492 474 1564 cire,
525 1509 640 1553 nec
686 1491 996 1572 figmenta
1044 1489 1408 1564 defendere,
1461 1510 1671 1574 neque
1720 1510 1814 1554 se-

341 1589 600 1651 cundum
643 1589 996 1662 veritatem,
1030 1607 1148 1651 nec
1187 1589 1540 1651 secundum
1580 1589 1816 1651 Aristo·

341 1688 536 1760 telem,
587 1687 711 1749 nisi
771 1687 941 1770 quod
998 1705 1254 1769 semper
1310 1706 1384 1750 ea
1433 1707 1574 1770 quae
1623 1706 1816 1750 sacrae

341 1785 478 1848 fidei
519 1785 834 1847 contraria
873 1794 1044 1860 sunt,
1091 1784 1410 1848 nitebatur
1453 1784 1675 1848 infelix
1721 1786 1812 1848 in-

341 1883 672 1946 traducere.

639 2145 1135 2210 ARTICULUS
1181 2146 1496 2210 XXVIII.

340 2305 422 2362 De
482 2303 889 2360 emanatione
953 2303 1414 2361 universorum
1472 2321 1511 2360 a
1567 2321 1816 2361 summo

411 2393 530 2450 Deo
573 2392 932 2450 secundam
973 2391 1356 2464 positionem
1407 2391 1710 2452 Platonis
1755 2399 1815 2450 et

409 2481 626 2540 Procli
643 2499 670 2546 ,·
712 2488 774 2537 et
821 2483 899 2556 fic
944 2481 1018 2538 in
1064 2498 1132 2538 eo
1180 2481 1558 2554 explanacio
1601 2499 1816 2558 quem·

409 2570 752 2628 admodum
809 2569 1050 2627 ideales
1101 2569 1354 2644 formas
1402 2569 1530 2644 ipsi
1575 2587 1817 2645 ponere

409 2657 603 2715 coacti
640 2665 820 2716 sunt.

455 2861 796 2924 NIMVERO
837 2877 1028 2923 omne
1073 2859 1369 2923 instabile
1412 2867 1476 2922 et
1517 2859 1814 2922 difforme

479 2959 555 3020 ad
597 2958 828 3021 stabile
857 2965 922 3020 et
951 2957 1272 3021 uniforme
1305 2958 1520 3020 reduci
1553 2976 1814 3020 necesse

337 3067 436 3118 est.
483 3057 744 3139 Propter
791 3057 962 3140 quod
1018 3057 1096 3118 ad
1143 3055 1700 3120 incommutabiles
1750 3064 1812 3118 et
1842 3057 1886 3122 C
1929 3059 2193 3120 stituere
2250 3075 2264 3118 :

337 3154 638 3238 simplices
681 3175 930 3230 causas,
969 3155 1434 3236 generabilium
1475 3154 1810 3237 periodum

337 3261 392 3314 et
417 3254 598 3334 hujus
629 3254 856 3318 mundi
885 3251 1436 3316 transmutabilem
1469 3253 1814 3316 consisten-

337 3351 474 3413 tiam
511 3351 749 3416 referre
792 3359 1057 3434 oportet.
1099 3351 1228 3414 Nec
1267 3351 1440 3413 enim
1489 3350 1812 3413 sensibilis

341 3451 540 3512 mundi
576 3450 776 3531 hujus
813 3458 1057 3513 naturae
1092 3457 1156 3513 et
1195 3451 1464 3533 species,
1502 3449 1813 3511 mobilita-

341 3553 456 3608 tum
487 3549 1133 3630 vicissitudinumque
1171 3566 1430 3610 suarum
1475 3547 1643 3628 leges
1681 3554 1810 3609 tam

338 3644 806 3708 immutabiliter
834 3653 1183 3718 servarent,
1216 3645 1270 3707 si
1301 3663 1426 3708 non
1467 3645 1548 3707 ab
1587 3645 1812 3708 immo-

339 3740 435 3803 bili
465 3751 523 3806 et
553 3743 861 3807 uniformi
896 3761 1086 3806 causa
1113 3743 1640 3824 gubernarentur.
1675 3744 1816 3806 Por·

336 3857 395 3902 ro
423 3843 678 3906 materia
721 3843 1174 3922 contingentiae
1215 3841 1393 3903 radix
1433 3848 1529 3904 est
1573 3846 1637 3904 et
1681 3859 1810 3905 mo-

333 3935 574 4004 bilitatis
621 3941 826 4022 orig0.
879 3940 1017 4003 Non
1066 3957 1216 4020 ergo
1275 3947 1480 4023 potest
1529 3940 1810 4022 primum

334 4038 704 4120 principium
767 4057 908 4101 esse
969 4039 1256 4111 materia,
1315 4038 1420 4100 vel
1481 4039 1812 4100 materiam

332 4135 548 4199 habens
583 4155 598 4199 :
632 4144 806 4200 esset
836 4154 1110 4219 namque
1141 4137 1568 4218 compositum
1601 4143 1665 4200 et
1693 4137 1812 4198 dif-

1927 802 2252 865 videbitur
2276 821 2495 884 agere3
2528 805 2743 886 itaque
2774 824 2898 868 non
2938 813 3107 868 esset
3140 807 3421 887 primum

1925 919 2118 981 agens
2148 920 2331 984 pure,
2366 902 2640 985 simplex
2670 911 2735 965 et
2764 904 3244 986 simplicissime
3276 922 3421 966 cau·

1927 1018 2072 1062 sans
2097 1001 2307 1083 :quod
2337 1002 2600 1064 omnino
2631 1002 2809 1064 nefas
2838 1009 2935 1065 est
2963 1003 3195 1066 dicere.
3232 1003 3425 1086 Quip-

1929 1116 2008 1180 pe
2049 1097 2322 1162 univoce
2362 1117 2651 1174 causam,
2698 1101 3119 1184 semetipsum
3160 1101 3425 1182 largitur

1929 1202 1990 1256 et
2029 1197 2463 1260 communicat
2508 1199 2860 1260 secundum
2911 1199 3421 1262 conformitatem

1928 1295 2221 1358 essentiae
2280 1296 2635 1358 emanantis
2690 1315 2703 1358 :
2753 1297 3057 1379 quoniam
3116 1298 3287 1379 quod
3343 1297 3422 1360 ab

1929 1393 2206 1456 univoco
2247 1401 2472 1475 agente
2520 1395 2827 1475 procedit,
2862 1395 2962 1458 sui
3010 1395 3205 1458 fontis
3252 1402 3426 1458 natu-

1927 1509 2060 1552 ram
2124 1491 2485 1573 participat‚
2536 1499 2600 1554 et
2648 1499 2745 1554 est
2793 1493 3125 1556 veritatem
3184 1501 3425 1558 naturae

1929 1607 2134 1651 causae
2174 1609 2303 1652 suae
2345 1589 2621 1652 imitans.
2661 1590 2785 1652 Hoc
2816 1598 2913 1653 est
2953 1609 3105 1672 ergo
3148 1590 3425 1654 secunda

1925 1706 2070 1768 pars
2114 1688 2451 1770 positionis
2493 1688 2981 1752 Platonicorum.

2003 1785 2215 1860 Porro,
2268 1786 2477 1848 omnis
2528 1805 2863 1868 processus
2914 1789 3341 1852 secundorum
3389 1808 3424 1851 a

1843 1877 1890 1940 B
1925 1883 2132 1966 primo
2163 1890 2227 1946 et
2254 1885 2626 1946 eorumdem
2658 1886 3010 1960 conversiO,
3047 1905 3160 1969 per
3198 1887 3423 1949 simili·

1921 1981 2211 2044 tudinem
2242 1980 2528 2044 efficitur
2564 1983 2829 2044 secundi
2868 1984 2945 2046 ad
2984 1984 3266 2066 primum
3310 2003 3325 2046 τ
3370 1985 3424 2048 si

1923 2080 2098 2142 enim
2144 2080 2495 2162 procedens
2525 2081 2951 2162 processionis
2992 2083 3313 2165 principio
3344 2084 3425 2146 si·

1927 2177 2079 2240 mile
2111 2195 2239 2240 non
2283 2185 2473 2250 esset,
2506 2196 2632 2241 non
2662 2179 2795 2260 jam
2828 2188 2995 2242 esset
3025 2181 3235 2244 simile
3273 2200 3310 2243 a
3346 2182 3428 2243 si-

1927 2275 2311 2358 mili,neque
2343 2276 2694 2358 procedens
2726 2285 3201 2340 converteretur
3230 2279 3295 2340 in
3328 2280 3425 2341 sui

1926 2374 2559 2456 principium,quum
2590 2376 2924 2438 conversio
2950 2376 3085 2438 haec
3110 2394 3235 2439 non
3259 2377 3426 2439 aliud

1925 2471 2010 2534 sit
2039 2490 2231 2553 quam
2262 2471 2585 2554 appetitus
2616 2472 2853 2535 causati
2887 2474 2964 2536 ad
2996 2493 3290 2552 causam;
3322 2495 3431 2557 ap-

1927 2570 2164 2652 petitus
2212 2587 2365 2632 vero
2422 2587 2549 2632 non
2600 2571 2725 2632 nisi
2775 2590 2889 2652 per
2935 2572 3427 2636 similitudinem

1924 2666 2070 2729 fieri
2113 2673 2337 2748 potest.
2374 2666 2773 2749 Ubicumque
2820 2667 3015 2748 igitur
3056 2676 3119 2730 et
3161 2668 3229 2730 in
3273 2686 3427 2750 quo-

1923 2783 2201 2846 cumque
2232 2763 2455 2826 ordine
2494 2771 2644 2826 sunt
2690 2765 2871 2846 plura
2910 2771 3201 2828 naturam
3232 2785 3423 2828 unam

1924 2871 1988 2924 et
2035 2861 2441 2924 consimilem
2486 2862 2953 2944 participantia,
3000 2883 3201 2926 unum
3254 2865 3423 2946 quod

1925 2961 2008 3022 sit
2046 2979 2162 3043 per
2190 2979 2259 3022 se
2289 2968 2353 3021 et
2380 2960 2804 3022 essentialiter
2846 2961 2969 3023 tale
3008 2969 3256 3044 oportet
3286 2980 3427 3025 con-

2324 3057 2535 3120 omnis
2584 3058 2757 3120 enim
2812 3058 3155 3122 multitudo
3203 3067 3300 3121 est
3346 3059 3425 3122 ab

1926 3156 2189 3228 unitate,
2251 3175 2392 3237 quae
2450 3156 2673 3238 utique
2734 3156 3130 3219 multitudini
3192 3157 3284 3219 illi
3344 3157 3425 3219 sit

1923 3272 2262 3335 congenea.
2309 3255 2375 3316 ln
2423 3256 2599 3317 omni
2650 3254 2821 3316 enim
2865 3255 3111 3330 ordine,
3154 3255 3217 3318 id
3258 3257 3425 3338 quod

1923 3361 2020 3414 est
2047 3350 2553 3414 substantialiter
2582 3359 2645 3414 et
2684 3372 2799 3434 per
2844 3372 2912 3415 se
2954 3354 3099 3427 tale,
3132 3372 3261 3417 non
3301 3355 3425 3416 nisi

1925 3469 2124 3512 unum
2166 3467 2305 3511 esse
2347 3456 2571 3532 potest.
2608 3451 2848 3532 ltaque,
2886 3469 3011 3533 quo
3048 3459 3275 3514 natura
3315 3453 3426 3514 ali·

1924 3567 2048 3630 qua
2093 3547 2281 3608 latius
2326 3555 2389 3608 et
2432 3548 2859 3611 universalius
2907 3549 3281 3632 participata
3330 3550 3425 3612 fu-

1925 3645 2067 3718 erit,
2085 3663 2345 3708 necesse
2369 3653 2465 3706 est
2493 3647 2703 3727 ipsum
2729 3648 2896 3728 quod
2925 3648 2987 3709 in
3014 3648 3126 3710 tali
3150 3649 3427 3710 multitu-

1925 3742 2074 3804 dine
2107 3744 2388 3824 primum
2420 3750 2537 3816 est,
2570 3744 2887 3806 causalius
2917 3753 2979 3806 et
3018 3746 3425 3807 communius

1925 3840 2080 3904 fore.
2133 3841 2295 3902 Hinc
2347 3841 2558 3904 denuo
2607 3842 2789 3924 plura
2830 3850 2894 3904 et
2930 3842 3055 3903 sibi
3104 3843 3427 3905 coordina-

1925 3947 1989 4002 ta
2032 3939 2319 4003 formalia
2376 3940 2695 4023 principia
2748 3938 3090 4020 ponebant,
3143 3939 3425 4003 dicentes

1926 4038 2281 4100 secundum
2313 4037 2838 4100 communitatem
2885 4045 3127 4102 naturae
3171 4039 3423 4120 partici-

1926 4143 2087 4218 patae
2140 4135 2499 4216 ponendam
2557 4153 2695 4198 esse
2748 4135 3281 4218 imparticipatam
3333 4157 3424 4200 es-

333 4231 534 4298 forme.
579 4235 674 4298 Ob
711 4235 834 4297 hoc
878 4252 1050 4315 erg0‚
1085 4235 1369 4316 primum
1417 4234 1808 4316 principium
1849 4237 1896 4299 D
1926 4234 2220 4306 sentiam,
2254 4233 2463 4295 ordini
2495 4252 2635 4296 eam
2670 4232 3190 4316 participantium
3222 4236 3423 4300 coele·

331 4351 568 4396 necesse
625 4341 726 4397 est
783 4333 1053 4396 formale
1113 4333 1290 4410 fore;
1343 4351 1674 4414 quumque
1733 4333 1813 4396 sit

331 4433 676 4496 omnimode
746 4433 1046 4514 simplex,
1104 4432 1279 4494 aliud
1348 4448 1476 4493 non
1535 4439 1630 4494 est
1689 4433 1812 4494 nisi

333 4527 582 4612 simplex
629 4539 696 4593 et
746 4531 814 4594 in
863 4548 932 4593 se
980 4529 1336 4592 subsistens
1386 4528 1607 4591 forma.
1654 4529 1812 4592 Hinc

333 4625 520 4708 itaque
551 4636 910 4710 posuerunt
947 4627 1252 4691 Platonici
1295 4627 1580 4710 primum
1601 4645 1810 4708 -agens

331 4722 574 4788 formam
608 4746 839 4809 puram
873 4743 1030 4788 esse.
1049 4725 1176 4788 Hoc
1208 4725 1401 4807 igitur
1431 4724 1638 4807 prima
1667 4744 1812 4808 pars

329 4829 412 4880 est
449 4824 786 4904 positionis
830 4824 1138 4906 ipsorum.

397 4919 696 5004 Denique,
729 4922 1134 5004 aequivocum
1166 4920 1242 4982 ad
1289 4919 1659 4992 univocum,
1694 4920 1812 4982 sic-

329 5021 390 5076 ut
425 5017 724 5082 difforme
767 5019 846 5081 ad
905 5018 1228 5081 uniforme
1273 5025 1334 5081 et
1379 5019 1808 5100 compositum

330 5115 396 5175 ad
423 5116 712 5199 simplex,
738 5117 1176 5180 reducendum
1207 5124 1319 5180 est.
1346 5117 1630 5180 Primum
1661 5135 1810 5198 ergo

330 5225 520 5292 agens,
551 5217 826 5279 univoce
855 5223 954 5278 est
982 5233 1194 5297 agenS.
1229 5215 1294 5279 Si
1325 5216 1498 5279 enim
1529 5215 1806 5298 aequivo-

331 5327 395 5372 ca
429 5331 610 5378 causa
637 5322 740 5378 est
776 5313 1062 5397 primum
1102 5332 1318 5396 agens,
1351 5331 1478 5378 non
1514 5315 1646 5396 jam
1689 5333 1804 5398 per

1927 4332 2293 4404 mentalem,
2318 4331 2843 4394 universaliorem
2878 4339 3068 4415 atque
3101 4334 3380 4416 priorem
3407 4352 3419 4395 :

1927 4439 1996 4491 ut
2054 4430 2204 4511 quia
2262 4428 2391 4490 vita
2446 4447 2484 4490 a
2544 4429 2837 4511 pluribus
2896 4431 3271 4514 participata
3329 4441 3425 4494 est

1925 4547 2116 4610 quam
2162 4527 2546 4602 intellectus,
2579 4529 2952 4604 autovitam,
2994 4550 3136 4612 quae
3176 4538 3273 4592 est
3312 4550 3425 4612 per

1923 4645 1991 4688 se
2031 4626 2183 4700 vita,
2233 4626 2511 4708 priorem
2556 4633 2621 4688 et
2665 4627 3081 4690 causaliorem
3126 4627 3423 4690 dicebant

1923 4724 2113 4786 ideali
2145 4743 2257 4786 seu
2288 4724 2787 4787 autointellectu.
2818 4725 2919 4786 Sic
2950 4742 3098 4806 ergo
3129 4727 3419 4788 ordinem

1922 4822 2246 4904 ponebant
2275 4823 2561 4904 priorum
2587 4829 2650 4883 et
2682 4821 3045 4884 formalium
3077 4822 3421 4904 principio-

1921 4940 2084 4983 rum.
2122 4921 2197 4982 Et
2228 4928 2323 4982 est
2352 4920 2471 4981 hoc
2502 4919 2687 4980 tertia
2718 4937 2863 5000 pars
2894 4920 3229 5002 positionis
3261 4921 3419 4985 Stoi-

1919 5036 2163 5081 corum.

1997 5118 2287 5198 Insuper,
2321 5134 2521 5198 quum
2563 5115 2941 5179 universalis
2981 5116 3316 5180 causalitas
3356 5127 3421 5182 et

1915 5215 2189 5278 causalis
2220 5214 2643 5298 providentia,
2676 5214 2879 5277 divini
2912 5233 3051 5278 esse
3071 5217 3419 5300 proprieta-

1914 5322 2007 5376 tes
2037 5313 2188 5389 sint,
2223 5322 2527 5396 tanquam
2560 5312 3113 5379 excellentissimae
3142 5315 3413 5398 dignita·
