4300 6259
1111 511 1192 557 DE
1232 511 1458 559 amnne
1500 512 1884 560 cumsTuNAE
1924 513 2226 573 Tmolum,
2272 515 2448 563 LIBER
2490 517 2529 562 1.
2574 535 2655 545 —
2697 518 2835 564 ΛΒΤ.
2881 517 3045 564 XCVII

3504 501 3625 564 355

515 685 661 758 post
688 679 1007 742 actualem
1039 680 1562 756 intellectionem,
1597 681 1816 746 formae
1860 683 2016 746 tales
2047 682 2099 747 A
2129 685 2393 767 positus.
2440 688 2681 760 Denuo,
2715 687 2868 749 dum
2912 707 2948 748 a
2990 687 3246 751 Platone
3292 687 3627 767 investiga-

513 793 644 838 non
677 785 1011 840 remanent
1051 777 1116 841 in
1157 779 1487 842 intellectu
1534 780 1654 842 sub
1698 787 1842 843 actu
1876 799 2017 863 per-

512 871 706 946 fecto,
759 874 872 936 sed
933 875 997 938 in
1047 895 1188 938 esse
1245 878 1525 959 quodam
1583 879 1796 942 medio
1853 878 2019 942 inter

507 979 728 1034 actum
759 979 825 1034 et
854 975 1224 1054 potentiam.
1263 976 1546 1058 Insuper,
1591 995 1849 1041 necesse
1891 996 2018 1041 non

509 1077 614 1132 est
641 1088 902 1134 omnem
941 1073 1244 1136 virtutem
1285 1075 1737 1137 reservativam
1777 1075 2018 1158 specie-

507 1185 660 1230 rum
693 1169 1056 1251 organicam
1097 1189 1260 1244 esse,
1293 1172 1402 1234 sed
1443 1191 1582 1234 eam
1623 1172 1832 1235 solum
1876 1192 2018 1254 quae

509 1266 856 1328 sensibiles
909 1267 1144 1331 formas
1195 1269 1445 1332 retinet.
1509 1270 1684 1332 Unde
1741 1270 1892 1352 quia
1951 1271 2016 1332 in

509 1364 960 1446 superioribus
1004 1367 1066 1428 id
1114 1366 1190 1428 fit
1235 1386 1348 1449 per
1385 1369 1707 1450 pauciora,
1742 1369 1910 1450 quod
1951 1368 2016 1431 in

509 1462 934 1528 inferioribus
964 1484 1080 1548 per
1110 1467 1294 1548 plura
1319 1466 1626 1542 efficitur,
1643 1468 2018 1531 rationabile

512 1581 778 1644 prorsus
834 1572 952 1638 est,
1003 1573 1074 1627 ut
1131 1565 1299 1628 sicut
1355 1567 1420 1628 in
1481 1575 1658 1649 parte
1717 1567 2018 1629 sensitiva

511 1662 800 1744 cognitio
829 1671 894 1725 et
923 1664 1268 1728 reservatio
1297 1665 1660 1748 specierum
1705 1684 1819 1747 per
1862 1666 2018 1728 duas

509 1763 836 1844 potentias
866 1763 1305 1844 contingit,sic
1336 1763 1402 1826 in
1430 1772 1606 1846 parte
1631 1763 2020 1826 intellectiva

2126 789 2323 856 retur,
2356 803 2497 866 quae
2528 783 2611 846 sit
2639 785 2924 868 corporis
2952 784 3330 858 entelechia,
3372 802 3629 866 respon-

2128 881 2241 952 dit,
2278 881 2341 942 in
2374 900 2639 965 corpore
2672 884 2952 947 humano
2981 892 3110 946 tres
3140 903 3281 946 esse
3320 883 3565 946 animas
3608 899 3622 944 :

2128 979 2526 1054 rationalem,
2609 1001 2802 1063 quam
2882 982 3115 1044 locavit
3184 983 3248 1044 in
3319 980 3624 1060 cerebr03

2128 1077 2527 1151 nutritivam,
2579 1098 2721 1160 quae
2778 1080 3133 1142 secundum
3193 1099 3364 1152 eum,
3416 1086 3511 1141 est
3560 1079 3627 1142 in

2127 1173 2401 1256 hepate3
2442 1183 2507 1237 et
2544 1176 3139 1258 concupiscibilem,
3181 1197 3323 1260 quae
3354 1185 3522 1240 esset
3560 1177 3625 1240 in

2130 1272 2338 1334 corde.
2375 1273 2515 1337 Haec
2546 1275 2855 1338 Averroes
2886 1283 3099 1338 narrat
3137 1275 3216 1338 de
3255 1275 3532 1349 Platone,
3565 1282 3629 1338 et

2129 1370 2321 1430 etiam
2368 1371 2657 1434 Thomas

2210 1468 2661 1531 Verumtamen
2702 1469 3085 1551 positionem
3125 1470 3401 1533 Platonis
3437 1469 3629 1533 resol-

2128 1585 2277 1628 vere
2308 1565 2581 1629 difficile
2614 1567 2884 1629 videtur.
2920 1568 3092 1630 Dixit
3120 1587 3354 1650 nempe
3394 1568 3631 1631 formas

2129 1664 2449 1727 naturales
2497 1665 2576 1728 ab
2628 1664 2939 1728 idealihus
2988 1667 3215 1730 formis
3264 1667 3629 1748 procedere,

2129 1771 2195 1824 et
2236 1763 2319 1824 ita
2365 1765 2718 1826 secundum
2766 1764 3055 1827 ordinem
3104 1773 3168 1828 et
3211 1765 3631 1828 communita-

513 1879 640 1941 per
667 1879 858 1923 unam
901 1861 1247 1944 potentiam
1288 1863 1550 1924 exsistat
1583 1880 1596 1924 :
1631 1861 1796 1924 sicut
1825 1863 2016 1924 etiam
2055 1861 2101 1924 B
2131 1869 2259 1924 tem
2311 1862 2661 1926 formarum
2712 1863 3197 1938 universalium,
3250 1885 3408 1947 quas
3458 1866 3632 1928 ideas

509 1959 758 2041 duplex
817 1961 1076 2042 ponitur
1140 1961 1462 2043 appetitus
1521 1961 1888 2035 sensitivus‚
1957 1969 2020 2024 et

509 2077 690 2120 unus
719 2060 1046 2122 dumtaxat
1073 2059 1545 2122 intellectualis.
1566 2059 2018 2122 Verumtamen

508 2155 595 2217 de
649 2163 873 2219 natura
921 2157 1248 2220 rationalis
1295 2157 1547 2230 animae,
1602 2176 1732 2240 prae
1791 2158 2020 2220 ceteris

507 2255 956 2337 Peripateticis
999 2256 1301 2319 subtilius
1347 2256 1595 2318 locutus
1634 2264 1731 2318 est
1757 2256 2022 2318 Avicen-

509 2372 600 2415 na
639 2371 654 2414 ι
687 2353 836 2416 lieet
863 2355 1106 2437 aliquid
1141 2355 1646 2437 imperfectionis
1679 2355 1927 2429 habeat,
1957 2363 2020 2416 et

509 2453 582 2514 in
617 2452 1001 2534 quibusdam
1034 2453 1416 2536 Philosopho
1447 2452 1762 2516 contraria
1790 2454 1873 2515 sit
1911 2472 2020 2536 po-

507 2552 670 2614 sitio
712 2552 1016 2615 doctrinae
1057 2571 1208 2614 suae.

864 2833 1354 2899 ARTICULUS
1400 2834 1672 2899 XCVII.

501 2986 614 3045 De
647 2985 886 3042 unione
919 2985 1380 3044 intellectualis
1407 2985 1646 3045 animce
1674 2987 1762 3044 ad
1788 3004 2023 3061 corpus

595 3074 989 3142 humanum,
1037 3075 1396 3133 secundum
1453 3075 1796 3134 Platonem
1844 3095 1865 3134 .·

593 3164 966 3222 consentire
998 3163 1310 3222 videntur
1328 3163 1515 3222 Isaac
1543 3163 1852 3222 Israelita
1875 3165 2022 3239 phi-

599 3253 922 3327 Iosephus,
963 3260 1024 3310 ec
1065 3253 1346 3314 Proclus
1389 3253 1462 3312 in
1505 3254 2024 3314 Elementatione

601 3342 977 3418 theologica.

658 3535 1000 3600 NIMVERO
1028 3536 1386 3599 animarum
1432 3537 1530 3601 hae
1567 3538 1829 3620 quidem
1874 3545 2024 3601 sunt

683 3636 958 3717 desuper
1003 3641 1262 3710 stantem,
1317 3652 1583 3719 corpora
1631 3656 1746 3699 sua
1792 3636 2021 3719 guber-

509 3741 747 3797 nantes
775 3742 840 3796 et
870 3741 1234 3814 moventes;
1266 3734 1363 3798 hae
1393 3752 1546 3798 vero
1585 3736 1864 3798 materiae
1905 3736 2022 3798 im-

507 3852 758 3916 pressae
823 3840 995 3906 sunt,
1055 3834 1410 3896 secundum
1471 3834 1820 3908 Platonem,
1881 3853 2025 3918 ope-

507 3932 835 3994 rationem
892 3931 1136 3994 nullam
1196 3931 1504 3995 habentes
1573 3932 1638 3995 in
1709 3953 1836 4015 qua
1893 3952 2020 3998 non

505 4031 960 4093 communicet
981 4047 1233 4114 corpuS.
1249 4031 1615 4095 Rationibus
1643 4033 1854 4115 itaque
1881 4053 2021 4116 quae

503 4129 795 4192 articulo
849 4129 1264 4210 nonagesimo
1334 4131 1519 4192 tertio
1586 4131 1808 4213 positae
1872 4139 2023 4194 sunt

2131 1961 2441 2034 nominat,
2465 1962 2773 2042 ponendae
2803 1969 3019 2024 essent
3048 1963 3112 2024 in
3144 1963 3365 2026 eadem
3398 1984 3466 2027 re
3496 1964 3635 2047 plu·

2131 2079 2231 2121 res
2262 2059 2483 2124 formae
2517 2061 2953 2142 particulares.
2980 2062 3049 2123 ln
3081 2063 3199 2124 hac
3232 2063 3425 2143 igitur
3456 2070 3633 2145 parte

2130 2158 2538 2241 philosophia
2579 2158 2855 2221 Platonis
2896 2159 3349 2222 irrationabilis
3392 2168 3505 2224 est.
3544 2161 3636 2223 Ex

2133 2263 2375 2320 motore
2412 2258 2585 2320 enim
2626 2264 2689 2320 et
2732 2258 2954 2321 mobili
2998 2277 3125 2322 non
3170 2259 3249 2321 fit
3290 2278 3490 2321 unum
3534 2277 3633 2322 se-

2132 2355 2417 2418 cundum
2449 2357 2753 2438 speciem,
2788 2358 2898 2419 sed
2930 2357 3283 2420 secundum
3326 2357 3636 2440 operatio-

2132 2474 2280 2517 nem
2316 2463 2416 2516 :et
2447 2455 2534 2516 ita
2564 2455 2755 2518 homo
2785 2473 2913 2518 non
2946 2463 3293 2539 poneretur
3323 2457 3387 2517 in
3420 2456 3633 2538 specie

2131 2572 2247 2634 per
2294 2553 2575 2615 animam
2618 2554 3015 2626 rationalem,
3058 2572 3268 2636 neque
3318 2561 3635 2618 constaret

2130 2671 2209 2714 ex
2230 2651 2436 2714 forma
2464 2660 2527 2714 et
2560 2653 2821 2714 materia
2838 2659 2933 2731 3et
2964 2653 3055 2714 sic
3088 2669 3214 2714 non
3245 2660 3413 2716 esset
3441 2652 3633 2717 homo

2130 2769 2233 2813 res
2291 2750 2620 2824 naturaliS,
2673 2769 2882 2832 neque
2941 2751 3199 2814 mobilis
3248 2751 3384 2814 sive
3434 2752 3633 2814 sensi-

2131 2849 2301 2911 hilis.
2348 2849 2665 2931 Amplius,
2708 2850 2763 2911 si
2802 2849 2993 2913 homo
3042 2857 3139 2912 est
3184 2850 3399 2912 anima
3447 2857 3633 2913 utens

2131 2965 2419 3029 corpore,
2454 2947 2588 3011 haec
2620 2948 2742 3010 erit
2773 2946 2952 3022 falsa,
2985 2948 3188 3011 Homo
3218 2955 3315 3010 est
3343 2949 3579 3012 animal
3616 2967 3629 3010 :

1912 3041 2096 3134 cul-C
2131 3065 2279 3108 nam
2331 3045 2545 3108 anima
2592 3065 2733 3128 quae
2792 3053 2889 3108 est
2946 3046 3137 3109 homo
3197 3047 3262 3108 in
3322 3055 3633 3129 quantum

2133 3163 2398 3227 corpore
2443 3144 2665 3217 utitur,
2707 3152 2803 3206 est
2844 3144 3172 3207 rationalis
3196 3162 3212 3224 3
3244 3145 3378 3208 haec
3420 3153 3635 3208 autem

2133 3259 2261 3306 non
2292 3251 2389 3306 est
2414 3241 2651 3305 animal
2687 3259 2699 3303 :
2734 3241 2972 3304 animal
3016 3242 3188 3304 enim
3222 3249 3319 3306 est
3346 3243 3635 3306 substan-

2131 3342 2221 3403 tia
2276 3340 2557 3402 animata
2604 3339 2930 3413 sensitiva,
2981 3347 3046 3402 et
3094 3359 3207 3422 per
3262 3341 3636 3404 sensitivam

2131 3440 2413 3501 animam
2474 3438 2735 3520 ponitur
2794 3455 3027 3520 corpus
3085 3437 3151 3500 in
3211 3445 3435 3501 natura
3494 3439 3634 3502 ani·

2133 3537 2339 3600 malis.
2376 3536 2677 3618 Sequitur
2708 3536 2922 3619 itaque
2950 3537 3122 3618 quod
3151 3537 3343 3600 homo
3382 3555 3510 3600 non
3553 3537 3636 3600 sit

2132 3637 2394 3710 animal,
2442 3637 2551 3699 sed
2596 3645 2783 3698 utens
2828 3635 3091 3698 animali
3143 3654 3156 3698 :
3201 3636 3370 3718 quod
3420 3637 3635 3719 inepte

2133 3744 2332 3799 sonat.
2353 3735 2681 3807 Praeterea,
2700 3753 2843 3815 quae
2874 3733 3353 3816 suppositaliter
3383 3734 3635 3797 diversa

2133 3841 2304 3907 sunt,
2345 3851 2545 3895 unum
2595 3848 2723 3895 non
2771 3839 2869 3894 est
2906 3832 2983 3894 de
3032 3831 3158 3895 alio
3208 3832 3627 3907 enuntiabile,

2132 3951 2341 4014 neque
2370 3930 2656 4014 operatio
2685 3929 2877 3992 unius
2909 3937 3005 3992 est
3032 3930 3318 4012 operatio
3348 3930 3629 3993 alteriue.

2131 4032 2209 4094 Et
2266 4031 2385 4093 hoc
2445 4047 2668 4092 verum
2720 4035 2816 4090 est
2858 4028 2937 4090 de
2985 4027 3351 4110 operatione
3410 4047 3634 4092 secun-

2131 4131 2285 4192 dum
2316 4128 2486 4210 quod
2518 4127 2841 4207 egreditur
2869 4125 2949 4188 ab
2979 4133 3282 4208 operante
3317 4143 3331 4189 τ
3365 4146 3400 4189 a
3429 4127 3635 4190 diver·

503 4228 700 4292 Plato
727 4227 1334 4310 acquiescenS,dixit
1363 4228 1860 4292 intellectualem
1892 4230 2021 4292 ani·
2051 4234 2102 4297 D
2132 4229 2221 4293 sis
2264 4227 2435 4290 enim
2486 4243 2614 4288 non
2660 4225 2790 4287 exit
2834 4243 2962 4287 una
3010 4243 3296 4288 numero.
3333 4225 3395 4290 Si
3442 4226 3637 4308 igitur

511 4343 702 4390 mam
740 4327 988 4409 corpori
1039 4345 1166 4390 non
1207 4327 1375 4389 uniri
1424 4326 1592 4389 sicut
1636 4335 1850 4390 actum
1899 4329 2023 4411 pri-

509 4441 712 4487 mum
751 4431 814 4486 et
849 4423 1146 4498 formam,
1189 4423 1298 4486 sed
1340 4431 1412 4486 ut
1460 4433 1770 4488 motorem
1821 4434 1884 4488 et
1932 4446 2023 4489 re-

507 4531 767 4587 ctorem
839 4540 854 4584 :
927 4522 1096 4584 sicut
1165 4529 1356 4586 nauta
1432 4524 1653 4586 unitur
1721 4525 1894 4600 navi,
1961 4533 2025 4588 et

507 4621 950 4703 intelligentia
1014 4621 1174 4684 orbi.
1235 4620 1572 4705 Quumque
1638 4623 2026 4704 objiceretur

505 4721 792 4794 Platoni,
824 4721 976 4803 quia
1004 4720 1114 4782 tali
1145 4721 1445 4803 positioni
1485 4741 1615 4785 suae
1653 4723 2023 4786 contrariari

505 4821 782 4885 videtur
811 4820 952 4902 ipsa
981 4819 1262 4882 hominis
1292 4829 1539 4894 natura,
1565 4823 1672 4904 qui
1705 4841 1782 4885 ex
1812 4823 2028 4885 anima

504 4929 588 4985 et
651 4935 916 5000 corpore
976 4925 1260 4996 constat3
1315 4921 1643 5001 respondit
1699 4920 2026 4983 hominem

503 5017 1034 5083 substantialiter
1073 5033 1200 5079 non
1245 5017 1543 5098 componi
1591 5035 1668 5080 ex
1712 5018 1925 5080 anima
1967 5027 2030 5079 et

503 5133 812 5199 corpore,
863 5115 976 5178 sed
1024 5115 1193 5196 quod
1250 5115 1466 5176 anima
1524 5122 1707 5178 utens
1767 5135 2030 5198 corpore

503 5223 698 5281 esset
725 5215 918 5278 homo
944 5232 959 5276 :
983 5214 1150 5276 sicut
1179 5213 1467 5276 Socrates
1497 5221 1596 5276 est
1625 5214 1816 5278 homo
1847 5223 2031 5278 utens

505 5322 729 5388 veste,
763 5331 890 5377 non
934 5320 1150 5376 autem
1179 5330 1258 5374 ex
1287 5319 1464 5374 veste
1503 5319 1566 5376 et
1604 5321 1822 5376 utente
1863 5331 2032 5376 com·

2133 4345 2366 4410 corpus
2398 4326 2753 4388 humanum
2784 4323 2977 4386 habet
3019 4323 3290 4388 formam
3334 4325 3525 4388 aliam
3552 4325 3635 4389 ab

2132 4427 2349 4490 anima
2396 4423 2709 4498 rationali,
2762 4423 3062 4487 videlicet
3110 4424 3479 4488 sensitivam
3506 4443 3523 4505 3
3573 4431 3637 4489 et

2137 4544 2249 4609 per
2279 4526 2443 4588 banc
2472 4523 2764 4586 efficitur
2792 4523 3027 4585 animal
3072 4530 3136 4586 et
3178 4523 3532 4586 subsistens
3563 4543 3637 4587 ac

2137 4625 2439 4687 sentiens».
2501 4623 2565 4686 Si
2616 4640 2871 4704 quoque
2919 4621 3133 4684 anima
3179 4622 3505 4685 rationalis
3556 4622 3639 4685 sit

2141 4731 2349 4786 motor
2385 4728 2631 4784 tantum
2665 4728 2728 4782 et
2767 4739 2893 4784 non
2934 4720 3141 4783 forma
3180 4721 3485 4802 corporis,
3518 4721 3641 4784 erit

2137 4831 2202 4885 et
2231 4821 2655 4903 suppositum.
2681 4819 3095 4900 Nequaquam
3131 4819 3325 4900 igitur
3354 4819 3475 4882 erit
3504 4820 3639 4884 haec

2139 4939 2310 4993 vera,
2352 4917 2553 4980 Homo
2600 4923 2696 4978 est
2744 4916 3023 4994 animal;
3068 4925 3179 4978 aut
3226 4937 3447 4980 rursus
3496 4917 3637 4994 ista,

2140 5019 2341 5081 Homo
2372 5017 2565 5079 sentit
2590 5033 2603 5076 :
2628 5033 2770 5096 quae
2800 5015 3063 5078 omnino
3093 5014 3367 5079 absurde
3397 5025 3636 5080 sonant.

2141 5117 2390 5199 Quippe
2432 5115 2600 5196 quod
2637 5113 2702 5174 in
2737 5113 2962 5175 eodem
3006 5114 3222 5196 plures
3256 5115 3494 5179 formas
3534 5118 3640 5180 ad-

2145 5215 2363 5288 mittit,
2417 5212 2877 5276 inconveniens
2926 5219 3023 5275 est
3068 5221 3130 5275 et
3177 5214 3257 5277 ab
3304 5214 3643 5279 Aristotele

2147 5315 2561 5376 destructum.
2597 5312 2717 5375 Res
2748 5311 2921 5374 enim
2954 5331 3353 5398 unaquaeque
3382 5320 3480 5376 est
3517 5333 3645 5378 una
