4300 6259
1067 511 1144 558 na
1186 509 1416 558 mmm
1458 509 1844 558 camsrimae.
1885 509 2189 568 ’rasonis-2,
2236 511 2409 559 mnan
2452 513 2491 559 1.
2539 531 2618 540 —
2660 512 2799 559 ΑΜ.
2848 515 2969 560 xm
3450 494 3571 559 283

449 681 656 764 pium
695 701 835 746 esse
875 702 1110 765 purum
1139 689 1354 745 actum
1403 682 1468 746 in
1511 701 1580 746 se
1621 681 1969 745 subsisten-
1997 681 2049 744 A
2080 701 2213 746 suae
2266 683 2537 748 actionis
2596 684 2926 749 ultimatus
2974 684 3129 748 finis
3176 703 3317 748 esse
3365 692 3573 768 potest

447 786 627 855 tem,
657 789 722 843 et
752 789 1011 864 propter
1041 782 1246 862 ipsam
1277 801 1456 844 suam
1497 780 1968 863 supervivalem

447 879 918 942 excellentiam
986 879 1146 942 nulli
1217 899 1477 964 prorsus
1535 879 1967 942 commiscibi-

449 975 625 1051 lem,
684 984 932 1040 constat
994 977 1210 1060 ipsum
1269 977 1510 1041 nullius
1571 977 1968 1040 materialem

449 1083 582 1136 aut
624 1075 957 1139 formalem
1003 1075 1138 1138 fore
1180 1095 1456 1139 causam.
1504 1076 1819 1158 AmpliuS,
1860 1094 1968 1138 an-

195 1195 300 1234 ιι-ι.
333 1204 414 1232 ιι-
453 1181 534 1235 te
575 1173 866 1236 habitum
898 1182 1015 1249 est,
1049 1175 1218 1258 quod
1249 1176 1532 1257 primum
1563 1194 1681 1236 nec
1711 1181 1808 1236 est
1833 1191 1967 1236 eor-

453 1291 618 1354 puS,
673 1292 882 1356 neque
931 1274 1132 1336 virtus
1191 1291 1516 1355 corporea,
1578 1291 1694 1336 nec
1763 1273 1966 1336 virtus

449 1371 780 1452 eorporiS‚
821 1389 1030 1452 neque
1073 1371 1276 1434 virtus
1328 1372 1394 1433 in
1451 1389 1717 1454 corpore
1769 1388 1782 1432 :
1836 1387 1964 1432 non

445 1477 566 1530 est
625 1487 773 1550 ergo
831 1469 1158 1533 materiale
1214 1468 1490 1550 alicujus
1547 1469 1962 1540 elementum,

445 1585 680 1648 neque
733 1565 1002 1630 formale
1045 1566 1456 1650 principium.
1520 1565 1744 1628 Forma
1793 1585 1970 1628 nam-

443 1682 594 1746 que
625 1671 723 1726 est
750 1664 1106 1726 entelechia
1137 1665 1446 1743 materiae3
1483 1663 1743 1726 materia
1773 1663 1964 1726 etiam

441 1781 494 1823 a
517 1761 874 1844 quantitate
905 1761 1349 1845 inseparabilis
1379 1770 1504 1824 est:
1525 1771 1780 1845 propter
1799 1762 1964 1843 quod

2080 782 2205 845 nisi
2238 783 2471 864 ipsum.
2491 819 2565 828 —
2586 783 2926 847 Enimvero
2956 783 3253 848 efficiens
3284 785 3391 846 dat
3418 783 3572 846 effe-

2078 881 2211 942 ctui
2241 880 2535 956 formam,
2570 889 2641 944 ut
2678 883 2769 944 ait
2810 883 2983 946 Plato
3018 901 3032 945 :
3068 882 3257 965 Operi
3296 883 3569 946 formam

2077 979 2183 1042 dat
2204 979 2422 1063 opifex
2452 1001 2626 1043 suuS.
2651 982 2961 1056 Quoniam
2989 1001 3268 1065 namque
3297 981 3570 1045 effectus

2077 1086 2176 1140 est
2232 1098 2363 1142 suae
2421 1098 2625 1143 causae
2684 1081 2893 1163 imago
2949 1081 3263 1164 quaedam,
3314 1099 3573 1144 necesse

2077 1185 2175 1237 est
2222 1185 2291 1238 ut
2334 1177 2413 1239 ad
2463 1177 2943 1242 similitudinem
2992 1180 3093 1242 sui
3140 1179 3372 1242 formet
3414 1196 3576 1261 opus

2077 1293 2233 1336 suus
2279 1275 2620 1339 institutor.
2655 1277 2917 1360 Propter
2945 1279 3115 1361 quod
3155 1279 3317 1340 dixit
3345 1277 3578 1342 Aristo-

2077 1372 2257 1446 teleS‚
2293 1375 2463 1456 quod
2506 1392 2699 1456 agens
2743 1376 2875 1457 agit
2916 1383 3177 1457 propter
3219 1375 3577 1438 assimilan-

2077 1469 2233 1532 dum
2264 1471 2387 1532 sibi
2420 1490 2699 1553 passum.
2735 1473 2982 1556 Quippe
3020 1473 3316 1536 efficiens
3356 1483 3425 1535 ut
3455 1473 3577 1537 for-

2079 1587 2283 1642 mam,
2319 1587 2431 1650 per
2462 1569 2733 1632 formam
2765 1571 2863 1633 sui
2896 1570 3045 1633 facti
3086 1579 3387 1653 operatur
3420 1589 3435 1633 :
3466 1580 3577 1634 aut

2077 1666 2454 1740 naturalem,
2505 1676 2577 1730 ut
2634 1668 2839 1749 ignis;
2884 1677 2995 1730 aut
3050 1667 3571 1743 intellectualem,

2079 1769 2147 1824 ut
2196 1763 2507 1827 voluntas,
2556 1764 2648 1828 Ob
2698 1765 2757 1827 id
2812 1765 3005 1846 igitur
3046 1765 3343 1829 efficiens
3385 1785 3575 1830 causa

437 1861 776 1923 Averroes
823 1860 1256 1924 dimensiones
1315 1860 1754 1923 interminatas
1805 1861 1964 1922 dixit
1993 1853 2040 1915 B
2078 1862 2269 1924 etiam
2314 1862 2601 1926 formalis
2646 1864 2900 1926 dicitur.
2950 1865 3060 1926 Est
3106 1865 3304 1938 enim,
3350 1883 3573 1927 secun-

441 1959 750 2021 materiae
791 1966 1154 2022 coaeternas,

541 2055 688 2118 Non
735 2064 829 2118 est
875 2073 1026 2137 ergo
1074 2056 1354 2138 primum
1413 2057 1806 2138 principium
1855 2076 1961 2119 en·

439 2154 634 2216 tium
665 2172 874 2227 causa,
893 2153 1019 2216 nisi
1051 2154 1114 2216 in
1147 2153 1405 2216 biformi
1439 2155 1740 2216 causandi
1771 2173 1958 2235 gene-

439 2272 550 2315 re.
591 2253 672 2314 Et
709 2253 968 2335 quidem
1007 2253 1176 2334 quod
1215 2253 1300 2314 sit
1337 2253 1628 2315 omnium
1667 2252 1962 2316 efficiens

121 2375 216 2412 m.
249 2383 398 2414 xxxxx
438 2369 682 2423 eausa,
723 2369 892 2413 nunc
941 2358 1087 2413 ante
1137 2351 1580 2433 multipliciter
1623 2351 1960 2434 probatum

434 2457 577 2512 est.
605 2449 715 2511 Est
745 2457 1045 2532 praeterea
1073 2457 1138 2511 et
1165 2449 1382 2512 finalis
1411 2451 1700 2512 omnium
1732 2467 1960 2512 causa:

433 2549 684 2611 omnia
737 2566 1014 2630 namque
1079 2555 1540 2611 convertuntur
1597 2549 1662 2610 in
1723 2547 1961 2630 ipsum,

431 2647 1006 2730 quemadmodum
1035 2645 1116 2708 ab
1149 2645 1290 2729 ipso
1319 2647 1691 2728 procedunt.
1715 2647 1960 2720 Adhuc,

425 2745 619 2809 finis
669 2753 733 2806 et
779 2743 1018 2807 bonum
1067 2743 1440 2807 coincidunt
1491 2762 1504 2806 :
1551 2745 1720 2828 quod
1771 2745 1964 2825 igitur

431 2842 744 2906 maxime
792 2842 1031 2905 bonum
1082 2851 1200 2915 est,
1250 2843 1582 2924 potissime
1631 2843 1822 2906 habet
1869 2863 1962 2906 ra-

427 2943 708 3005 tionem
753 2941 949 3021 finis;
997 2941 1266 3024 ideoque
1315 2942 1482 3004 sicut
1532 2942 1814 3022 primum
1867 2949 1963 3004 est

2075 1960 2231 2022 dum
2262 1961 2581 2024 Platonem
2623 1970 2687 2024 et
2722 1963 3035 2034 Boetium‚
3068 1963 3304 2045 duplex
3344 1962 3570 2036 forma,

2072 2056 2375 2121 videlicet
2428 2059 2779 2122 informans
2824 2068 2888 2122 et
2930 2061 3085 2123 foris
3136 2079 3417 2124 manenS.
3470 2062 3573 2124 Sic

2073 2157 2247 2218 enim
2298 2164 2617 2240 separatas
2675 2158 2921 2221 entium
2980 2159 3364 2241 quidditates
3414 2159 3575 2221 dixit

2072 2253 2247 2320 Plato
2303 2273 2441 2318 esse
2500 2255 2759 2329 formaS,
2820 2274 2896 2321 eo
2953 2257 3119 2338 quod
3180 2257 3395 2319 omnia
3453 2256 3575 2319 sor-

2079 2362 2345 2428 marent,
2378 2354 2543 2416 sicut
2573 2373 2719 2416 cera
2750 2353 3056 2435 sigillum,
3076 2361 3139 2417 et
3168 2362 3379 2418 tamen
3414 2374 3572 2436 pure

2077 2453 2141 2515 in
2174 2471 2242 2514 se
2274 2452 2430 2534 ipsis
2470 2451 2908 2514 subsisterent.
2946 2453 3067 2515 Sed
3102 2453 3405 2534 quoniam
3445 2471 3571 2515 non

2075 2558 2225 2613 sunt
2269 2549 2425 2613 tales
2470 2549 2711 2622 sormae,
2746 2557 2815 2612 ut
2860 2549 2967 2612 ille
3008 2551 3291 2633 putabat,
3328 2550 3571 2613 intelle·

2075 2657 2213 2711 ctus
2246 2649 2518 2730 separati
2550 2657 2611 2710 et
2646 2649 2853 2730 prima
2874 2656 3117 2722 natura,
3137 2666 3263 2710 non
3286 2649 3408 2711 hoc
3439 2666 3571 2711 mo-

2073 2747 2157 2810 do
2186 2746 2406 2810 formae
2436 2747 2755 2808 dicuntur.
2789 2745 3215 2827 Intelligentia
3252 2746 3427 2809 enim
3476 2755 3573 2808 est

2074 2845 2263 2928 plena
2306 2844 2529 2906 formis
2572 2851 2637 2906 et
2678 2844 2953 2926 simplex
2998 2845 3062 2906 in
3104 2863 3170 2908 se
3216 2844 3571 2907 subsistens

2072 2943 2370 3017 essentia,
2404 2949 2474 3004 ut
2504 2951 2725 3005 auctor
2756 2942 2903 3005 libri
2936 2943 3281 3006 Causarum
3311 2944 3421 3006 ait.
3449 2944 3571 3007 Pri-

429 3039 678 3104 omnis
724 3038 877 3102 boni
927 3038 1192 3113 bonum,
1241 3039 1336 3101 sic
1393 3047 1490 3102 est
1537 3040 1826 3102 omnium
1891 3039 2034 3102 fi-C
2073 3059 2251 3102 mum
2312 3059 2567 3123 quoque
2625 3048 2856 3103 cuncta
2914 3060 3191 3124 superno
3256 3041 3433 3104 ducit
3488 3042 3568 3105 ab

427 3139 652 3202 nium
697 3137 866 3200 finis.
911 3137 1236 3210 Praeterca,
1283 3155 1474 3202 omne
1519 3137 1811 3219 indigens
1859 3138 1962 3200 de-

425 3237 702 3300 siderat
758 3235 1262 3298 conservativam
1312 3236 1411 3299 sui
1457 3254 1712 3298 causam
1767 3253 1780 3298 ε
1833 3237 1962 3298 Deo

423 3343 678 3400 autem
721 3334 936 3397 omnia
971 3343 1179 3415 egent.
1215 3334 1392 3396 Sicut
1435 3335 1608 3397 enim
1655 3335 1958 3397 diurnum

419 3433 656 3517 jubar
683 3451 800 3494 nec
841 3433 906 3494 in
947 3433 1078 3494 ictu
1117 3432 1288 3496 oculi
1329 3432 1466 3494 sine
1499 3433 1834 3514 praesentia
1863 3451 1960 3496 so·

425 3532 618 3597 laris
651 3530 912 3592 luminis
938 3537 1292 3613 permanet,
1313 3529 1406 3592 sic
1435 3548 1698 3612 prorsus
1719 3530 1962 3593 subtra-

425 3639 562 3694 cta
595 3627 949 3692 influxione
987 3627 1270 3690 bonifica
1309 3627 1501 3710 primi
1544 3627 1718 3702 boni,
1751 3628 1960 3690 omnis

425 3735 708 3792 naturae
746 3726 963 3789 vultus
1019 3725 1530 3800 discoloraretur,
1591 3735 1654 3788 et
1711 3727 1962 3789 univer-

425 3845 608 3890 sum
667 3843 806 3888 esse
861 3825 1290 3887 secundorum
1359 3824 1424 3886 in
1493 3825 1768 3887 nihilum
1824 3834 1959 3887 tan-

423 3943 660 4008 quam
703 3923 768 3985 in
813 3923 912 3984 sui
960 3922 1439 4004 primordialem
1481 3923 1793 4004 originem
1825 3942 1961 3986 ver-

419 4029 722 4087 teretur.
769 4021 1052 4084 Primum
1101 4039 1252 4103 ergo
1301 4021 1594 4084 omnium
1637 4021 1792 4086 finis
1841 4030 1957 4098 est,

421 4131 520 4186 et
564 4119 766 4182 finale
806 4119 1256 4182 desideratum.

2070 3139 2385 3221 exemplo.
2434 3139 2535 3201 Sic
2582 3138 2775 3220 igitur
2816 3140 3100 3222 primum
3144 3146 3242 3202 est
3286 3139 3571 3202 formalis

2071 3255 2282 3308 causa,
2314 3245 2617 3320 tanquam
2649 3237 2853 3300 forma
2882 3239 3096 3300 omnia
3126 3237 3431 3301 formanS.
3452 3239 3571 3300 Un-

2071 3336 2148 3398 de
2181 3335 2443 3418 quidam
2472 3335 2945 3417 appropriatius
2978 3336 3573 3418 loquenteS,dicunt

2071 3434 2355 3516 primum
2426 3433 2871 3496 universorum
2936 3433 3073 3498 fore
3138 3435 3569 3516 exemplarem

2070 3550 2350 3594 causam.

2157 3628 2260 3692 Sic
2318 3647 2467 3711 ergo
2520 3629 2582 3690 in
2640 3629 2883 3711 duplici
2944 3649 3279 3692 causarum
3337 3649 3569 3711 genere

2070 3727 2307 3789 dicitur
2336 3727 2617 3809 primum
2649 3728 2896 3790 entium
2934 3747 3145 3801 causa,
3178 3729 3329 3811 quia
3366 3727 3571 3790 forma

2069 3826 2355 3888 formans
2411 3833 2474 3887 et
2531 3825 2848 3898 effidem,
2903 3845 3156 3907 semper
3203 3826 3571 3888 coincidunt

2072 3943 2281 4006 neque
2330 3931 2721 4005 separantur.
2775 3923 2895 3986 Sed
2945 3931 3204 4005 propter
3254 3923 3567 3986 modalem

2069 4021 2505 4084 diversitatem
2537 4019 2823 4082 vicissim
2856 4021 2922 4082 in
2952 4019 3229 4082 triformi
3266 4022 3567 4084 causandi

2069 4137 2301 4201 genere
2359 4118 2595 4180 dicitur
2651 4117 2933 4199 primum
2988 4135 3181 4200 agens
3240 4119 3565 4183 universo-

537 4219 730 4281 Porro
760 4235 954 4299 agens
983 4235 1110 4280 non
1141 4217 1272 4297 agit
1299 4224 1560 4300 propter
1587 4217 1788 4280 finem
1821 4219 1962 4301 ipso
1989 4219 2040 4284 D
2070 4237 2215 4280 rum
2248 4237 2455 4280 causa.

421 4315 898 4389 decliviorem,
933 4315 1042 4378 sed
1073 4314 1518 4378 sublimiorem
1554 4331 1568 4377 :
1603 4315 1755 4378 finis
1785 4317 1960 4380 enim

419 4415 660 4482 habet
714 4413 1024 4477 rationem
1082 4413 1310 4495 optimi
1362 4414 1428 4476 in
1486 4415 1664 4476 omni
1713 4415 1953 4478 ordine.

419 4515 640 4582 Unde
671 4513 1125 4595 conspicimuS,
1148 4513 1317 4594 quod
1349 4512 1504 4575 finis
1532 4513 1960 4593 generationis

421 4617 522 4680 in
567 4610 1096 4694 corruptibilibus
1135 4617 1232 4674 est
1269 4610 1509 4673 nedum
1550 4630 1692 4674 esse
1731 4619 1794 4674 et
1833 4612 1958 4674 for·

419 4731 564 4779 ma
625 4709 1028 4792 particularis
1094 4709 1403 4790 generati,
1462 4709 1572 4772 sed
1633 4709 1837 4772 divini
1894 4719 1959 4773 et

419 4809 758 4898 perpetui
815 4827 954 4871 esse
1013 4809 1369 4870 secundum
1427 4807 1710 4890 speciem
1769 4809 1958 4891 parti-

420 4911 502 4976 ci
515 4907 720 4990 patio,
771 4906 1126 4970 secundum
1184 4905 1638 4988 Philosophum
1697 4914 1762 4968 et
1807 4907 1959 4972 Boe-

419 5009 626 5073 tium
678 5021 693 5067 ε
741 5013 806 5068 et
860 5004 943 5069 ob
991 5004 1116 5067 hoc
1163 5003 1420 5078 dicitur,
1473 5003 1644 5086 quod
1694 5003 1848 5067 finis
1895 5013 1958 5068 et

419 5103 756 5171 efficiens
813 5109 965 5164 sunt
1019 5101 1310 5183 ejusdem
1361 5101 1624 5164 ordinis.
1671 5103 1956 5166 Primum

414 5213 676 5274 autem
719 5201 984 5264 omnino
1034 5200 1392 5282 perfectum
1438 5207 1558 5274 est,
1607 5219 1726 5264 nec
1785 5217 1954 5264 com-

413 5320 679 5393 parem
721 5298 914 5362 habet
956 5317 1164 5381 neque
1207 5299 1615 5362 contrarium.
1659 5299 1762 5362 Nil
1804 5317 1956 5381 ergo

2442 4482 2934 4547 ARTICULUS
2978 4482 3190 4546 XLII.

2069 4633 2255 4699 Quod
2312 4633 2383 4691 in
2442 4634 2624 4692 omni
2679 4634 2883 4707 specie
2940 4633 3111 4692 entis
3164 4634 3249 4692 sit
3296 4633 3567 4712 aliquod

2145 4741 2471 4781 summum
2502 4723 2761 4792 bonum,
2785 4725 2959 4800 quod
2986 4723 3072 4782 sit
3100 4724 3567 4798 appropriatus

2145 4811 2305 4886 finis
2336 4811 2526 4870 rebus
2558 4813 2713 4870 talis
2742 4812 3021 4871 ordim'S.

2200 5009 2289 5072 ST
2320 5027 2552 5090 nempe
2581 5006 2930 5089 cujuslibet
2960 5006 3051 5070 rei
3092 5025 3419 5069 summum
3459 5007 3566 5070 bo-

2228 5124 2407 5178 num,
2441 5105 2504 5166 id
2536 5105 2600 5166 in
2633 5121 2759 5186 quo
2790 5103 2993 5186 ipsius
3032 5102 3564 5166 excellentissima

2065 5203 2357 5266 consistit
2398 5202 2730 5285 perfectio.
2766 5201 3191 5265 Per-sectiones
3235 5218 3387 5264 vero
3431 5219 3563 5264 cor-

2063 5303 2451 5384 respondent
2482 5299 3383 5384 persectibilibus.Unicuique
3411 5318 3561 5383 ergo
