4300 6259
662 2040 724 2085 Dc
733 2037 901 2084 Coeleat.

637 2104 746 2146 bier.
770 2115 810 2146 ο.
828 2117 902 2155 νιις

654 2167 710 2210 de
738 2165 880 2209 Divin.

730 4491 903 4536 ibidem.

935 456 1057 520 466

1537 475 1617 522 DE
1656 475 1883 522 mmm:
1925 473 2306 520 emus'rIANAE
2346 473 2648 529 monus,
2693 473 2870 520 LIBER
2910 474 2974 519 11.
3019 491 3102 502 —
3140 474 3280 520 Am.
3326 473 3466 519 vat

936 645 1241 729 specialia
1277 647 1567 729 quaedam
1608 645 1866 718 habent,
1909 650 1981 707 ut
2019 645 2099 708 ab
2142 644 2284 707 aliis
2327 644 2436 707 ha·
2465 644 2517 706 A
2545 643 2944 725 subjectione
2989 643 3245 725 penitus
3286 643 3420 707 fore
3459 643 3709 717 liberaS,
3739 643 3993 706 secundm

936 743 1075 806 beri
1119 752 1459 827 nequeant,
1501 744 1667 807 sicut
1709 744 1971 826 speciali
2016 743 2276 805 nomine
2320 742 2435 804 Do-

937 843 1342 916 minationes,
1391 850 1455 905 et
1504 843 1866 916 PotestateS,
1918 849 1981 904 et
2038 841 2435 922 principatus

934 949 1283 1020 vocantur3
1335 949 1566 1003 cuncta
1613 948 1825 1003 tamen
1887 940 1976 1002 ibi
2034 940 2435 1020 singulorum

934 1045 1106 1112 sunt,
1151 1039 1303 1120 quia
1351 1057 1465 1120 per
1512 1039 1839 1100 caritatem
1886 1037 1967 1099 ab
2011 1037 2135 1099 alio
2185 1037 2249 1098 in
2293 1035 2437 1098 aliis

933 1136 1271 1199 habentur.

1014 1234 1347 1316 Seraphim
1382 1235 1573 1315 igitur
1591 1234 2159 1316 (quemadmodum
2191 1231 2436 1295 Hebraei

931 1332 1139 1413 aiunt)
1178 1332 1527 1394 incendens
1574 1333 1675 1394 vel
1720 1331 2099 1394 calefaciens
2142 1331 2378 1393 dicitur
2419 1348 2432 1391 :

932 1438 997 1493 et
1034 1431 1153 1493 hoc
1192 1430 1375 1510 juxta
1414 1430 1734 1492 naturales
1780 1430 2201 1512 proprietates
2246 1428 2432 1510 igniS,

932 1528 1044 1610 qui
1096 1528 1381 1590 incendit
1428 1536 1491 1590 et
1539 1527 1848 1591 calefacit.
1903 1529 2044 1591 Haec
2094 1545 2244 1608 ergo
2295 1545 2436 1608 pro-

932 1627 1167 1709 prietas
1210 1628 1401 1710 primi
1442 1628 1687 1690 ordinis
1728 1647 1995 1691 summae
2038 1627 2434 1700 hierarchiae,

932 1725 1223 1806 designat
1252 1725 1733 1808 sempiternam,
1769 1726 2217 1789 incessabilem
2249 1733 2312 1787 et
2340 1743 2437 1786 ar—

2545 760 2799 824 quoque
2830 741 3202 805 hierarchiae
3245 741 3628 804 excellenter
3664 741 3992 823 superferri,

2546 848 2610 901 et
2656 841 2826 922 quod
2878 839 3008 902 sint
3055 840 3257 902 divini
3308 841 3804 923 superadventus
3848 857 3996 920 capa-

2546 955 2672 1009 ces,
2705 946 3007 1020 tanquam
3048 936 3306 1002 deiferae
3343 957 3418 1000 ac
3457 937 3843 1000 familiariter
3864 945 3996 1018 aptae

2544 1037 2624 1098 ad
2673 1037 3157 1118 suscipiendum
3210 1037 3272 1098 in
3325 1055 3392 1098 se
3439 1035 3658 1098 Deum.
3705 1034 4000 1115 Propterea

2546 1133 2884 1214 Gregorius
2929 1135 3016 1196 ait
3059 1150 3072 1196 ε
3117 1134 3274 1206 Quia
3311 1133 3486 1196 enim
3524 1134 3778 1195 thronos
3813 1132 4000 1194 Latino

2545 1232 2800 1314 eloquio
2853 1231 3034 1294 sedes
3083 1231 3382 1308 dicimus,
3432 1231 3665 1294 Throni
3720 1230 3822 1292 Dei
3874 1231 4002 1292 dicti

2547 1338 2696 1391 sunt
2751 1329 2814 1391 hi
2877 1330 2988 1411 qui
3047 1336 3221 1391 tanta
3277 1329 3642 1392 Divinitatis
3693 1328 3882 1409 gratia
3928 1347 4004 1390 re-

2546 1428 2825 1510 plentur,
2860 1435 2930 1489 ut
2969 1429 3032 1489 in
3074 1428 3169 1490 eis
3199 1428 3509 1490 Dominus
3550 1427 3780 1500 sedeat,
3819 1434 3878 1488 et
3909 1445 4004 1508 per

2545 1526 2801 1589 eosdem
2828 1526 3072 1606 judicia
3099 1545 3214 1588 sua
3244 1526 3566 1589 decernat.
3599 1527 3711 1589 Per
3739 1525 4006 1586 thronum

2547 1643 2777 1706 nempe
2824 1632 3098 1706 potestas
3140 1624 3480 1705 judiciaria
3523 1624 3897 1704 designatur,
3933 1622 4008 1684 di-

2547 1732 2730 1784 cente
2779 1722 3110 1784 Psalmista
3145 1739 3157 1783 :
3193 1723 3424 1784 Sedisti
3475 1741 3668 1804 super
3715 1722 4006 1794 thronum,
4028 1745 4182 1789 Pam.

933 1823 1373 1886 dentissimam
1420 1823 1841 1886 mobilitatem
1874 1824 2220 1905 spirituum
2261 1823 2434 1884 illius
2472 1825 2519 1888 B
2549 1821 2657 1903 qui
2685 1820 2934 1901 judicas
2962 1820 3298 1900 justitiam.
3320 1821 3570 1882 Dicitur
3597 1838 3842 1902 quoque
3869 1821 4008 1882 Deus

933 1921 1175 1984 ordinis
1222 1923 1288 1984 in
1336 1922 1559 1995 Deum,
1607 1922 1711 1984 cui
1759 1922 2124 1983 immediate
2173 1921 2436 2000 conjun-

932 2027 1191 2100 guntur,
1226 2027 1289 2081 et
1315 2020 1417 2101 (ut
1457 2018 1546 2080 ait
1578 2020 1945 2102 Dionysius)
1976 2019 2040 2082 in
2073 2018 2436 2081 Divinitatis

932 2116 1268 2179 vestibulis
1297 2117 1599 2180 videntur
1628 2117 1939 2180 collocati.
1959 2117 2254 2197 Designat
2286 2134 2438 2199 quo-

846 2243 888 2273 ν.
933 2234 1058 2298 que
1096 2215 1232 2278 haec
1270 2216 1596 2278 nominata
1642 2216 1995 2298 proprietas
2038 2215 2434 2277 reductivam

932 2314 1238 2376 virtutem
1285 2313 1349 2375 in
1396 2313 1497 2375 his
1542 2313 1917 2376 substantiis
1961 2332 2122 2386 esse,
2167 2332 2292 2395 qua
2337 2331 2435 2375 ce-

933 2420 1101 2476 teros
1151 2412 1439 2495 spirituS,
1492 2411 1749 2476 eosdem
1803 2413 2133 2494 purgando
2181 2419 2244 2473 et
2293 2411 2436 2473 illu-

934 2510 1257 2582 minando,
1320 2509 1385 2571 in
1448 2509 1649 2572 Deum
1710 2510 2046 2583 reducunt,
2086 2510 2436 2572 vehemen-

930 2609 1060 2670 tius
1131 2608 1592 2670 inflammando
1651 2614 1714 2670 et
1782 2607 2180 2689 perficiendo
2248 2625 2355 2670 eos
2418 2625 2431 2668 :

829 2743 856 2772 v
890 2761 901 2772 .
931 2725 1072 2788 quae
1110 2706 1327 2769 omnia
1367 2707 1433 2768 in
1477 2705 1729 2768 Coelesti
1770 2704 2129 2767 hierarchia
2169 2724 2436 2786 magnus

934 2805 1273 2887 Dionysius
1340 2804 1553 2866 tradit.
1618 2804 1793 2867 Unde
1863 2802 2201 2884 Gregorius
2270 2803 2358 2866 ait
2419 2820 2432 2865 :

933 2903 1266 2986 Seraphim
1316 2920 1573 2985 quoque
1620 2910 1929 2965 vocantur
1981 2901 2238 2964 illorum
2289 2902 2438 2964 San-

930 3009 1179 3064 ctorum
1220 3001 1496 3082 agmina,
1530 3019 1673 3082 quae
1711 3018 1789 3062 ex
1830 2999 2136 3080 singulari
2179 3000 2437 3082 propin·
2471 3003 2515 3067 C

928 3099 1172 3182 quitate
1221 3098 1580 3163 Conditoris
1639 3099 1738 3160 sui
1800 3098 2292 3179 incomparabili
2339 3117 2437 3159 ar·-

928 3199 1081 3261 dent
1134 3216 1350 3262 amore
1412 3216 1426 3260 :
1487 3216 1761 3280 quorum
1818 3197 2105 3280 profecto
2173 3197 2438 3260 flamma

927 3315 1106 3360 amor
1147 3303 1264 3369 est,
1311 3296 1463 3378 quia
1507 3314 1634 3378 quo
1672 3295 2035 3358 Divinitatis
2081 3295 2434 3358 claritatem

930 3394 1231 3457 subtilius
1291 3395 1853 3476 immediatiusque
1910 3395 2298 3476 adspiciunt,
2360 3412 2436 3457 eo

929 3492 1203 3555 validius
1235 3493 1300 3554 in
1333 3492 1508 3554 illius
1539 3492 1883 3555 dilectione
1916 3493 2389 3555 flammescunt.

1012 3590 1359 3654 Cherubim
1406 3590 1708 3671 denique,
1754 3590 1923 3671 quod
1970 3590 2255 3653 scientiae
2307 3590 2436 3672 ple-

929 3689 1154 3751 nitudo
1184 3687 1563 3771 appellatur,
1590 3687 1733 3750 ideo
1765 3688 1857 3750 sic
1887 3689 2057 3750 dicta
2087 3695 2257 3761 sunt,
2283 3706 2436 3770 quo-

930 3787 1105 3849 niam
1151 3785 1345 3866 hujus
1392 3785 1635 3848 ordinis
1674 3793 1921 3847 mentes
1960 3784 2274 3848 deificatae
2308 3785 2435 3848 vir-

2547 1919 2766 1981 sedcre
2823 1938 3017 2000 super
3076 1919 3446 1990 Cherubim,
3506 1919 4008 2001 quemadmodum

2545 2018 2612 2080 in
2657 2017 2903 2079 Psalmo
2946 2017 3184 2079 dicitur
3217 2035 3230 2078 ε
3265 2017 3382 2090 Qui
3427 2017 3612 2080 sedes
3655 2036 3843 2099 super
3879 2017 4010 2080 che.-
4049 2040 4206 2083 raum,

2547 2115 2783 2188 rubim,
2821 2115 3244 2178 manifestare.
3278 2116 3398 2178 Sed
3427 2116 3506 2176 ad
3546 2115 3668 2178 hoc
3708 2115 4012 2196 respondet
4029 2105 4060 2145 ²·

2545 2213 2906 2294 GregoriuS,
2939 2214 3109 2295 quod
3143 2214 3522 2295 plerumque
3555 2215 3678 2295 ipsi
3717 2213 4010 2276 beatorum

2545 2311 2889 2394 spirituum
2949 2312 3227 2387 ordineS,
3282 2313 3642 2375 vicinorum
3703 2312 3822 2376 sibi
3867 2311 4012 2374 ordi-

2545 2429 2702 2472 num
2747 2409 3059 2472 vocabula
3100 2410 3456 2473 sortiuntur
3498 2411 3581 2474 ob
3623 2410 4012 2493 aequalitatem

2545 2508 2912 2570 vicinitatis.
2948 2507 3182 2571 Throni
3215 2509 3388 2571 enim
3429 2517 3495 2571 et
3524 2509 3864 2572 Cherubim
3901 2525 4016 2590 pro·

2547 2607 2716 2668 xime
2755 2605 3282 2687 conjunguntur:
3327 2606 3598 2689 ideoque
3646 2608 3812 2689 quod
3855 2607 4017 2668 unius

2546 2713 2642 2767 est
2703 2705 2970 2778 ordiniS,
3030 2705 3109 2767 ad
3175 2705 3378 2768 alium
3445 2707 3734 2770 vicissim
3803 2715 4016 2768 transu-

2547 2804 2760 2866 mitur.

2905 3067 3395 3132 ARTICULUS
3442 3068 3690 3132 LXVI.

2626 3207 2721 3265 De
2768 3205 3116 3265 ordinibus
3161 3207 3526 3281 spirituum
3573 3207 3954 3267 hierarchice

3165 3297 3418 3356 medice.

2673 3487 2895 3564 ORRO‚
2943 3490 3118 3556 omni
3168 3491 3544 3556 hierarchiae
3591 3495 3719 3558 hoc
3758 3492 4020 3576 generale

2700 3594 2817 3662 est,
2870 3595 2940 3649 ut
2995 3607 3072 3650 ex
3130 3589 3476 3671 principio,
3529 3593 3746 3656 medio
3800 3601 3860 3655 et
3909 3592 4022 3653 fine

2547 3687 2851 3748 consistat
2904 3704 2916 3748 :
2969 3705 3048 3749 ex
3107 3687 3442 3769 spiritibus
3493 3690 3800 3754 videlicet
3853 3689 4024 3752 subli-

2549 3784 2880 3859 mioribuS,
2913 3786 3368 3848 declivioribus
3399 3795 3462 3850 et
3495 3790 3746 3852 mediis.
3779 3789 4024 3853 Medium

928 3892 1128 3947 tutem
1150 3884 1535 3947 excellenter
1555 3883 1937 3964 cognitivam
1968 3884 2433 3968 habentquum
2544 3892 2782 3958 autem,
2859 3883 3192 3965 utriusque
3272 3887 3541 3948 extremi
3617 3887 4024 3952 conditionem

930 3984 1061 4046 sint
1126 3983 1493 4046 divinorum
1562 3984 2009 4066 mysteriorum
2078 3985 2437 4048 eminenter
2548 3982 2871 4044 multoties
2930 3982 3113 4062 sapit.
3169 3983 3480 4065 Denique,
3532 3985 3598 4047 in
3649 3986 3896 4048 cunctis
3947 4002 4027 4046 or-

933 4082 1326 4164 inspectivae,
1374 4081 1872 4164 divinorumque
1927 4083 2247 4146 luminum
2294 4091 2438 4166 post
2547 4079 2779 4141 dinatis
2825 4079 3174 4142 virtutibus
3226 4081 3290 4142 in
3341 4081 3473 4144 vim
3525 4084 3875 4166 superioris
3919 4082 4028 4144 vir·

932 4179 1265 4260 Seraphim
1326 4179 1779 4261 capacissimae.
1843 4181 2020 4243 Unde
2086 4189 2149 4243 et
2205 4177 2700 4246 divinaeDtutis
2760 4176 3093 4241 inferiores
3151 4187 3366 4260 agunt.
3423 4180 3585 4243 lllud
3635 4182 3834 4262 igitur
3879 4181 4028 4262 quod

933 4277 1435 4360 pulchritudinis
1467 4278 1981 4360 contemplativae
2012 4287 2182 4353 sunt,
2200 4287 2261 4342 et
2289 4300 2439 4362 sup-

934 4375 1288 4458 positorum
1338 4374 1750 4437 deiformium
1807 4376 2172 4438 animorum
2231 4378 2439 4439 erudi-

930 4474 1101 4548 tivae,
1126 4474 1479 4536 secundum
1511 4473 1903 4557 Dionysium.
1928 4474 2004 4535 Et
2033 4475 2099 4536 hi
2133 4475 2198 4536 in
2231 4477 2440 4557 prima

932 4572 1292 4635 hierarchia
1360 4572 1550 4634 medii
1623 4581 1788 4633 sunt.
1852 4573 2027 4636 Unde
2097 4573 2436 4656 Gregorius

933 4670 1021 4732 ait
1054 4688 1068 4732 :
1104 4670 1180 4732 Et
1210 4669 1540 4751 superiora
1570 4669 1679 4732 illa
1709 4671 1963 4750 agmina
2002 4672 2239 4735 idcirco
2281 4673 2436 4735 Che-

932 4767 1146 4830 rubim
1199 4767 1369 4829 dicta
1417 4774 1585 4840 sunt,
1637 4767 1788 4847 quia
1836 4775 2009 4830 tanto
2067 4769 2436 4851 perfectiori

930 4865 1197 4929 scientia
1234 4865 1423 4947 plena
1461 4872 1631 4937 sunt,
1665 4875 1902 4946 quanto
1941 4867 2291 4930 claritatem
2323 4868 2435 4930 Dei

931 4965 1208 5027 vicinius
1252 4963 1787 5044 contemplantur.

1012 5063 1283 5126 Ultimus
1327 5068 1538 5123 autem
1585 5061 1809 5143 primae
1858 5062 2232 5125 hierarchiae
2278 5066 2434 5128 ordo

930 5160 1165 5223 Throni
1212 5167 1617 5241 nuncupatus
1662 5168 1757 5221 est
1797 5177 1811 5221 ε
1859 5179 1987 5242 quo
2028 5159 2434 5241 significatur

929 5259 1123 5342 hujus
1152 5257 1393 5322 ordinis
1424 5256 1811 5320 substantias
1840 5258 1921 5320 ab
1960 5258 2134 5321 omni
2171 5258 2432 5340 indigna

2545 4275 2623 4336 ad
2656 4274 2988 4356 Seraphim
3023 4277 3321 4357 pertinet,
3355 4276 3436 4339 ab
3478 4277 3896 4342 inferioribus
3922 4279 4031 4340 sin-

2547 4373 2713 4452 gulis
2742 4373 3076 4436 ordinibus
3098 4376 3571 4440 exsecutionem
3605 4379 3894 4442 vicissim
3923 4395 4034 4441 sor·

2548 4472 2740 4550 titur3
2774 4480 2837 4534 et
2868 4472 3304 4554 pariformitcr
3334 4475 3400 4538 in
3431 4476 3576 4538 aliis
3609 4478 4032 4540 contuendum

2547 4577 2657 4631 est.
2693 4570 2851 4651 Ipsae
2895 4571 3105 4633 denuo
3145 4573 3633 4654 supercoelestes
3673 4576 4034 4639 hierarchiae

2549 4667 2613 4730 in
2659 4668 3006 4730 trinitatem
3051 4670 3297 4751 partitae
3341 4679 3508 4732 sunt.
3559 4673 3722 4735 Sunt
3772 4691 4034 4755 namque·

2545 4775 2672 4828 tres
2721 4767 3115 4840 hierarchiae,
3163 4787 3304 4850 quae
3350 4768 3750 4849 conjunctim
3796 4774 4033 4834 ordines

2545 4885 2776 4929 novem
2826 4867 3398 4948 comprehendunt.
3453 4868 3528 4929 Et
3575 4869 3699 4932 hoc
3764 4872 3906 4936 ideo
3959 4869 4033 4931 la-

2545 4973 2719 5027 ctum
2765 4972 2880 5038 est,
2935 4973 3003 5026 ut
3051 4965 3402 5047 superfelix
3447 4967 3724 5032 Trinitas
3778 4971 3845 5032 in
3897 4989 4033 5032 cun-

2544 5064 2685 5138 ctiS,
2721 5064 3072 5145 praesertim
3107 5082 3258 5126 vero
3289 5065 3354 5126 in
3393 5064 3888 5132 sublimioribus
3918 5069 4030 5131 illis

2543 5161 2874 5235 creaturis,
2910 5170 3256 5243 utcumque
3289 5162 3585 5226 reluceat.

2622 5261 2932 5334 Quoniam
2983 5260 3175 5342 igitur
3218 5259 3350 5341 jam
3403 5261 3482 5324 de
3532 5264 3762 5346 primae
3809 5266 4026 5330 hierar·
