4300 6259
889 481 1010 546 284

891 680 1136 738 naturae
1175 681 1240 736 et
1277 674 1407 738 enti
1449 676 1755 758 competit
1791 675 2022 758 aliquis
2060 674 2390 757 appropri-
2420 673 2472 736 A

893 777 1036 834 atus
1073 772 1248 846 siniS,
1291 775 1402 857 qui
1450 783 1546 838 est
1589 776 1714 837 sibi
1752 794 2079 836 summum
2124 774 2385 836 bonum.

891 870 1139 945 Adhuc,
1197 892 1522 936 summum
1583 873 2090 956 uniuscujusque
2147 872 2388 934 bonum

894 970 1186 1031 consistit
1243 970 1308 1032 in
1365 971 1484 1033 hoc
1544 978 1612 1033 ut
1659 970 2012 1032 secundum
2064 969 2390 1052 propriam

894 1074 1185 1129 naturam
1230 1087 1330 1131 res
1374 1068 1615 1150 optime
1660 1088 1728 1130 se
1773 1068 2018 1130 habeat.
2054 1067 2391 1148 Quumque

893 1163 1057 1226 nihil
1087 1165 1170 1227 sit
1197 1185 1424 1248 expers
1455 1167 1714 1248 propria
1749 1167 1983 1228 virtute
2026 1173 2090 1227 et
2116 1164 2391 1227 naturali

893 1263 1282 1344 operatione,
1315 1264 1475 1325 nihil
1507 1283 1736 1346 expers
1767 1273 1863 1326 est
1892 1283 2021 1326 suae
2052 1262 2290 1345 speciei
2328 1269 2393 1324 et

893 1361 1134 1442 proprii
1165 1381 1306 1424 esse
1330 1380 1578 1424 summo
1609 1363 1787 1425 bon0.
1803 1363 2037 1424 Natura
2067 1361 2237 1422 enim
2266 1379 2394 1422 om·

889 1459 990 1520 nis
1022 1477 1136 1540 per
1164 1461 1596 1542 operationem
1625 1461 1933 1542 optimam
1969 1479 2095 1522 suae
2135 1459 2391 1541 optimae

888 1557 1165 1630 virtutiS,
1201 1558 1267 1619 in
1307 1559 1550 1640 optima
1589 1559 1689 1621 sui
1729 1558 2146 1640 dispositione
2188 1557 2391 1619 consi-

887 1654 1018 1716 stit.
1061 1655 1386 1730 Praeterea,
1429 1664 1654 1718 natura
1698 1665 1761 1719 et
1800 1658 1966 1720 Deus
2012 1655 2102 1717 nil
2149 1655 2394 1717 faciunt

889 1751 1145 1826 frustra,
1187 1754 1542 1816 secundum
1591 1753 2014 1816 Aristotelem.
2059 1753 2235 1827 Quod
2286 1772 2393 1814 au-

1483 505 1564 550 DE
1605 505 1834 551 tumim
1877 504 2259 552 CHRISTIANAE
2300 503 2603 562 TREORIAE,
2648 504 2823 551 LIBER
2864 506 2904 551 1.
2950 525 3031 535 —
3071 506 3209 551 ΛΒΤ.
3256 506 3403 552 XLIII

2855 735 3344 800 ARTICULUS
3386 735 3635 799 XLIII.

2504 895 2822 960 Quomodo
2868 893 3268 952 universitas
3310 912 3538 952 rerum
3574 892 3850 968 finaliter
3878 897 3973 948 at-

2582 1002 2705 1060 que
2746 983 3131 1060 differenter
3172 983 3520 1041 ordinetur
3556 989 3617 1040 et
3660 982 3859 1039 tendat
3902 981 3973 1036 in

2572 1072 2867 1146 primum
2926 1071 3553 1146 supersubstantiale
3600 1087 3826 1146 purum
3880 1069 3977 1126 bo-

2582 1179 2763 1220 num.

2640 1363 2715 1426 IL
2761 1381 2949 1445 porro
2993 1364 3147 1426 finis
3190 1371 3287 1427 est
3326 1382 3537 1446 neque
3576 1362 3822 1436 bonum,
3854 1360 3977 1422 nisi

2670 1463 3023 1524 secundum
3074 1463 3245 1543 quod
3293 1461 3713 1524 desiderabile
3750 1467 3835 1522 est
3874 1478 3979 1540 ap·

2504 1560 2763 1642 petenti.
2825 1559 3107 1622 Primum
3167 1567 3377 1622 autem
3434 1565 3533 1621 est
3588 1558 3729 1620 sons
3780 1557 3981 1620 omnis

2503 1657 2936 1740 perfectioniS,
2982 1665 3045 1719 et
3088 1676 3277 1719 causa
3319 1664 3552 1719 cuncta
3592 1673 3975 1718 conservans.

2502 1755 2811 1818 Omnibus
2856 1773 3005 1836 ergo
3049 1755 3727 1818 desiderabilissimum
3772 1761 3875 1825 cst,
3922 1759 3984 1813 et

887 1857 1018 1912 tem
1058 1851 1310 1912 nullum
1350 1851 1448 1913 sui
1489 1851 1689 1915 tinem
1731 1852 1921 1914 habet
1962 1870 2078 1913 nec
2119 1850 2393 1932 propriae
2421 1852 2467 1913 B
2505 1852 2740 1916 fontale
2790 1853 3183 1934 principium
3241 1853 3437 1915 totius
3496 1849 3981 1914 desiderabilite-

890 1948 1320 2012 subsistentiae
1351 1967 1676 2012 summum
1709 1951 1975 2024 bonum,
2008 1949 2245 2011 frustra
2275 1957 2388 2011 est.

889 2046 958 2108 ld
999 2065 1276 2128 namque
1314 2047 1552 2110 frustra
1591 2048 1866 2110 dicimus
1906 2067 2067 2120 esse,
2101 2046 2271 2129 quod
2316 2046 2394 2108 ad

893 2144 1055 2206 nihil
1102 2145 1454 2217 ordinatur,
1501 2154 1611 2207 aut
1649 2147 1815 2227 quod
1860 2144 2125 2226 adipisci
2173 2145 2396 2226 nequit

796 2296 804 2302 .
891 2242 1011 2304 hoc
1069 2242 1147 2304 ad
1207 2242 1375 2323 quod
1435 2243 1798 2304 ordinatum
1859 2250 1970 2304 est.
2035 2243 2392 2324 Unicuique

890 2357 1043 2402 vero
1073 2340 1380 2420 competit
1407 2340 1687 2402 ordinari
1720 2341 1784 2402 in
1823 2341 1997 2403 aliud
2037 2341 2388 2402 secundum

892 2456 1023 2500 suae
1073 2445 1313 2499 naturae
1363 2437 1771 2518 exigentiam,
1823 2439 2124 2520 quoniam
2180 2437 2395 2499 melio·

893 2553 1034 2596 rum
1081 2542 1231 2596 sunt
1278 2535 1572 2598 meliores
1619 2535 1802 2598 fines.
1844 2535 2043 2598 Omne
2087 2553 2237 2617 ergo
2280 2554 2393 2596 ens

892 2640 956 2697 et
996 2641 1220 2696 natura
1258 2633 1490 2709 omniS,
1524 2634 2006 2716 appropriatum
2049 2633 2249 2696 finem
2292 2633 2396 2694 ha-

893 2731 1024 2804 bet,
1049 2731 1161 2812 qui
1191 2739 1288 2794 est
1317 2732 1376 2794 ei
1408 2751 1736 2794 summum
1767 2732 2007 2796 bonum
2040 2732 2392 2795 secundum

895 2830 1250 2891 naturalem
1298 2831 1570 2912 propriae
1614 2832 1852 2912 speciei
1894 2831 2181 2911 gradum.

974 2928 1236 3001 Rursus,
1271 2928 1322 2990 si
1369 2937 1594 2990 natura
1635 2929 1844 2990 omnis
1886 2927 2211 3010 propriam
2258 2945 2396 3008 per-

2504 1951 2584 2012 tis
2634 1969 2645 2012 :
2696 1951 2907 2032 itaque
2951 1958 3049 2013 est
3094 1951 3306 2033 ipsum
3352 1951 3642 2013 omnium
3686 1949 3987 2030 principa-

2505 2049 2787 2111 lissimus
2852 2048 3024 2110 finis.
3096 2049 3340 2124 Adhuc,
3411 2049 3628 2110 nullus
3692 2047 3835 2111 finis
3898 2064 3986 2106 sc·

2505 2149 2751 2210 cundus
2798 2147 3166 2229 appetibilis
3216 2155 3332 2219 est,
3384 2147 3508 2209 nisi
3568 2148 3633 2210 in
3690 2153 3985 2229 quantum

2504 2244 2841 2326 participat
2872 2245 3181 2306 rationem
3213 2244 3701 2326 appetibilitatis
3727 2264 3763 2307 a
3789 2242 3987 2325 primo

2501 2342 2653 2405 fine.
2689 2343 2937 2404 Primus
2977 2360 3128 2422 ergo
3158 2342 3333 2414 finis,
3367 2343 3479 2424 qui
3510 2343 3677 2406 Deus
3712 2350 3823 2414 est,
3865 2359 3985 2403 ma-

2504 2441 2671 2502 xime
2702 2447 2799 2503 est
2826 2439 2980 2502 finis
3010 2441 3456 2502 universorum
3494 2442 3771 2523 :quippe
3799 2458 3986 2521 quum

2506 2557 2618 2620 per
2650 2539 2769 2600 hoc
2800 2539 2885 2600 sit
2914 2539 3080 2602 Deus
3125 2557 3337 2600 rerum
3373 2537 3548 2611 finis,
3584 2538 3751 2620 quod
3788 2537 3987 2618 ipsum

2502 2637 2719 2700 omnia
2759 2637 3111 2700 secundum
3161 2637 3421 2699 modum
3462 2637 3585 2698 sibi
3626 2635 3988 2698 convenien-

2502 2743 2631 2796 tem
2672 2741 2983 2816 appetunt
3024 2752 3037 2795 :
3082 2734 3233 2815 quia
3271 2753 3549 2816 namque
3590 2734 3804 2796 omnia
3838 2730 3991 2794 desi-

2505 2834 2727 2894 derant
2766 2831 3273 2913 permanentiam
3309 2833 3407 2893 sui
3440 2851 3602 2905 esse,
3636 2832 3757 2894 hoc
3793 2839 3990 2893 autem

2506 2931 2643 2993 sine
2683 2931 2875 3012 primi
2918 2930 3274 2992 influxione
3314 2948 3440 2991 non
3478 2930 3841 3011 acquirunt,
3870 2947 3997 2992 om-

893 3024 1238 3088 l'ectionem
1307 3025 1642 3099 desiderat,
1705 3033 1857 3088 tunc
1918 3026 2139 3107 procul
2200 3023 2396 3086 dubio
2428 3025 2471 3088 C
2508 3029 2612 3090 nia
2643 3027 3015 3089 naturaliter
3048 3029 3261 3109 ipsum
3292 3035 3625 3109 appetunt.
3660 3063 3741 3073 —
3772 3028 3857 3089 Ex
3886 3027 3993 3088 hoc

895 3112 1500 3185 excellentissimam
1549 3123 1646 3185 sui
1698 3124 2157 3205 perfectionem
2206 3122 2394 3184 vehe-

897 3221 1296 3282 mentissime
1351 3228 1538 3283 amat.
1595 3221 1713 3284 Sed
1774 3222 1900 3284 tale
1949 3221 2237 3284 omnium
2291 3238 2397 3281 na-

894 3326 1180 3379 turarum
1212 3319 1602 3381 desiderium
1642 3318 2040 3401 impossibile
2083 3325 2179 3380 est
2211 3319 2397 3379 inane

895 3435 1056 3491 esse,
1102 3425 1166 3478 et
1214 3417 1291 3478 ad
1337 3417 1739 3498 impossibile
1780 3417 2059 3479 tendere.
2107 3418 2175 3478 ln
2220 3414 2395 3478 omni

895 3532 1044 3594 ergo
1075 3515 1288 3595 specie
1319 3515 1484 3576 entis
1516 3521 1611 3576 est
1647 3514 1905 3596 aliquod
1947 3515 2187 3576 bonum
2230 3532 2397 3576 sum-

897 3631 1076 3674 mum
1108 3619 1171 3674 et
1207 3613 1692 3694 appropriatum
1726 3613 1935 3675 ordini
1976 3612 2106 3674 tali.
2143 3611 2235 3674 Ob
2277 3611 2396 3672 hoc

896 3709 1172 3791 denique
1228 3710 1319 3772 nil
1387 3729 1602 3773 carere
1661 3717 1867 3792 potest
1924 3709 2195 3784 naturali
2254 3728 2401 3791 ope-

896 3809 1140 3871 ratione
1190 3826 1205 3870 :
1261 3809 1411 3871 finis
1459 3828 1737 3891 namque
1787 3809 2189 3890 significatur
2238 3827 2403 3870 sem-

895 3927 1012 3989 per
1068 3915 1130 3969 et
1198 3907 1391 3969 habet
1459 3926 1527 3969 se
1595 3926 1710 3988 per
1777 3908 2037 3969 modum
2109 3906 2403 3968 distantis

894 4005 976 4067 ab
1025 4006 1315 4068 ordinato
1365 4004 1431 4066 in
1482 4004 1701 4067 finem.
1756 4006 1932 4080 Quod
1980 3993 2134 4067 vero
2188 4005 2397 4079 distat,

897 4121 1013 4186 per
1040 4104 1474 4184 operationem
1508 4103 1750 4184 acquiri
1794 4110 2062 4185 oportet.
2097 4103 2399 4166 Naturam

2509 3126 2717 3208 palam
2774 3131 2890 3198 est,
2952 3126 3122 3207 quod
3191 3127 3311 3188 iste
3380 3125 3631 3188 entium
3688 3124 3995 3207 appetitus

2506 3224 2742 3285 summi
2784 3223 2936 3285 boni
2982 3223 3157 3284 aliud
3199 3241 3325 3285 non
3368 3230 3464 3286 est
3508 3223 3633 3284 nisi
3680 3222 3997 3284 conversio

2508 3320 2878 3383 eorumdem
2911 3321 2976 3382 in
3009 3319 3293 3401 primum
3326 3319 3741 3401 principium.
3774 3320 3997 3382 Unum-

2508 3418 2807 3500 quodque
2857 3418 3028 3480 enim
3090 3418 3154 3479 in
3216 3418 3281 3479 id
3340 3417 3735 3479 convertitur
3788 3437 3824 3478 a
3882 3434 3997 3498 quo

2513 3518 2819 3600 procedit,
2854 3525 2925 3579 ut
2968 3535 3098 3579 suae
3143 3515 3446 3578 bonitatis
3487 3515 3999 3578 communicatio·

2512 3635 2658 3678 nem
2720 3615 3049 3696 suscipiat,
3110 3615 3467 3677 secundum
3524 3613 3836 3678 Proclum.
3901 3615 4003 3676 De-

2511 3715 2728 3796 nique,
2774 3713 3165 3796 processioni
3215 3712 3589 3794 parificatur
3632 3713 4000 3776 conversio:

2512 3813 2679 3893 quod
2728 3813 2903 3874 enim
2945 3831 2981 3872 a
3026 3810 3322 3893 pluribus
3366 3811 3679 3892 procedit,
3710 3813 3789 3874 ad
3832 3812 4005 3896 plura

2514 3910 2925 3984 convertitur,
2951 3909 3102 3990 quia
3133 3929 3246 3991 per
3276 3910 3501 3972 eadem
3532 3917 3630 3972 est
3660 3911 4003 3977 conversio,

2514 4028 2629 4090 per
2687 4027 2829 4090 quae
2879 4008 3222 4089 processio.
3277 4008 3539 4070 Entium
3588 4017 3805 4070 autem
3852 4028 4007 4090 quae-

2514 4108 2659 4169 dam
2733 4106 3100 4168 immediate
3170 4125 3207 4168 a
3275 4107 3480 4188 primo
3550 4108 4005 4189 producuntur,

898 4202 1092 4281 igitur
1131 4219 1316 4281 agere
1358 4219 1618 4263 necesse
1659 4209 1776 4275 est,
1811 4203 1864 4263 si
1906 4202 2108 4264 finem
2141 4201 2239 4264 sui
2271 4199 2401 4262 adi·
2432 4204 2481 4266 D
2514 4205 2803 4286 quaedam
2852 4211 3067 4266 autem
3118 4223 3233 4288 per
3281 4204 3493 4266 media
3540 4206 3812 4286 agentia.
3862 4206 4011 4269 Rur-

900 4300 1201 4382 piscatur.
1239 4299 1536 4381 Ideoque,
1570 4319 1711 4380 quae
1742 4319 1778 4361 a
1808 4318 1925 4363 suo
1965 4301 2098 4362 fine
2137 4301 2402 4364 minime

897 4398 1156 4470 distant,
1193 4398 1381 4459 unica
1413 4397 1694 4478 simplici
1735 4398 1983 4461 actione
2015 4400 2228 4479 ipsum
2260 4418 2405 4462 con-

899 4501 1278 4576 sequuntur,
1325 4502 1397 4556 ut
1445 4501 1595 4555 sunt
1643 4497 2178 4577 supermundanae
2226 4516 2401 4559 men-

899 4602 1036 4672 tes3
1087 4613 1230 4674 quae
1288 4601 1501 4654 autem
1562 4594 1841 4674 amplius
1901 4595 2156 4670 distant,
2211 4596 2405 4677 pluri-

899 4691 1022 4754 bus
1066 4690 1346 4753 motibus
1395 4691 1516 4753 hoc
1546 4690 1810 4754 faciunt.
1859 4693 1936 4754 Et
1973 4693 2093 4755 hoc
2133 4693 2199 4754 in
2240 4693 2403 4757 libro

899 4791 977 4852 de
1019 4788 1190 4852 Coelo
1219 4789 1300 4850 ab
1330 4789 1668 4852 Aristotele
1699 4789 1942 4852 dictum
1983 4797 2097 4852 est.
2132 4790 2306 4864 Quod
2350 4791 2404 4852 si

900 4887 983 4948 sit
1031 4887 1244 4968 aliqua
1290 4886 1647 4949 substantia
1695 4907 1836 4969 quae
1874 4895 1972 4949 est
2008 4887 2133 4950 sibi
2176 4888 2297 4970 ipsi
2333 4888 2404 4950 ti-

899 4985 1025 5057 niS,
1074 4983 1182 5045 illa
1226 5003 1341 5066 per
1392 5003 1460 5047 se
1513 4992 1576 5046 et
1624 5001 1753 5046 non
1807 4985 2056 5048 diversa
2104 5004 2140 5046 a
2184 4993 2408 5047 natura

901 5081 1268 5163 operatione
1313 5080 1646 5163 proprium
1693 5081 1896 5144 finem
1945 5083 2167 5164 utique
2208 5083 2407 5164 possi-

905 5179 1013 5240 det
1047 5195 1061 5239 :
1097 5179 1218 5240 hoc
1263 5186 1478 5240 autem
1523 5196 1652 5240 non
1695 5180 1820 5241 nisi
1854 5181 2063 5261 primo
2102 5181 2409 5262 competit

908 5275 1099 5338 bono.

2513 4322 2644 4375 suS,
2678 4320 2898 4364 eorum
2939 4321 3083 4383 quae
3130 4303 3500 4364 immediate
3542 4322 3579 4364 a
3624 4304 3837 4385 primo
3881 4321 4011 4385 pro·

2516 4401 2749 4471 fluunt,
2804 4419 3005 4461 unum
3056 4406 3153 4462 est
3198 4400 3415 4482 aliquo
3466 4401 3912 4464 honorabilius
3954 4409 4011 4462 ct

2516 4498 2853 4570 causaliuS,
2889 4498 3057 4559 sicut
3102 4498 3525 4578 intelligentia
3562 4499 3740 4562 orbe.
3776 4500 4010 4568 Denuo,

2515 4616 2551 4658 a
2590 4595 2797 4677 primo
2836 4595 3182 4658 fluentium
3222 4597 3512 4677 quaedam
3554 4596 3775 4659 fluunt
3810 4617 4015 4661 essen-

2516 4693 2773 4766 tialiter,
2806 4694 3097 4774 quaedam
3139 4701 3355 4756 autem
3392 4693 3695 4768 vitaliter,
3730 4697 4012 4778 quaedam

2515 4809 2668 4854 vero
2713 4791 3121 4855 intellective.

2598 4889 2907 4963 Quoniam
2950 4889 3147 4970 igitur
3174 4891 3527 4972 appetitiva
3566 4891 3687 4954 ista
3718 4894 4018 4956 secundo-

2518 5006 2663 5048 rum
2711 4987 2789 5049 ad
2839 4987 3122 5068 primum
3166 4987 3368 5050 finem
3414 4990 3752 5054 conversio
3794 4999 3919 5066 est,
3960 4999 4018 5051 ut

2520 5090 2729 5146 creata
2776 5084 3050 5147 creantis
3099 5103 3307 5148 causae
3354 5084 3707 5150 bonitatem
3772 5089 4021 5170 partici-

2521 5189 2695 5264 pent,
2736 5189 2800 5244 et
2842 5182 3060 5244 divino
3106 5201 3245 5245 esse
3284 5183 3750 5261 assimilentur,
3784 5193 4021 5251 constat

2520 5297 2595 5342 ea
2660 5299 2802 5362 quae
2870 5279 3240 5344 immediate
3294 5299 3333 5344 a
3391 5282 3605 5365 primo
3670 5287 4021 5365 procedunt
