<?xml version="1.0" encoding="UTF-8"?>
<!DOCTYPE html PUBLIC "-//W3C//DTD XHTML 1.0 Transitional//EN"
    "http://www.w3.org/TR/xhtml1/DTD/xhtml1-transitional.dtd">
<html xmlns="http://www.w3.org/1999/xhtml" xml:lang="en" lang="en">
 <head>
  <title>
</title>
<meta http-equiv="Content-Type" content="text/html;charset=utf-8" />
  <meta name='ocr-system' content='tesseract 3.04.00' />
  <meta name='ocr-capabilities' content='ocr_page ocr_carea ocr_par ocr_line ocrx_word'/>
</head>
<body>
  <div class='ocr_page' id='page_1' title='image "./doctorisecstati05unkngoog_0524.png"; bbox 0 0 4300 6259; ppageno 0'>
   <div class='ocr_carea' id='block_1_1' title="bbox 923 491 3443 567">
    <p class='ocr_par' dir='ltr' id='par_1_1' title="bbox 923 491 3443 567">
     <span class='ocr_line' id='line_1_1' title="bbox 923 491 3443 567; baseline 0.002 -13"><span class='ocrx_word' id='word_1_1' title='bbox 923 491 1045 555; x_wconf 77' lang='lat'><strong>498</strong></span> <span class='ocrx_word' id='word_1_2' title='bbox 1532 511 1612 557; x_wconf 75' lang='lat' dir='ltr'><strong>nn</strong></span> <span class='ocrx_word' id='word_1_3' title='bbox 1653 511 1879 558; x_wconf 68' lang='lat' dir='ltr'><strong>Lunum</strong></span> <span class='ocrx_word' id='word_1_4' title='bbox 1920 510 2302 558; x_wconf 73' lang='lat' dir='ltr'><strong>cnms‘mNAE</strong></span> <span class='ocrx_word' id='word_1_5' title='bbox 2341 510 2642 567; x_wconf 70' lang='lat' dir='ltr'><strong>mecam,</strong></span> <span class='ocrx_word' id='word_1_6' title='bbox 2686 511 2862 556; x_wconf 75' lang='lat' dir='ltr'><strong>mann</strong></span> <span class='ocrx_word' id='word_1_7' title='bbox 2903 513 2966 557; x_wconf 86' lang='lat' dir='ltr'><strong>n.</strong></span> <span class='ocrx_word' id='word_1_8' title='bbox 3014 530 3093 540; x_wconf 96' lang='lat'><strong>—</strong></span> <span class='ocrx_word' id='word_1_9' title='bbox 3133 513 3274 558; x_wconf 69' lang='lat' dir='ltr'><strong>Aur.</strong></span> <span class='ocrx_word' id='word_1_10' title='bbox 3319 511 3443 558; x_wconf 83' lang='lat' dir='ltr'><strong>xcn</strong></span> 
     </span>
    </p>
   </div>
   <div class='ocr_carea' id='block_1_2' title="bbox 632 679 4160 5384">
    <p class='ocr_par' dir='ltr' id='par_1_2' title="bbox 664 679 3998 764">
     <span class='ocr_line' id='line_1_2' title="bbox 664 679 3998 764; baseline -0.001 -18"><span class='ocrx_word' id='word_1_11' title='bbox 664 699 899 757; x_wconf 69' lang='lat' dir='ltr'><strong>Ephem,</strong></span> <span class='ocrx_word' id='word_1_12' title='bbox 928 681 1471 762; x_wconf 82' lang='lat' dir='ltr'><strong>quemadmodum</strong></span> <span class='ocrx_word' id='word_1_13' title='bbox 1510 689 1574 746; x_wconf 86' lang='lat' dir='ltr'><strong>et</strong></span> <span class='ocrx_word' id='word_1_14' title='bbox 1613 682 1721 744; x_wconf 92' lang='lat' dir='ltr'><strong>ille</strong></span> <span class='ocrx_word' id='word_1_15' title='bbox 1763 681 2131 755; x_wconf 81' lang='lat' dir='ltr'><strong>resurrexit,</strong></span> <span class='ocrx_word' id='word_1_16' title='bbox 2177 681 2286 764; x_wconf 92' lang='lat' dir='ltr'><strong>qui</strong></span> <span class='ocrx_word' id='word_1_17' title='bbox 2327 699 2426 743; x_wconf 86' lang='lat' dir='ltr'><strong>ca·</strong></span> <span class='ocrx_word' id='word_1_18' title='bbox 2453 679 2502 743; x_wconf 83' lang='lat' dir='ltr'>A</span> <span class='ocrx_word' id='word_1_19' title='bbox 2532 689 2594 742; x_wconf 92' lang='lat' dir='ltr'><strong>et</strong></span> <span class='ocrx_word' id='word_1_20' title='bbox 2643 679 3090 744; x_wconf 87' lang='lat' dir='ltr'><strong>universaliter</strong></span> <span class='ocrx_word' id='word_1_21' title='bbox 3144 699 3334 745; x_wconf 90' lang='lat' dir='ltr'><strong>omne</strong></span> <span class='ocrx_word' id='word_1_22' title='bbox 3391 681 3690 764; x_wconf 89' lang='lat' dir='ltr'><strong>superius</strong></span> <span class='ocrx_word' id='word_1_23' title='bbox 3733 688 3827 743; x_wconf 83' lang='lat' dir='ltr'><strong>est</strong></span> <span class='ocrx_word' id='word_1_24' title='bbox 3868 698 3998 763; x_wconf 87' lang='lat' dir='ltr'><strong>quo·</strong></span> 
     </span>
    </p>

    <p class='ocr_par' dir='ltr' id='par_1_3' title="bbox 633 763 3996 880">
     <span class='ocr_line' id='line_1_3' title="bbox 633 763 3996 880; baseline 0 -40"><span class='ocrx_word' id='word_1_25' title='bbox 633 763 899 880; x_wconf 57' lang='lat' dir='ltr'><strong>{³¹³8‘j&#39;0m&#39;·</strong></span> <span class='ocrx_word' id='word_1_26' title='bbox 931 787 1046 861; x_wconf 88' lang='lat' dir='ltr'><strong>put</strong></span> <span class='ocrx_word' id='word_1_27' title='bbox 1074 786 1361 842; x_wconf 88' lang='lat' dir='ltr'><strong>nostrum</strong></span> <span class='ocrx_word' id='word_1_28' title='bbox 1393 789 1507 843; x_wconf 92' lang='lat' dir='ltr'><strong>est.</strong></span> <span class='ocrx_word' id='word_1_29' title='bbox 1525 781 1812 844; x_wconf 90' lang='lat' dir='ltr'><strong>Christus</strong></span> <span class='ocrx_word' id='word_1_30' title='bbox 1841 788 2055 844; x_wconf 87' lang='lat' dir='ltr'><strong>autern</strong></span> <span class='ocrx_word' id='word_1_31' title='bbox 2088 797 2426 860; x_wconf 84' lang='lat' dir='ltr'><strong>resurgens</strong></span> <span class='ocrx_word' id='word_1_32' title='bbox 2531 779 2872 842; x_wconf 90' lang='lat' dir='ltr'><strong>dammodo</strong></span> <span class='ocrx_word' id='word_1_33' title='bbox 2929 780 3082 843; x_wconf 82' lang='lat' dir='ltr'><strong>finis</strong></span> <span class='ocrx_word' id='word_1_34' title='bbox 3143 780 3504 860; x_wconf 78' lang='lat' dir='ltr'><strong>inferioris3</strong></span> <span class='ocrx_word' id='word_1_35' title='bbox 3555 780 3762 842; x_wconf 91' lang='lat' dir='ltr'><strong>ordini</strong></span> <span class='ocrx_word' id='word_1_36' title='bbox 3808 799 3996 841; x_wconf 84' lang='lat' dir='ltr'><strong>rerum</strong></span> 
     </span>
    </p>

    <p class='ocr_par' dir='ltr' id='par_1_4' title="bbox 632 878 4004 1354">
     <span class='ocr_line' id='line_1_4' title="bbox 632 878 3998 961; baseline 0 -21"><span class='ocrx_word' id='word_1_37' title='bbox 632 896 839 943; x_wconf 62' lang='lat' dir='ltr'><strong>nomm.</strong></span> <span class='ocrx_word' id='word_1_38' title='bbox 858 891 899 932; x_wconf 74' lang='lat'><strong>9-</strong></span> <span class='ocrx_word' id='word_1_39' title='bbox 929 896 1005 940; x_wconf 86' lang='lat' dir='ltr'><strong>ex</strong></span> <span class='ocrx_word' id='word_1_40' title='bbox 1056 878 1345 952; x_wconf 80' lang='lat' dir='ltr'><strong>mortuiS,</strong></span> <span class='ocrx_word' id='word_1_41' title='bbox 1394 879 1527 960; x_wconf 88' lang='lat' dir='ltr'><strong>jam</strong></span> <span class='ocrx_word' id='word_1_42' title='bbox 1577 878 1857 961; x_wconf 89' lang='lat' dir='ltr'><strong>amplius</strong></span> <span class='ocrx_word' id='word_1_43' title='bbox 1906 897 2032 942; x_wconf 90' lang='lat' dir='ltr'><strong>non</strong></span> <span class='ocrx_word' id='word_1_44' title='bbox 2092 880 2360 941; x_wconf 90' lang='lat' dir='ltr'><strong>moritur</strong></span> <span class='ocrx_word' id='word_1_45' title='bbox 2408 895 2422 939; x_wconf 91' lang='lat'>:</span> <span class='ocrx_word' id='word_1_46' title='bbox 2533 897 2658 940; x_wconf 87' lang='lat' dir='ltr'><strong>non</strong></span> <span class='ocrx_word' id='word_1_47' title='bbox 2711 879 3018 960; x_wconf 90' lang='lat' dir='ltr'><strong>competit</strong></span> <span class='ocrx_word' id='word_1_48' title='bbox 3065 887 3135 941; x_wconf 90' lang='lat' dir='ltr'><strong>ut</strong></span> <span class='ocrx_word' id='word_1_49' title='bbox 3193 899 3340 942; x_wconf 90' lang='lat' dir='ltr'><strong>cum</strong></span> <span class='ocrx_word' id='word_1_50' title='bbox 3399 879 3783 942; x_wconf 88' lang='lat' dir='ltr'><strong>detrimento</strong></span> <span class='ocrx_word' id='word_1_51' title='bbox 3837 898 3998 960; x_wconf 87' lang='lat' dir='ltr'><strong>supe·</strong></span> 
     </span>
     <span class='ocr_line' id='line_1_5' title="bbox 928 975 4002 1059; baseline -0 -21"><span class='ocrx_word' id='word_1_52' title='bbox 928 995 1137 1058; x_wconf 89' lang='lat' dir='ltr'><strong>neque</strong></span> <span class='ocrx_word' id='word_1_53' title='bbox 1181 995 1332 1058; x_wconf 84' lang='lat' dir='ltr'><strong>ergo</strong></span> <span class='ocrx_word' id='word_1_54' title='bbox 1375 994 1489 1040; x_wconf 86' lang='lat' dir='ltr'><strong>nos</strong></span> <span class='ocrx_word' id='word_1_55' title='bbox 1534 995 1941 1058; x_wconf 85' lang='lat' dir='ltr'><strong>resurgemus</strong></span> <span class='ocrx_word' id='word_1_56' title='bbox 1987 978 2200 1039; x_wconf 91' lang='lat' dir='ltr'><strong>denuo</strong></span> <span class='ocrx_word' id='word_1_57' title='bbox 2241 976 2428 1039; x_wconf 88' lang='lat' dir='ltr'><strong>mori·</strong></span> <span class='ocrx_word' id='word_1_58' title='bbox 2532 977 2717 1038; x_wconf 88' lang='lat' dir='ltr'><strong>rioris</strong></span> <span class='ocrx_word' id='word_1_59' title='bbox 2749 975 3036 1038; x_wconf 81' lang='lat' dir='ltr'><strong>inferiori</strong></span> <span class='ocrx_word' id='word_1_60' title='bbox 3069 978 3489 1059; x_wconf 82' lang='lat' dir='ltr'><strong>provideatur.</strong></span> <span class='ocrx_word' id='word_1_61' title='bbox 3507 977 3570 1039; x_wconf 92' lang='lat' dir='ltr'><strong>Si</strong></span> <span class='ocrx_word' id='word_1_62' title='bbox 3603 994 3752 1057; x_wconf 88' lang='lat' dir='ltr'><strong>ergo</strong></span> <span class='ocrx_word' id='word_1_63' title='bbox 3781 975 4002 1038; x_wconf 83' lang='lat' dir='ltr'><strong>felicior</strong></span> 
     </span>
     <span class='ocr_line' id='line_1_6' title="bbox 927 1073 4004 1157; baseline 0.001 -24"><span class='ocrx_word' id='word_1_64' title='bbox 927 1073 1075 1134; x_wconf 91' lang='lat' dir='ltr'><strong>turi.</strong></span> <span class='ocrx_word' id='word_1_65' title='bbox 1110 1073 1355 1146; x_wconf 88' lang='lat' dir='ltr'><strong>Adbuc,</strong></span> <span class='ocrx_word' id='word_1_66' title='bbox 1389 1075 1441 1135; x_wconf 91' lang='lat' dir='ltr'><strong>si</strong></span> <span class='ocrx_word' id='word_1_67' title='bbox 1478 1091 1649 1136; x_wconf 87' lang='lat' dir='ltr'><strong>mors</strong></span> <span class='ocrx_word' id='word_1_68' title='bbox 1680 1093 1937 1154; x_wconf 86' lang='lat' dir='ltr'><strong>semper</strong></span> <span class='ocrx_word' id='word_1_69' title='bbox 1976 1073 2254 1147; x_wconf 89' lang='lat' dir='ltr'><strong>durabit,</strong></span> <span class='ocrx_word' id='word_1_70' title='bbox 2290 1073 2428 1135; x_wconf 90' lang='lat' dir='ltr'><strong>nul·</strong></span> <span class='ocrx_word' id='word_1_71' title='bbox 2531 1081 2594 1134; x_wconf 91' lang='lat' dir='ltr'><strong>et</strong></span> <span class='ocrx_word' id='word_1_72' title='bbox 2637 1075 3007 1136; x_wconf 82' lang='lat' dir='ltr'><strong>naturaliter</strong></span> <span class='ocrx_word' id='word_1_73' title='bbox 3053 1075 3284 1138; x_wconf 89' lang='lat' dir='ltr'><strong>melius</strong></span> <span class='ocrx_word' id='word_1_74' title='bbox 3333 1076 3644 1157; x_wconf 90' lang='lat' dir='ltr'><strong>disposita</strong></span> <span class='ocrx_word' id='word_1_75' title='bbox 3689 1074 3770 1137; x_wconf 89' lang='lat' dir='ltr'><strong>sit</strong></span> <span class='ocrx_word' id='word_1_76' title='bbox 3815 1074 4004 1136; x_wconf 86' lang='lat' dir='ltr'><strong>anima</strong></span> 
     </span>
     <span class='ocr_line' id='line_1_7' title="bbox 929 1172 4004 1256; baseline -0 -22"><span class='ocrx_word' id='word_1_77' title='bbox 929 1172 1176 1234; x_wconf 91' lang='lat' dir='ltr'><strong>latenus</strong></span> <span class='ocrx_word' id='word_1_78' title='bbox 1218 1173 1541 1235; x_wconf 87' lang='lat' dir='ltr'><strong>destructa</strong></span> <span class='ocrx_word' id='word_1_79' title='bbox 1579 1180 1694 1235; x_wconf 89' lang='lat' dir='ltr'><strong>est.</strong></span> <span class='ocrx_word' id='word_1_80' title='bbox 1738 1173 1859 1235; x_wconf 89' lang='lat' dir='ltr'><strong>Sed</strong></span> <span class='ocrx_word' id='word_1_81' title='bbox 1910 1191 2025 1254; x_wconf 92' lang='lat' dir='ltr'><strong>per</strong></span> <span class='ocrx_word' id='word_1_82' title='bbox 2064 1173 2426 1255; x_wconf 82' lang='lat' dir='ltr'><strong>passionem</strong></span> <span class='ocrx_word' id='word_1_83' title='bbox 2532 1172 2682 1233; x_wconf 89' lang='lat' dir='ltr'><strong>dum</strong></span> <span class='ocrx_word' id='word_1_84' title='bbox 2735 1179 3023 1254; x_wconf 88' lang='lat' dir='ltr'><strong>separata</strong></span> <span class='ocrx_word' id='word_1_85' title='bbox 3080 1182 3176 1236; x_wconf 90' lang='lat' dir='ltr'><strong>est</strong></span> <span class='ocrx_word' id='word_1_86' title='bbox 3235 1192 3428 1256; x_wconf 90' lang='lat' dir='ltr'><strong>quam</strong></span> <span class='ocrx_word' id='word_1_87' title='bbox 3487 1172 3848 1254; x_wconf 84' lang='lat' dir='ltr'><strong>conjuncta,</strong></span> <span class='ocrx_word' id='word_1_88' title='bbox 3895 1191 4004 1234; x_wconf 88' lang='lat' dir='ltr'><strong>non</strong></span> 
     </span>
     <span class='ocr_line' id='line_1_8' title="bbox 930 1269 4004 1354; baseline 0 -22"><span class='ocrx_word' id='word_1_89' title='bbox 930 1269 1163 1332; x_wconf 81' lang='lat' dir='ltr'><strong>Christi</strong></span> <span class='ocrx_word' id='word_1_90' title='bbox 1203 1277 1533 1352; x_wconf 87' lang='lat' dir='ltr'><strong>perempta</strong></span> <span class='ocrx_word' id='word_1_91' title='bbox 1572 1269 1829 1344; x_wconf 87' lang='lat' dir='ltr'><strong>dicitur,</strong></span> <span class='ocrx_word' id='word_1_92' title='bbox 1862 1271 2115 1333; x_wconf 85' lang='lat' dir='ltr'><strong>dicente</strong></span> <span class='ocrx_word' id='word_1_93' title='bbox 2155 1269 2427 1351; x_wconf 89' lang='lat' dir='ltr'><strong>Prophe·</strong></span> <span class='ocrx_word' id='word_1_94' title='bbox 2533 1270 2784 1334; x_wconf 82' lang='lat' dir='ltr'><strong>decebit</strong></span> <span class='ocrx_word' id='word_1_95' title='bbox 2856 1279 2924 1333; x_wconf 90' lang='lat' dir='ltr'><strong>ut</strong></span> <span class='ocrx_word' id='word_1_96' title='bbox 2981 1271 3047 1333; x_wconf 88' lang='lat' dir='ltr'><strong>in</strong></span> <span class='ocrx_word' id='word_1_97' title='bbox 3106 1272 3206 1334; x_wconf 91' lang='lat' dir='ltr'><strong>sui</strong></span> <span class='ocrx_word' id='word_1_98' title='bbox 3265 1273 3724 1334; x_wconf 86' lang='lat' dir='ltr'><strong>detrimentum</strong></span> <span class='ocrx_word' id='word_1_99' title='bbox 3781 1271 4004 1354; x_wconf 84' lang='lat' dir='ltr'><strong>corpori</strong></span> 
     </span>
    </p>

    <p class='ocr_par' dir='ltr' id='par_1_5' title="bbox 666 1367 4007 1452">
     <span class='ocr_line' id='line_1_9' title="bbox 666 1367 4007 1452; baseline 0 -23"><span class='ocrx_word' id='word_1_100' title='bbox 666 1385 777 1429; x_wconf 67' lang='lat'><strong>0202</strong></span> <span class='ocrx_word' id='word_1_101' title='bbox 810 1398 900 1436; x_wconf 83' lang='grc' dir='ltr'><strong>ιιιιι,</strong></span> <span class='ocrx_word' id='word_1_102' title='bbox 931 1375 994 1428; x_wconf 90' lang='lat' dir='ltr'><strong>ta</strong></span> <span class='ocrx_word' id='word_1_103' title='bbox 1035 1385 1049 1428; x_wconf 73' lang='grc' dir='ltr'>ε</span> <span class='ocrx_word' id='word_1_104' title='bbox 1093 1368 1216 1430; x_wconf 92' lang='lat' dir='ltr'><strong>Ero</strong></span> <span class='ocrx_word' id='word_1_105' title='bbox 1260 1385 1433 1430; x_wconf 89' lang='lat' dir='ltr'><strong>mors</strong></span> <span class='ocrx_word' id='word_1_106' title='bbox 1480 1375 1607 1441; x_wconf 88' lang='lat' dir='ltr'><strong>tua,</strong></span> <span class='ocrx_word' id='word_1_107' title='bbox 1640 1385 1679 1430; x_wconf 92' lang='lat' dir='ltr'><strong>o</strong></span> <span class='ocrx_word' id='word_1_108' title='bbox 1725 1385 1915 1430; x_wconf 88' lang='lat' dir='ltr'><strong>mors.</strong></span> <span class='ocrx_word' id='word_1_109' title='bbox 1952 1368 2026 1429; x_wconf 90' lang='lat' dir='ltr'><strong>Et</strong></span> <span class='ocrx_word' id='word_1_110' title='bbox 2071 1385 2242 1429; x_wconf 88' lang='lat' dir='ltr'><strong>nunc</strong></span> <span class='ocrx_word' id='word_1_111' title='bbox 2288 1367 2426 1449; x_wconf 90' lang='lat' dir='ltr'><strong>qui·</strong></span> <span class='ocrx_word' id='word_1_112' title='bbox 2535 1368 2944 1450; x_wconf 87' lang='lat' dir='ltr'><strong>imprimatur</strong></span> <span class='ocrx_word' id='word_1_113' title='bbox 3004 1388 3018 1431; x_wconf 73' lang='grc' dir='ltr'><strong>ε</strong></span> <span class='ocrx_word' id='word_1_114' title='bbox 3080 1371 3250 1452; x_wconf 90' lang='lat' dir='ltr'><strong>quod</strong></span> <span class='ocrx_word' id='word_1_115' title='bbox 3300 1376 3514 1433; x_wconf 88' lang='lat' dir='ltr'><strong>tamen</strong></span> <span class='ocrx_word' id='word_1_116' title='bbox 3576 1370 3750 1432; x_wconf 89' lang='lat' dir='ltr'><strong>Plato</strong></span> <span class='ocrx_word' id='word_1_117' title='bbox 3805 1388 4007 1432; x_wconf 87' lang='lat' dir='ltr'><strong>concc-</strong></span> 
     </span>
    </p>

    <p class='ocr_par' dir='ltr' id='par_1_6' title="bbox 640 1452 4008 1545">
     <span class='ocr_line' id='line_1_10' title="bbox 640 1452 4008 1545; baseline 0 -17"><span class='ocrx_word' id='word_1_118' title='bbox 640 1452 705 1492; x_wconf 78' lang='lat'><strong>¹⁴·</strong></span> <span class='ocrx_word' id='word_1_119' title='bbox 931 1467 1078 1529; x_wconf 89' lang='lat' dir='ltr'><strong>dem</strong></span> <span class='ocrx_word' id='word_1_120' title='bbox 1118 1467 1439 1529; x_wconf 88' lang='lat' dir='ltr'><strong>destructa</strong></span> <span class='ocrx_word' id='word_1_121' title='bbox 1471 1474 1567 1529; x_wconf 89' lang='lat' dir='ltr'><strong>est</strong></span> <span class='ocrx_word' id='word_1_122' title='bbox 1610 1467 1677 1529; x_wconf 92' lang='lat' dir='ltr'><strong>in</strong></span> <span class='ocrx_word' id='word_1_123' title='bbox 1718 1485 1946 1545; x_wconf 84' lang='lat' dir='ltr'><strong>causa3</strong></span> <span class='ocrx_word' id='word_1_124' title='bbox 1980 1468 2236 1530; x_wconf 87' lang='lat' dir='ltr'><strong>tandem</strong></span> <span class='ocrx_word' id='word_1_125' title='bbox 2277 1485 2428 1530; x_wconf 86' lang='lat' dir='ltr'><strong>vero</strong></span> <span class='ocrx_word' id='word_1_126' title='bbox 2531 1467 2627 1528; x_wconf 91' lang='lat' dir='ltr'><strong>dit</strong></span> <span class='ocrx_word' id='word_1_127' title='bbox 2675 1468 2740 1530; x_wconf 92' lang='lat' dir='ltr'><strong>in</strong></span> <span class='ocrx_word' id='word_1_128' title='bbox 2789 1469 3077 1542; x_wconf 88' lang='lat' dir='ltr'><strong>Menone,</strong></span> <span class='ocrx_word' id='word_1_129' title='bbox 3125 1468 3232 1530; x_wconf 91' lang='lat' dir='ltr'><strong>ubi</strong></span> <span class='ocrx_word' id='word_1_130' title='bbox 3282 1469 3507 1530; x_wconf 89' lang='lat' dir='ltr'><strong>asserit</strong></span> <span class='ocrx_word' id='word_1_131' title='bbox 3556 1469 3854 1530; x_wconf 84' lang='lat' dir='ltr'><strong>scientias</strong></span> <span class='ocrx_word' id='word_1_132' title='bbox 3897 1469 4008 1530; x_wconf 90' lang='lat' dir='ltr'><strong>ani-</strong></span> 
     </span>
    </p>

    <p class='ocr_par' dir='ltr' id='par_1_7' title="bbox 663 1563 4009 1648">
     <span class='ocr_line' id='line_1_11' title="bbox 663 1563 4009 1648; baseline 0.001 -24"><span class='ocrx_word' id='word_1_133' title='bbox 663 1579 801 1625; x_wconf 77' lang='lat' dir='ltr'><strong>icor.</strong></span> <span class='ocrx_word' id='word_1_134' title='bbox 826 1594 900 1633; x_wconf 75' lang='lat' dir='ltr'><strong>xv,</strong></span> <span class='ocrx_word' id='word_1_135' title='bbox 930 1566 1295 1632; x_wconf 78' lang='lat' dir='ltr'><strong>destruetur</strong></span> <span class='ocrx_word' id='word_1_136' title='bbox 1338 1566 1403 1626; x_wconf 90' lang='lat' dir='ltr'><strong>in</strong></span> <span class='ocrx_word' id='word_1_137' title='bbox 1446 1573 1590 1627; x_wconf 92' lang='lat' dir='ltr'><strong>actu</strong></span> <span class='ocrx_word' id='word_1_138' title='bbox 1636 1583 1649 1626; x_wconf 76' lang='grc' dir='ltr'>ε</span> <span class='ocrx_word' id='word_1_139' title='bbox 1702 1566 1869 1627; x_wconf 89' lang='lat' dir='ltr'><strong>sicut</strong></span> <span class='ocrx_word' id='word_1_140' title='bbox 1910 1565 2163 1637; x_wconf 80' lang='lat' dir='ltr'><strong>PauluS,</strong></span> <span class='ocrx_word' id='word_1_141' title='bbox 2209 1565 2428 1627; x_wconf 78' lang='lat' dir='ltr'><strong>Novis·</strong></span> <span class='ocrx_word' id='word_1_142' title='bbox 2537 1563 2761 1626; x_wconf 91' lang='lat' dir='ltr'><strong>mabus</strong></span> <span class='ocrx_word' id='word_1_143' title='bbox 2805 1565 3073 1638; x_wconf 86' lang='lat' dir='ltr'><strong>innasci,</strong></span> <span class='ocrx_word' id='word_1_144' title='bbox 3116 1567 3228 1628; x_wconf 89' lang='lat' dir='ltr'><strong>sed</strong></span> <span class='ocrx_word' id='word_1_145' title='bbox 3273 1584 3350 1628; x_wconf 87' lang='lat' dir='ltr'><strong>ex</strong></span> <span class='ocrx_word' id='word_1_146' title='bbox 3398 1567 3684 1648; x_wconf 87' lang='lat' dir='ltr'><strong>corporis</strong></span> <span class='ocrx_word' id='word_1_147' title='bbox 3725 1566 3886 1628; x_wconf 89' lang='lat' dir='ltr'><strong>mole</strong></span> <span class='ocrx_word' id='word_1_148' title='bbox 3923 1585 4009 1627; x_wconf 86' lang='lat' dir='ltr'><strong>ea-</strong></span> 
     </span>
    </p>

    <p class='ocr_par' dir='ltr' id='par_1_8' title="bbox 635 1648 4010 1941">
     <span class='ocr_line' id='line_1_12' title="bbox 635 1648 4004 1745; baseline 0 -21"><span class='ocrx_word' id='word_1_149' title='bbox 635 1648 701 1688; x_wconf 79' lang='lat'><strong>²⁶¹</strong></span> <span class='ocrx_word' id='word_1_150' title='bbox 928 1664 1091 1725; x_wconf 90' lang='lat' dir='ltr'><strong>sime</strong></span> <span class='ocrx_word' id='word_1_151' title='bbox 1146 1664 1413 1745; x_wconf 90' lang='lat' dir='ltr'><strong>(inquit)</strong></span> <span class='ocrx_word' id='word_1_152' title='bbox 1471 1663 1734 1726; x_wconf 85' lang='lat' dir='ltr'><strong>inimica</strong></span> <span class='ocrx_word' id='word_1_153' title='bbox 1799 1664 2165 1726; x_wconf 86' lang='lat' dir='ltr'><strong>destruetur</strong></span> <span class='ocrx_word' id='word_1_154' title='bbox 2231 1682 2424 1726; x_wconf 89' lang='lat' dir='ltr'><strong>mors.</strong></span> <span class='ocrx_word' id='word_1_155' title='bbox 2535 1662 2827 1724; x_wconf 88' lang='lat' dir='ltr'><strong>rumdem</strong></span> <span class='ocrx_word' id='word_1_156' title='bbox 2878 1663 3272 1726; x_wconf 88' lang='lat' dir='ltr'><strong>oblivionem</strong></span> <span class='ocrx_word' id='word_1_157' title='bbox 3334 1664 3399 1726; x_wconf 91' lang='lat' dir='ltr'><strong>in</strong></span> <span class='ocrx_word' id='word_1_158' title='bbox 3457 1662 3799 1726; x_wconf 85' lang='lat' dir='ltr'><strong>animabus</strong></span> <span class='ocrx_word' id='word_1_159' title='bbox 3852 1665 4004 1727; x_wconf 85' lang='lat' dir='ltr'><strong>oriri.</strong></span> 
     </span>
     <span class='ocr_line' id='line_1_13' title="bbox 926 1760 4010 1844; baseline -0 -20"><span class='ocrx_word' id='word_1_160' title='bbox 926 1762 1189 1824; x_wconf 86' lang='lat' dir='ltr'><strong>Prorsus</strong></span> <span class='ocrx_word' id='word_1_161' title='bbox 1256 1780 1405 1843; x_wconf 88' lang='lat' dir='ltr'><strong>ergo</strong></span> <span class='ocrx_word' id='word_1_162' title='bbox 1464 1762 1740 1824; x_wconf 88' lang='lat' dir='ltr'><strong>cessabit</strong></span> <span class='ocrx_word' id='word_1_163' title='bbox 1806 1762 1870 1824; x_wconf 90' lang='lat' dir='ltr'><strong>in</strong></span> <span class='ocrx_word' id='word_1_164' title='bbox 1932 1762 2420 1836; x_wconf 87' lang='lat' dir='ltr'><strong>resurrectione,</strong></span> <span class='ocrx_word' id='word_1_165' title='bbox 2533 1760 2670 1822; x_wconf 90' lang='lat' dir='ltr'><strong>Non</strong></span> <span class='ocrx_word' id='word_1_166' title='bbox 2737 1777 2886 1841; x_wconf 87' lang='lat' dir='ltr'><strong>ergo</strong></span> <span class='ocrx_word' id='word_1_167' title='bbox 2954 1761 3332 1844; x_wconf 89' lang='lat' dir='ltr'><strong>corporibus</strong></span> <span class='ocrx_word' id='word_1_168' title='bbox 3401 1762 3635 1824; x_wconf 91' lang='lat' dir='ltr'><strong>iterum</strong></span> <span class='ocrx_word' id='word_1_169' title='bbox 3707 1763 4010 1825; x_wconf 86' lang='lat' dir='ltr'><strong>morituris</strong></span> 
     </span>
     <span class='ocr_line' id='line_1_14' title="bbox 926 1859 3209 1941; baseline 0.001 -21"><span class='ocrx_word' id='word_1_170' title='bbox 926 1878 1119 1941; x_wconf 90' lang='lat' dir='ltr'><strong>quam</strong></span> <span class='ocrx_word' id='word_1_171' title='bbox 1164 1859 1326 1922; x_wconf 77' lang='lat' dir='ltr'><strong>sides</strong></span> <span class='ocrx_word' id='word_1_172' title='bbox 1369 1859 1589 1921; x_wconf 89' lang='lat' dir='ltr'><strong>divina</strong></span> <span class='ocrx_word' id='word_1_173' title='bbox 1631 1860 1919 1921; x_wconf 88' lang='lat' dir='ltr'><strong>adstruit.</strong></span> <span class='ocrx_word' id='word_1_174' title='bbox 2460 1862 2506 1925; x_wconf 88' lang='lat' dir='ltr'>B</span> <span class='ocrx_word' id='word_1_175' title='bbox 2536 1859 2919 1921; x_wconf 85' lang='lat' dir='ltr'><strong>reuniuntur</strong></span> <span class='ocrx_word' id='word_1_176' title='bbox 2959 1861 3209 1922; x_wconf 83' lang='lat' dir='ltr'><strong>animae.</strong></span> 
     </span>
    </p>

    <p class='ocr_par' dir='ltr' id='par_1_9' title="bbox 919 1957 4012 3221">
     <span class='ocr_line' id='line_1_15' title="bbox 1005 1957 4011 2040; baseline 0 -20"><span class='ocrx_word' id='word_1_177' title='bbox 1005 1958 1312 2020; x_wconf 66' lang='lat' dir='ltr'><strong>Praeterea</strong></span> <span class='ocrx_word' id='word_1_178' title='bbox 1342 1957 1661 2020; x_wconf 87' lang='lat' dir='ltr'><strong>naturales</strong></span> <span class='ocrx_word' id='word_1_179' title='bbox 1707 1959 1985 2020; x_wconf 85' lang='lat' dir='ltr'><strong>rationes</strong></span> <span class='ocrx_word' id='word_1_180' title='bbox 2014 1957 2090 2020; x_wconf 85' lang='lat' dir='ltr'><strong>ad</strong></span> <span class='ocrx_word' id='word_1_181' title='bbox 2124 1958 2291 2019; x_wconf 91' lang='lat' dir='ltr'><strong>idem</strong></span> <span class='ocrx_word' id='word_1_182' title='bbox 2335 1958 2425 2019; x_wconf 89' lang='lat' dir='ltr'><strong>in·</strong></span> <span class='ocrx_word' id='word_1_183' title='bbox 2613 1957 2929 2038; x_wconf 83' lang='lat' dir='ltr'><strong>Amplius,</strong></span> <span class='ocrx_word' id='word_1_184' title='bbox 2963 1958 3272 2039; x_wconf 88' lang='lat' dir='ltr'><strong>sapientis</strong></span> <span class='ocrx_word' id='word_1_185' title='bbox 3315 1965 3410 2020; x_wconf 91' lang='lat' dir='ltr'><strong>est</strong></span> <span class='ocrx_word' id='word_1_186' title='bbox 3453 1958 3672 2020; x_wconf 85' lang='lat' dir='ltr'><strong>omnia</strong></span> <span class='ocrx_word' id='word_1_187' title='bbox 3714 1976 3894 2040; x_wconf 80' lang='lat' dir='ltr'><strong>agere</strong></span> <span class='ocrx_word' id='word_1_188' title='bbox 3931 1978 4011 2022; x_wconf 89' lang='lat' dir='ltr'><strong>se-</strong></span> 
     </span>
     <span class='ocr_line' id='line_1_16' title="bbox 924 2055 4009 2138; baseline 0 -21"><span class='ocrx_word' id='word_1_189' title='bbox 924 2057 1269 2130; x_wconf 90' lang='lat' dir='ltr'><strong>ducuntur,</strong></span> <span class='ocrx_word' id='word_1_190' title='bbox 1320 2057 1489 2138; x_wconf 92' lang='lat' dir='ltr'><strong>quod</strong></span> <span class='ocrx_word' id='word_1_191' title='bbox 1541 2056 1789 2118; x_wconf 89' lang='lat' dir='ltr'><strong>scilicet</strong></span> <span class='ocrx_word' id='word_1_192' title='bbox 1835 2057 2283 2136; x_wconf 87' lang='lat' dir='ltr'><strong>hujuscemodi</strong></span> <span class='ocrx_word' id='word_1_193' title='bbox 2332 2057 2423 2118; x_wconf 89' lang='lat' dir='ltr'><strong>in·</strong></span> <span class='ocrx_word' id='word_1_194' title='bbox 2533 2055 2814 2117; x_wconf 88' lang='lat' dir='ltr'><strong>cundum</strong></span> <span class='ocrx_word' id='word_1_195' title='bbox 2875 2057 3262 2136; x_wconf 83' lang='lat' dir='ltr'><strong>exigentiam</strong></span> <span class='ocrx_word' id='word_1_196' title='bbox 3325 2057 3866 2138; x_wconf 90' lang='lat' dir='ltr'><strong>commodumque</strong></span> <span class='ocrx_word' id='word_1_197' title='bbox 3919 2077 4009 2118; x_wconf 89' lang='lat' dir='ltr'><strong>na-</strong></span> 
     </span>
     <span class='ocr_line' id='line_1_17' title="bbox 924 2154 4011 2237; baseline 0.001 -21"><span class='ocrx_word' id='word_1_198' title='bbox 924 2155 1252 2217; x_wconf 89' lang='lat' dir='ltr'><strong>cessabilis</strong></span> <span class='ocrx_word' id='word_1_199' title='bbox 1280 2155 1657 2217; x_wconf 88' lang='lat' dir='ltr'><strong>vicissitudo</strong></span> <span class='ocrx_word' id='word_1_200' title='bbox 1698 2154 2129 2235; x_wconf 87' lang='lat' dir='ltr'><strong>conjungendi</strong></span> <span class='ocrx_word' id='word_1_201' title='bbox 2172 2155 2423 2236; x_wconf 90' lang='lat' dir='ltr'><strong>corpori</strong></span> <span class='ocrx_word' id='word_1_202' title='bbox 2530 2161 2687 2216; x_wconf 80' lang='lat' dir='ltr'><strong>turae</strong></span> <span class='ocrx_word' id='word_1_203' title='bbox 2749 2161 3059 2216; x_wconf 88' lang='lat' dir='ltr'><strong>actorum.</strong></span> <span class='ocrx_word' id='word_1_204' title='bbox 3127 2156 3294 2217; x_wconf 92' lang='lat' dir='ltr'><strong>Deus</strong></span> <span class='ocrx_word' id='word_1_205' title='bbox 3357 2163 3572 2218; x_wconf 88' lang='lat' dir='ltr'><strong>autem</strong></span> <span class='ocrx_word' id='word_1_206' title='bbox 3635 2156 4011 2237; x_wconf 86' lang='lat' dir='ltr'><strong>sapientissi-</strong></span> 
     </span>
     <span class='ocr_line' id='line_1_18' title="bbox 923 2251 4010 2335; baseline -0 -21"><span class='ocrx_word' id='word_1_207' title='bbox 923 2261 986 2315; x_wconf 92' lang='lat' dir='ltr'><strong>et</strong></span> <span class='ocrx_word' id='word_1_208' title='bbox 1044 2253 1380 2335; x_wconf 89' lang='lat' dir='ltr'><strong>separandi</strong></span> <span class='ocrx_word' id='word_1_209' title='bbox 1440 2253 1520 2315; x_wconf 88' lang='lat' dir='ltr'><strong>ab</strong></span> <span class='ocrx_word' id='word_1_210' title='bbox 1580 2253 1830 2327; x_wconf 90' lang='lat' dir='ltr'><strong>eodem,</strong></span> <span class='ocrx_word' id='word_1_211' title='bbox 1892 2270 2019 2314; x_wconf 90' lang='lat' dir='ltr'><strong>non</strong></span> <span class='ocrx_word' id='word_1_212' title='bbox 2082 2254 2422 2316; x_wconf 87' lang='lat' dir='ltr'><strong>conveniat</strong></span> <span class='ocrx_word' id='word_1_213' title='bbox 2533 2269 2674 2312; x_wconf 90' lang='lat' dir='ltr'><strong>mus</strong></span> <span class='ocrx_word' id='word_1_214' title='bbox 2734 2258 2830 2312; x_wconf 89' lang='lat' dir='ltr'><strong>est</strong></span> <span class='ocrx_word' id='word_1_215' title='bbox 2887 2259 3080 2314; x_wconf 88' lang='lat' dir='ltr'><strong>actor.</strong></span> <span class='ocrx_word' id='word_1_216' title='bbox 3135 2251 3400 2314; x_wconf 87' lang='lat' dir='ltr'><strong>Ordinat</strong></span> <span class='ocrx_word' id='word_1_217' title='bbox 3457 2269 3609 2333; x_wconf 85' lang='lat' dir='ltr'><strong>ergo</strong></span> <span class='ocrx_word' id='word_1_218' title='bbox 3675 2260 3748 2314; x_wconf 90' lang='lat' dir='ltr'><strong>ut</strong></span> <span class='ocrx_word' id='word_1_219' title='bbox 3803 2253 4010 2314; x_wconf 85' lang='lat' dir='ltr'><strong>animae</strong></span> 
     </span>
     <span class='ocr_line' id='line_1_19' title="bbox 923 2347 4011 2433; baseline 0 -21"><span class='ocrx_word' id='word_1_220' title='bbox 923 2351 1048 2433; x_wconf 89' lang='lat' dir='ltr'><strong>ipsi</strong></span> <span class='ocrx_word' id='word_1_221' title='bbox 1095 2351 1343 2414; x_wconf 87' lang='lat' dir='ltr'><strong>animae.</strong></span> <span class='ocrx_word' id='word_1_222' title='bbox 1395 2352 1481 2413; x_wconf 90' lang='lat' dir='ltr'><strong>Ea</strong></span> <span class='ocrx_word' id='word_1_223' title='bbox 1528 2369 1805 2433; x_wconf 89' lang='lat' dir='ltr'><strong>namque</strong></span> <span class='ocrx_word' id='word_1_224' title='bbox 1851 2371 1993 2433; x_wconf 84' lang='lat' dir='ltr'><strong>quae</strong></span> <span class='ocrx_word' id='word_1_225' title='bbox 2037 2352 2206 2414; x_wconf 88' lang='lat' dir='ltr'><strong>circa</strong></span> <span class='ocrx_word' id='word_1_226' title='bbox 2251 2352 2418 2414; x_wconf 90' lang='lat' dir='ltr'><strong>idem</strong></span> <span class='ocrx_word' id='word_1_227' title='bbox 2531 2347 2944 2430; x_wconf 87' lang='lat' dir='ltr'><strong>corporisque</strong></span> <span class='ocrx_word' id='word_1_228' title='bbox 2978 2357 3200 2411; x_wconf 90' lang='lat' dir='ltr'><strong>mutua</strong></span> <span class='ocrx_word' id='word_1_229' title='bbox 3231 2350 3555 2431; x_wconf 86' lang='lat' dir='ltr'><strong>copulatio</strong></span> <span class='ocrx_word' id='word_1_230' title='bbox 3601 2351 3859 2432; x_wconf 88' lang='lat' dir='ltr'><strong>utrique</strong></span> <span class='ocrx_word' id='word_1_231' title='bbox 3887 2367 4011 2432; x_wconf 90' lang='lat' dir='ltr'><strong>pro·</strong></span> 
     </span>
     <span class='ocr_line' id='line_1_20' title="bbox 923 2447 4008 2530; baseline -0.001 -18"><span class='ocrx_word' id='word_1_232' title='bbox 923 2448 1289 2530; x_wconf 87' lang='lat' dir='ltr'><strong>subjectum</strong></span> <span class='ocrx_word' id='word_1_233' title='bbox 1334 2449 1708 2512; x_wconf 85' lang='lat' dir='ltr'><strong>naturaliter</strong></span> <span class='ocrx_word' id='word_1_234' title='bbox 1750 2450 2098 2522; x_wconf 88' lang='lat' dir='ltr'><strong>variantur,</strong></span> <span class='ocrx_word' id='word_1_235' title='bbox 2134 2458 2284 2513; x_wconf 86' lang='lat' dir='ltr'><strong>sunt</strong></span> <span class='ocrx_word' id='word_1_236' title='bbox 2325 2470 2422 2513; x_wconf 91' lang='lat' dir='ltr'><strong>ac·</strong></span> <span class='ocrx_word' id='word_1_237' title='bbox 2531 2447 2634 2518; x_wconf 87' lang='lat' dir='ltr'><strong>sit,</strong></span> <span class='ocrx_word' id='word_1_238' title='bbox 2687 2464 2814 2508; x_wconf 93' lang='lat' dir='ltr'><strong>non</strong></span> <span class='ocrx_word' id='word_1_239' title='bbox 2865 2455 2936 2508; x_wconf 90' lang='lat' dir='ltr'><strong>ut</strong></span> <span class='ocrx_word' id='word_1_240' title='bbox 2981 2447 3197 2510; x_wconf 87' lang='lat' dir='ltr'><strong>anima</strong></span> <span class='ocrx_word' id='word_1_241' title='bbox 3242 2449 3306 2510; x_wconf 89' lang='lat' dir='ltr'><strong>in</strong></span> <span class='ocrx_word' id='word_1_242' title='bbox 3357 2456 3594 2511; x_wconf 89' lang='lat' dir='ltr'><strong>statum</strong></span> <span class='ocrx_word' id='word_1_243' title='bbox 3643 2449 4008 2512; x_wconf 87' lang='lat' dir='ltr'><strong>deteriorem</strong></span> 
     </span>
     <span class='ocr_line' id='line_1_21' title="bbox 923 2544 4011 2628; baseline 0.002 -17"><span class='ocrx_word' id='word_1_244' title='bbox 923 2548 1285 2622; x_wconf 83' lang='lat' dir='ltr'><strong>cidentalia,</strong></span> <span class='ocrx_word' id='word_1_245' title='bbox 1333 2549 1499 2610; x_wconf 81' lang='lat' dir='ltr'><strong>sicut</strong></span> <span class='ocrx_word' id='word_1_246' title='bbox 1542 2556 1839 2611; x_wconf 82' lang='lat' dir='ltr'><strong>senectus</strong></span> <span class='ocrx_word' id='word_1_247' title='bbox 1882 2557 1947 2610; x_wconf 78' lang='lat' dir='ltr'><strong>et</strong></span> <span class='ocrx_word' id='word_1_248' title='bbox 1985 2549 2314 2628; x_wconf 81' lang='lat' dir='ltr'><strong>juventus.</strong></span> <span class='ocrx_word' id='word_1_249' title='bbox 2357 2549 2420 2612; x_wconf 90' lang='lat' dir='ltr'><strong>Si</strong></span> <span class='ocrx_word' id='word_1_250' title='bbox 2529 2544 2726 2606; x_wconf 82' lang='lat' dir='ltr'><strong>eadat·</strong></span> <span class='ocrx_word' id='word_1_251' title='bbox 2762 2545 3088 2618; x_wconf 81' lang='lat' dir='ltr'><strong>Praeterea,</strong></span> <span class='ocrx_word' id='word_1_252' title='bbox 3123 2546 3176 2607; x_wconf 89' lang='lat' dir='ltr'><strong>si</strong></span> <span class='ocrx_word' id='word_1_253' title='bbox 3208 2547 3340 2608; x_wconf 77' lang='lat' dir='ltr'><strong>vita</strong></span> <span class='ocrx_word' id='word_1_254' title='bbox 3369 2554 3433 2608; x_wconf 82' lang='lat' dir='ltr'><strong>et</strong></span> <span class='ocrx_word' id='word_1_255' title='bbox 3471 2565 3646 2610; x_wconf 84' lang='lat' dir='ltr'><strong>mors</strong></span> <span class='ocrx_word' id='word_1_256' title='bbox 3689 2548 4011 2610; x_wconf 81' lang='lat' dir='ltr'><strong>succedant</strong></span> 
     </span>
     <span class='ocr_line' id='line_1_22' title="bbox 921 2640 4009 2729; baseline -0.001 -19"><span class='ocrx_word' id='word_1_257' title='bbox 921 2664 1071 2728; x_wconf 85' lang='lat' dir='ltr'><strong>ergo</strong></span> <span class='ocrx_word' id='word_1_258' title='bbox 1122 2647 1373 2728; x_wconf 90' lang='lat' dir='ltr'><strong>corpori</strong></span> <span class='ocrx_word' id='word_1_259' title='bbox 1424 2646 1595 2708; x_wconf 87' lang='lat' dir='ltr'><strong>uniri</strong></span> <span class='ocrx_word' id='word_1_260' title='bbox 1655 2653 1716 2709; x_wconf 93' lang='lat' dir='ltr'><strong>et</strong></span> <span class='ocrx_word' id='word_1_261' title='bbox 1774 2647 1855 2708; x_wconf 92' lang='lat' dir='ltr'><strong>ab</strong></span> <span class='ocrx_word' id='word_1_262' title='bbox 1916 2647 2057 2728; x_wconf 90' lang='lat' dir='ltr'><strong>ipso</strong></span> <span class='ocrx_word' id='word_1_263' title='bbox 2116 2648 2418 2729; x_wconf 88' lang='lat' dir='ltr'><strong>separari,</strong></span> <span class='ocrx_word' id='word_1_264' title='bbox 2529 2640 2652 2704; x_wconf 90' lang='lat' dir='ltr'><strong>sibi</strong></span> <span class='ocrx_word' id='word_1_265' title='bbox 2703 2643 2981 2705; x_wconf 89' lang='lat' dir='ltr'><strong>invicem</strong></span> <span class='ocrx_word' id='word_1_266' title='bbox 3042 2643 3107 2704; x_wconf 93' lang='lat' dir='ltr'><strong>in</strong></span> <span class='ocrx_word' id='word_1_267' title='bbox 3169 2645 3394 2706; x_wconf 90' lang='lat' dir='ltr'><strong>eodem</strong></span> <span class='ocrx_word' id='word_1_268' title='bbox 3445 2645 3586 2707; x_wconf 91' lang='lat' dir='ltr'><strong>sine</strong></span> <span class='ocrx_word' id='word_1_269' title='bbox 3631 2653 3828 2721; x_wconf 88' lang='lat' dir='ltr'><strong>statu,</strong></span> <span class='ocrx_word' id='word_1_270' title='bbox 3877 2655 4009 2707; x_wconf 90' lang='lat' dir='ltr'><strong>tunc</strong></span> 
     </span>
     <span class='ocr_line' id='line_1_23' title="bbox 921 2741 4010 2820; baseline -0.001 -12"><span class='ocrx_word' id='word_1_271' title='bbox 921 2747 1091 2809; x_wconf 91' lang='lat' dir='ltr'><strong>circa</strong></span> <span class='ocrx_word' id='word_1_272' title='bbox 1137 2745 1421 2807; x_wconf 88' lang='lat' dir='ltr'><strong>animam</strong></span> <span class='ocrx_word' id='word_1_273' title='bbox 1471 2744 1848 2807; x_wconf 87' lang='lat' dir='ltr'><strong>naturaliter</strong></span> <span class='ocrx_word' id='word_1_274' title='bbox 1898 2746 2247 2820; x_wconf 88' lang='lat' dir='ltr'><strong>varientur,</strong></span> <span class='ocrx_word' id='word_1_275' title='bbox 2301 2748 2423 2809; x_wconf 90' lang='lat' dir='ltr'><strong>erit</strong></span> <span class='ocrx_word' id='word_1_276' title='bbox 2527 2741 2662 2803; x_wconf 82' lang='lat' dir='ltr'><strong>haec</strong></span> <span class='ocrx_word' id='word_1_277' title='bbox 2704 2742 2926 2804; x_wconf 90' lang='lat' dir='ltr'><strong>mortis</strong></span> <span class='ocrx_word' id='word_1_278' title='bbox 2957 2749 3020 2804; x_wconf 90' lang='lat' dir='ltr'><strong>et</strong></span> <span class='ocrx_word' id='word_1_279' title='bbox 3051 2743 3195 2806; x_wconf 79' lang='lat' dir='ltr'><strong>vitae</strong></span> <span class='ocrx_word' id='word_1_280' title='bbox 3233 2743 3569 2807; x_wconf 87' lang='lat' dir='ltr'><strong>alternatio</strong></span> <span class='ocrx_word' id='word_1_281' title='bbox 3606 2744 3874 2808; x_wconf 86' lang='lat' dir='ltr'><strong>habebit</strong></span> <span class='ocrx_word' id='word_1_282' title='bbox 3907 2745 4010 2806; x_wconf 87' lang='lat' dir='ltr'><strong>cir-</strong></span> 
     </span>
     <span class='ocr_line' id='line_1_24' title="bbox 920 2839 4011 2925; baseline -0.001 -19"><span class='ocrx_word' id='word_1_283' title='bbox 920 2845 1149 2907; x_wconf 83' lang='lat' dir='ltr'><strong>animae</strong></span> <span class='ocrx_word' id='word_1_284' title='bbox 1204 2844 1501 2906; x_wconf 90' lang='lat' dir='ltr'><strong>accidens</strong></span> <span class='ocrx_word' id='word_1_285' title='bbox 1560 2844 1812 2925; x_wconf 88' lang='lat' dir='ltr'><strong>corpori</strong></span> <span class='ocrx_word' id='word_1_286' title='bbox 1872 2844 2179 2925; x_wconf 88' lang='lat' dir='ltr'><strong>copulari.</strong></span> <span class='ocrx_word' id='word_1_287' title='bbox 2244 2845 2418 2918; x_wconf 88' lang='lat' dir='ltr'><strong>Quod</strong></span> <span class='ocrx_word' id='word_1_288' title='bbox 2528 2839 2866 2902; x_wconf 89' lang='lat' dir='ltr'><strong>culationis</strong></span> <span class='ocrx_word' id='word_1_289' title='bbox 2913 2841 3258 2922; x_wconf 87' lang='lat' dir='ltr'><strong>quamdam</strong></span> <span class='ocrx_word' id='word_1_290' title='bbox 3305 2843 3609 2924; x_wconf 89' lang='lat' dir='ltr'><strong>speciem.</strong></span> <span class='ocrx_word' id='word_1_291' title='bbox 3657 2843 3785 2906; x_wconf 90' lang='lat' dir='ltr'><strong>Sed</strong></span> <span class='ocrx_word' id='word_1_292' title='bbox 3825 2844 4011 2906; x_wconf 88' lang='lat' dir='ltr'><strong>omnis</strong></span> 
     </span>
     <span class='ocr_line' id='line_1_25' title="bbox 920 2936 4012 3025; baseline -0.001 -21"><span class='ocrx_word' id='word_1_293' title='bbox 920 2942 1047 3004; x_wconf 92' lang='lat' dir='ltr'><strong>dici</strong></span> <span class='ocrx_word' id='word_1_294' title='bbox 1087 2960 1214 3004; x_wconf 91' lang='lat' dir='ltr'><strong>non</strong></span> <span class='ocrx_word' id='word_1_295' title='bbox 1261 2949 1470 3024; x_wconf 89' lang='lat' dir='ltr'><strong>potest</strong></span> <span class='ocrx_word' id='word_1_296' title='bbox 1513 2959 1526 3002; x_wconf 92' lang='lat'>:</span> <span class='ocrx_word' id='word_1_297' title='bbox 1566 2942 1779 3004; x_wconf 86' lang='lat' dir='ltr'><strong>anima</strong></span> <span class='ocrx_word' id='word_1_298' title='bbox 1822 2941 1995 3004; x_wconf 91' lang='lat' dir='ltr'><strong>enim</strong></span> <span class='ocrx_word' id='word_1_299' title='bbox 2041 2961 2118 3004; x_wconf 87' lang='lat' dir='ltr'><strong>ex</strong></span> <span class='ocrx_word' id='word_1_300' title='bbox 2163 2943 2421 3025; x_wconf 87' lang='lat' dir='ltr'><strong>propria</strong></span> <span class='ocrx_word' id='word_1_301' title='bbox 2529 2936 2862 2999; x_wconf 86' lang='lat' dir='ltr'><strong>circulatio</strong></span> <span class='ocrx_word' id='word_1_302' title='bbox 2931 2939 3333 3014; x_wconf 83' lang='lat' dir='ltr'><strong>inferiorum,</strong></span> <span class='ocrx_word' id='word_1_303' title='bbox 3395 2960 3432 3002; x_wconf 88' lang='lat' dir='ltr'><strong>a</strong></span> <span class='ocrx_word' id='word_1_304' title='bbox 3489 2941 3704 3022; x_wconf 85' lang='lat' dir='ltr'><strong>prima</strong></span> <span class='ocrx_word' id='word_1_305' title='bbox 3773 2941 4012 3004; x_wconf 88' lang='lat' dir='ltr'><strong>circula·</strong></span> 
     </span>
     <span class='ocr_line' id='line_1_26' title="bbox 920 3036 4012 3122; baseline 0 -20"><span class='ocrx_word' id='word_1_306' title='bbox 920 3047 1146 3103; x_wconf 88' lang='lat' dir='ltr'><strong>natura</strong></span> <span class='ocrx_word' id='word_1_307' title='bbox 1193 3048 1290 3102; x_wconf 92' lang='lat' dir='ltr'><strong>est</strong></span> <span class='ocrx_word' id='word_1_308' title='bbox 1336 3040 1694 3102; x_wconf 88' lang='lat' dir='ltr'><strong>entelechia</strong></span> <span class='ocrx_word' id='word_1_309' title='bbox 1743 3041 2050 3122; x_wconf 83' lang='lat' dir='ltr'><strong>corporiS,</strong></span> <span class='ocrx_word' id='word_1_310' title='bbox 2108 3049 2177 3102; x_wconf 90' lang='lat' dir='ltr'><strong>ut</strong></span> <span class='ocrx_word' id='word_1_311' title='bbox 2225 3042 2416 3104; x_wconf 82' lang='lat' dir='ltr'><strong>etiarn</strong></span> <span class='ocrx_word' id='word_1_312' title='bbox 2451 3043 2494 3105; x_wconf 89' lang='lat' dir='ltr'>C</span> <span class='ocrx_word' id='word_1_313' title='bbox 2530 3036 2722 3109; x_wconf 77' lang='lat' dir='ltr'><strong>tione,</strong></span> <span class='ocrx_word' id='word_1_314' title='bbox 2758 3045 2933 3099; x_wconf 84' lang='lat' dir='ltr'><strong>motu</strong></span> <span class='ocrx_word' id='word_1_315' title='bbox 2965 3037 3215 3100; x_wconf 79' lang='lat' dir='ltr'><strong>scilicet</strong></span> <span class='ocrx_word' id='word_1_316' title='bbox 3243 3038 3520 3102; x_wconf 83' lang='lat' dir='ltr'><strong>coelestis</strong></span> <span class='ocrx_word' id='word_1_317' title='bbox 3551 3041 3866 3122; x_wconf 81' lang='lat' dir='ltr'><strong>corporis,</strong></span> <span class='ocrx_word' id='word_1_318' title='bbox 3889 3057 4012 3122; x_wconf 86' lang='lat' dir='ltr'><strong>pro-</strong></span> 
     </span>
     <span class='ocr_line' id='line_1_27' title="bbox 919 3134 4012 3221; baseline -0.001 -20"><span class='ocrx_word' id='word_1_319' title='bbox 919 3138 1177 3201; x_wconf 88' lang='lat' dir='ltr'><strong>Proclus</strong></span> <span class='ocrx_word' id='word_1_320' title='bbox 1220 3138 1631 3200; x_wconf 89' lang='lat' dir='ltr'><strong>demonstrat.</strong></span> <span class='ocrx_word' id='word_1_321' title='bbox 2530 3134 2719 3198; x_wconf 87' lang='lat' dir='ltr'><strong>cedit.</strong></span> <span class='ocrx_word' id='word_1_322' title='bbox 2752 3136 2819 3196; x_wconf 92' lang='lat' dir='ltr'><strong>In</strong></span> <span class='ocrx_word' id='word_1_323' title='bbox 2853 3143 3030 3197; x_wconf 91' lang='lat' dir='ltr'><strong>motu</strong></span> <span class='ocrx_word' id='word_1_324' title='bbox 3071 3137 3246 3198; x_wconf 90' lang='lat' dir='ltr'><strong>enim</strong></span> <span class='ocrx_word' id='word_1_325' title='bbox 3292 3137 3479 3200; x_wconf 90' lang='lat' dir='ltr'><strong>locali</strong></span> <span class='ocrx_word' id='word_1_326' title='bbox 3525 3138 3862 3202; x_wconf 89' lang='lat' dir='ltr'><strong>circulatio</strong></span> <span class='ocrx_word' id='word_1_327' title='bbox 3901 3138 4012 3221; x_wconf 88' lang='lat' dir='ltr'><strong>pri·</strong></span> 
     </span>
    </p>

    <p class='ocr_par' dir='ltr' id='par_1_10' title="bbox 918 3233 4160 5384">
     <span class='ocr_line' id='line_1_28' title="bbox 1003 3233 4012 3319; baseline -0 -20"><span class='ocrx_word' id='word_1_328' title='bbox 1003 3238 1288 3319; x_wconf 86' lang='lat' dir='ltr'><strong>insuper,</strong></span> <span class='ocrx_word' id='word_1_329' title='bbox 1349 3237 1519 3318; x_wconf 91' lang='lat' dir='ltr'><strong>quod</strong></span> <span class='ocrx_word' id='word_1_330' title='bbox 1578 3237 1893 3318; x_wconf 84' lang='lat' dir='ltr'><strong>praedicta&#39;</strong></span> <span class='ocrx_word' id='word_1_331' title='bbox 1939 3237 2172 3319; x_wconf 91' lang='lat' dir='ltr'><strong>positio</strong></span> <span class='ocrx_word' id='word_1_332' title='bbox 2239 3238 2414 3313; x_wconf 89' lang='lat' dir='ltr'><strong>dicit,</strong></span> <span class='ocrx_word' id='word_1_333' title='bbox 2531 3250 2635 3295; x_wconf 92' lang='lat' dir='ltr'><strong>mo</strong></span> <span class='ocrx_word' id='word_1_334' title='bbox 2677 3233 2946 3308; x_wconf 88' lang='lat' dir='ltr'><strong>exsistit,</strong></span> <span class='ocrx_word' id='word_1_335' title='bbox 2989 3239 3054 3295; x_wconf 88' lang='lat' dir='ltr'><strong>et</strong></span> <span class='ocrx_word' id='word_1_336' title='bbox 3095 3253 3212 3316; x_wconf 91' lang='lat' dir='ltr'><strong>per</strong></span> <span class='ocrx_word' id='word_1_337' title='bbox 3254 3234 3755 3298; x_wconf 88' lang='lat' dir='ltr'><strong>similitudinem</strong></span> <span class='ocrx_word' id='word_1_338' title='bbox 3799 3236 3878 3299; x_wconf 87' lang='lat' dir='ltr'><strong>ab</strong></span> <span class='ocrx_word' id='word_1_339' title='bbox 3919 3237 4012 3298; x_wconf 92' lang='lat' dir='ltr'><strong>illo</strong></span> 
     </span>
     <span class='ocr_line' id='line_1_29' title="bbox 921 3331 4012 3418; baseline -0.001 -20"><span class='ocrx_word' id='word_1_340' title='bbox 921 3336 1274 3398; x_wconf 90' lang='lat' dir='ltr'><strong>secundum</strong></span> <span class='ocrx_word' id='word_1_341' title='bbox 1336 3343 1697 3416; x_wconf 91' lang='lat' dir='ltr'><strong>temporum</strong></span> <span class='ocrx_word' id='word_1_342' title='bbox 1748 3335 1921 3397; x_wconf 86' lang='lat' dir='ltr'><strong>vices</strong></span> <span class='ocrx_word' id='word_1_343' title='bbox 1970 3344 2195 3408; x_wconf 79' lang='lat' dir='ltr'><strong>certaS,</strong></span> <span class='ocrx_word' id='word_1_344' title='bbox 2249 3335 2417 3418; x_wconf 89' lang='lat' dir='ltr'><strong>ipsas</strong></span> <span class='ocrx_word' id='word_1_345' title='bbox 2529 3331 2595 3394; x_wconf 89' lang='lat' dir='ltr'><strong>in</strong></span> <span class='ocrx_word' id='word_1_346' title='bbox 2643 3332 2768 3394; x_wconf 88' lang='lat' dir='ltr'><strong>alia</strong></span> <span class='ocrx_word' id='word_1_347' title='bbox 2826 3332 3168 3394; x_wconf 87' lang='lat' dir='ltr'><strong>derivatur.</strong></span> <span class='ocrx_word' id='word_1_348' title='bbox 3225 3332 3346 3395; x_wconf 90' lang='lat' dir='ltr'><strong>Sed</strong></span> <span class='ocrx_word' id='word_1_349' title='bbox 3407 3333 3540 3396; x_wconf 86' lang='lat' dir='ltr'><strong>haec</strong></span> <span class='ocrx_word' id='word_1_350' title='bbox 3597 3334 3932 3398; x_wconf 85' lang='lat' dir='ltr'><strong>alternatio</strong></span> <span class='ocrx_word' id='word_1_351' title='bbox 3979 3355 4012 3396; x_wconf 85' lang='lat' dir='ltr'><strong>a</strong></span> 
     </span>
     <span class='ocr_line' id='line_1_30' title="bbox 918 3430 4012 3514; baseline 0 -19"><span class='ocrx_word' id='word_1_352' title='bbox 918 3433 1165 3496; x_wconf 90' lang='lat' dir='ltr'><strong>animas</strong></span> <span class='ocrx_word' id='word_1_353' title='bbox 1238 3432 1613 3514; x_wconf 90' lang='lat' dir='ltr'><strong>corporibus</strong></span> <span class='ocrx_word' id='word_1_354' title='bbox 1680 3433 1911 3495; x_wconf 90' lang='lat' dir='ltr'><strong>iterum</strong></span> <span class='ocrx_word' id='word_1_355' title='bbox 1982 3434 2284 3496; x_wconf 88' lang='lat' dir='ltr'><strong>delectari</strong></span> <span class='ocrx_word' id='word_1_356' title='bbox 2355 3444 2419 3497; x_wconf 92' lang='lat' dir='ltr'><strong>et</strong></span> <span class='ocrx_word' id='word_1_357' title='bbox 2529 3430 2772 3493; x_wconf 90' lang='lat' dir='ltr'><strong>coelesti</strong></span> <span class='ocrx_word' id='word_1_358' title='bbox 2816 3447 3081 3512; x_wconf 88' lang='lat' dir='ltr'><strong>corpore</strong></span> <span class='ocrx_word' id='word_1_359' title='bbox 3125 3431 3374 3492; x_wconf 87' lang='lat' dir='ltr'><strong>causari</strong></span> <span class='ocrx_word' id='word_1_360' title='bbox 3419 3449 3548 3493; x_wconf 89' lang='lat' dir='ltr'><strong>non</strong></span> <span class='ocrx_word' id='word_1_361' title='bbox 3592 3441 3827 3514; x_wconf 85' lang='lat' dir='ltr'><strong>potest.</strong></span> <span class='ocrx_word' id='word_1_362' title='bbox 3873 3434 4012 3496; x_wconf 77' lang='lat' dir='ltr'><strong>Nam</strong></span> 
     </span>
     <span class='ocr_line' id='line_1_31' title="bbox 920 3531 4010 3614; baseline 0 -19"><span class='ocrx_word' id='word_1_363' title='bbox 920 3533 1224 3614; x_wconf 84' lang='lat' dir='ltr'><strong>conjungi</strong></span> <span class='ocrx_word' id='word_1_364' title='bbox 1254 3532 1443 3606; x_wconf 87' lang='lat' dir='ltr'><strong>velle,</strong></span> <span class='ocrx_word' id='word_1_365' title='bbox 1478 3533 1720 3595; x_wconf 87' lang='lat' dir='ltr'><strong>ratione</strong></span> <span class='ocrx_word' id='word_1_366' title='bbox 1751 3539 1939 3595; x_wconf 89' lang='lat' dir='ltr'><strong>caret.</strong></span> <span class='ocrx_word' id='word_1_367' title='bbox 1974 3533 2200 3596; x_wconf 92' lang='lat' dir='ltr'><strong>Nullus</strong></span> <span class='ocrx_word' id='word_1_368' title='bbox 2241 3534 2414 3597; x_wconf 90' lang='lat' dir='ltr'><strong>enim</strong></span> <span class='ocrx_word' id='word_1_369' title='bbox 2528 3531 2697 3612; x_wconf 90' lang='lat' dir='ltr'><strong>quod</strong></span> <span class='ocrx_word' id='word_1_370' title='bbox 2728 3537 3100 3610; x_wconf 87' lang='lat' dir='ltr'><strong>corruptum</strong></span> <span class='ocrx_word' id='word_1_371' title='bbox 3131 3537 3228 3592; x_wconf 90' lang='lat' dir='ltr'><strong>est</strong></span> <span class='ocrx_word' id='word_1_372' title='bbox 3257 3538 3321 3592; x_wconf 92' lang='lat' dir='ltr'><strong>et</strong></span> <span class='ocrx_word' id='word_1_373' title='bbox 3353 3539 3682 3595; x_wconf 89' lang='lat' dir='ltr'><strong>mortuum</strong></span> <span class='ocrx_word' id='word_1_374' title='bbox 3714 3535 3794 3596; x_wconf 90' lang='lat' dir='ltr'><strong>ad</strong></span> <span class='ocrx_word' id='word_1_375' title='bbox 3833 3534 4010 3597; x_wconf 88' lang='lat' dir='ltr'><strong>vitam</strong></span> 
     </span>
     <span class='ocr_line' id='line_1_32' title="bbox 919 3628 4011 3714; baseline 0 -20"><span class='ocrx_word' id='word_1_376' title='bbox 919 3631 1204 3714; x_wconf 87' lang='lat' dir='ltr'><strong>pejorem</strong></span> <span class='ocrx_word' id='word_1_377' title='bbox 1251 3637 1485 3693; x_wconf 89' lang='lat' dir='ltr'><strong>statum</strong></span> <span class='ocrx_word' id='word_1_378' title='bbox 1532 3631 1797 3713; x_wconf 87' lang='lat' dir='ltr'><strong>appetit,</strong></span> <span class='ocrx_word' id='word_1_379' title='bbox 1840 3631 1893 3693; x_wconf 91' lang='lat' dir='ltr'><strong>si</strong></span> <span class='ocrx_word' id='word_1_380' title='bbox 1938 3632 2243 3714; x_wconf 90' lang='lat' dir='ltr'><strong>deceptus</strong></span> <span class='ocrx_word' id='word_1_381' title='bbox 2288 3650 2415 3695; x_wconf 93' lang='lat' dir='ltr'><strong>non</strong></span> <span class='ocrx_word' id='word_1_382' title='bbox 2527 3629 2853 3701; x_wconf 84' lang='lat' dir='ltr'><strong>reducere,</strong></span> <span class='ocrx_word' id='word_1_383' title='bbox 2878 3628 3186 3690; x_wconf 88' lang='lat' dir='ltr'><strong>naturalis</strong></span> <span class='ocrx_word' id='word_1_384' title='bbox 3213 3631 3458 3710; x_wconf 89' lang='lat' dir='ltr'><strong>agentis</strong></span> <span class='ocrx_word' id='word_1_385' title='bbox 3490 3631 3798 3694; x_wconf 88' lang='lat' dir='ltr'><strong>virtutem</strong></span> <span class='ocrx_word' id='word_1_386' title='bbox 3830 3640 4011 3694; x_wconf 87' lang='lat' dir='ltr'><strong>trans·</strong></span> 
     </span>
     <span class='ocr_line' id='line_1_33' title="bbox 918 3726 4160 3814; baseline -0.002 -21"><span class='ocrx_word' id='word_1_387' title='bbox 918 3730 1018 3793; x_wconf 91' lang='lat' dir='ltr'><strong>sit.</strong></span> <span class='ocrx_word' id='word_1_388' title='bbox 1054 3731 1174 3794; x_wconf 93' lang='lat' dir='ltr'><strong>Sed</strong></span> <span class='ocrx_word' id='word_1_389' title='bbox 1206 3730 1560 3793; x_wconf 90' lang='lat' dir='ltr'><strong>secundum</strong></span> <span class='ocrx_word' id='word_1_390' title='bbox 1591 3729 1965 3804; x_wconf 83' lang='lat' dir='ltr'><strong>PlatonicOS,</strong></span> <span class='ocrx_word' id='word_1_391' title='bbox 1999 3730 2213 3793; x_wconf 91' lang='lat' dir='ltr'><strong>anima</strong></span> <span class='ocrx_word' id='word_1_392' title='bbox 2242 3750 2418 3814; x_wconf 89' lang='lat' dir='ltr'><strong>sepa·</strong></span> <span class='ocrx_word' id='word_1_393' title='bbox 2528 3727 2763 3799; x_wconf 89' lang='lat' dir='ltr'><strong>cendit,</strong></span> <span class='ocrx_word' id='word_1_394' title='bbox 2797 3726 2962 3789; x_wconf 90' lang='lat' dir='ltr'><strong>sicut</strong></span> <span class='ocrx_word' id='word_1_395' title='bbox 2991 3727 3289 3808; x_wconf 90' lang='lat' dir='ltr'><strong>superius</strong></span> <span class='ocrx_word' id='word_1_396' title='bbox 3320 3728 3562 3790; x_wconf 89' lang='lat' dir='ltr'><strong>dictum</strong></span> <span class='ocrx_word' id='word_1_397' title='bbox 3606 3738 3725 3792; x_wconf 90' lang='lat' dir='ltr'><strong>est.</strong></span> <span class='ocrx_word' id='word_1_398' title='bbox 3759 3730 3894 3793; x_wconf 87' lang='lat' dir='ltr'><strong>Non</strong></span> <span class='ocrx_word' id='word_1_399' title='bbox 3929 3737 4014 3792; x_wconf 83' lang='lat' dir='ltr'><strong>est</strong></span> <span class='ocrx_word' id='word_1_400' title='bbox 4035 3753 4160 3789; x_wconf 57' lang='grc' dir='ltr'><strong>ιιιιιῈ</strong></span> 
     </span>
     <span class='ocr_line' id='line_1_34' title="bbox 920 3824 4013 3911; baseline -0.001 -21"><span class='ocrx_word' id='word_1_401' title='bbox 920 3835 1053 3891; x_wconf 87' lang='lat' dir='ltr'><strong>rata</strong></span> <span class='ocrx_word' id='word_1_402' title='bbox 1095 3847 1255 3911; x_wconf 90' lang='lat' dir='ltr'><strong>pura</strong></span> <span class='ocrx_word' id='word_1_403' title='bbox 1292 3835 1409 3901; x_wconf 89' lang='lat' dir='ltr'><strong>est,</strong></span> <span class='ocrx_word' id='word_1_404' title='bbox 1454 3827 1712 3901; x_wconf 90' lang='lat' dir='ltr'><strong>munda,</strong></span> <span class='ocrx_word' id='word_1_405' title='bbox 1746 3836 1809 3889; x_wconf 93' lang='lat' dir='ltr'><strong>et</strong></span> <span class='ocrx_word' id='word_1_406' title='bbox 1851 3827 2041 3909; x_wconf 89' lang='lat' dir='ltr'><strong>plena</strong></span> <span class='ocrx_word' id='word_1_407' title='bbox 2084 3827 2308 3891; x_wconf 82' lang='lat' dir='ltr'><strong>formis</strong></span> <span class='ocrx_word' id='word_1_408' title='bbox 2353 3837 2417 3892; x_wconf 89' lang='lat' dir='ltr'><strong>et</strong></span> <span class='ocrx_word' id='word_1_409' title='bbox 2529 3842 2680 3906; x_wconf 85' lang='lat' dir='ltr'><strong>ergo</strong></span> <span class='ocrx_word' id='word_1_410' title='bbox 2721 3825 2954 3907; x_wconf 91' lang='lat' dir='ltr'><strong>positio</strong></span> <span class='ocrx_word' id='word_1_411' title='bbox 3000 3824 3470 3888; x_wconf 89' lang='lat' dir='ltr'><strong>Platonicorum</strong></span> <span class='ocrx_word' id='word_1_412' title='bbox 3513 3827 3774 3890; x_wconf 83' lang='lat' dir='ltr'><strong>veritati</strong></span> <span class='ocrx_word' id='word_1_413' title='bbox 3819 3827 4013 3890; x_wconf 91' lang='lat' dir='ltr'><strong>subni-</strong></span> 
     </span>
     <span class='ocr_line' id='line_1_35' title="bbox 920 3924 4013 4008; baseline 0 -20"><span class='ocrx_word' id='word_1_414' title='bbox 920 3925 1459 4007; x_wconf 87' lang='lat' dir='ltr'><strong>contemplatione</strong></span> <span class='ocrx_word' id='word_1_415' title='bbox 1522 3924 1806 3987; x_wconf 88' lang='lat' dir='ltr'><strong>veritatis</strong></span> <span class='ocrx_word' id='word_1_416' title='bbox 1869 3943 1883 3988; x_wconf 80' lang='lat' dir='ltr'><strong>t</strong></span> <span class='ocrx_word' id='word_1_417' title='bbox 1944 3926 2154 4008; x_wconf 90' lang='lat' dir='ltr'><strong>decipi</strong></span> <span class='ocrx_word' id='word_1_418' title='bbox 2223 3927 2418 4008; x_wconf 90' lang='lat' dir='ltr'><strong>igitur</strong></span> <span class='ocrx_word' id='word_1_419' title='bbox 2530 3943 2625 3985; x_wconf 87' lang='lat' dir='ltr'><strong>xa.</strong></span> <span class='ocrx_word' id='word_1_420' title='bbox 2659 3925 2738 3985; x_wconf 90' lang='lat' dir='ltr'><strong>At</strong></span> <span class='ocrx_word' id='word_1_421' title='bbox 2766 3941 2939 3998; x_wconf 88' lang='lat' dir='ltr'><strong>vero,</strong></span> <span class='ocrx_word' id='word_1_422' title='bbox 2963 3942 3038 3985; x_wconf 87' lang='lat' dir='ltr'><strong>ea</strong></span> <span class='ocrx_word' id='word_1_423' title='bbox 3067 3924 3284 3986; x_wconf 89' lang='lat' dir='ltr'><strong>omnia</strong></span> <span class='ocrx_word' id='word_1_424' title='bbox 3313 3943 3455 4006; x_wconf 82' lang='lat' dir='ltr'><strong>quae</strong></span> <span class='ocrx_word' id='word_1_425' title='bbox 3485 3925 3608 3988; x_wconf 91' lang='lat' dir='ltr'><strong>sibi</strong></span> <span class='ocrx_word' id='word_1_426' title='bbox 3645 3927 3710 3988; x_wconf 89' lang='lat' dir='ltr'><strong>in</strong></span> <span class='ocrx_word' id='word_1_427' title='bbox 3743 3926 4013 4007; x_wconf 87' lang='lat' dir='ltr'><strong>subjecto</strong></span> 
     </span>
     <span class='ocr_line' id='line_1_36' title="bbox 920 4021 4014 4108; baseline -0 -21"><span class='ocrx_word' id='word_1_428' title='bbox 920 4043 1047 4088; x_wconf 90' lang='lat' dir='ltr'><strong>non</strong></span> <span class='ocrx_word' id='word_1_429' title='bbox 1096 4031 1325 4107; x_wconf 88' lang='lat' dir='ltr'><strong>potest,</strong></span> <span class='ocrx_word' id='word_1_430' title='bbox 1378 4023 1489 4086; x_wconf 92' lang='lat' dir='ltr'><strong>sed</strong></span> <span class='ocrx_word' id='word_1_431' title='bbox 1546 4024 1830 4104; x_wconf 85' lang='lat' dir='ltr'><strong>agnoscit</strong></span> <span class='ocrx_word' id='word_1_432' title='bbox 1872 4022 1995 4085; x_wconf 92' lang='lat' dir='ltr'><strong>sibi</strong></span> <span class='ocrx_word' id='word_1_433' title='bbox 2050 4043 2176 4086; x_wconf 90' lang='lat' dir='ltr'><strong>non</strong></span> <span class='ocrx_word' id='word_1_434' title='bbox 2229 4045 2418 4108; x_wconf 86' lang='lat' dir='ltr'><strong>expe·</strong></span> <span class='ocrx_word' id='word_1_435' title='bbox 2528 4023 2752 4085; x_wconf 90' lang='lat' dir='ltr'><strong>eodem</strong></span> <span class='ocrx_word' id='word_1_436' title='bbox 2784 4021 3137 4084; x_wconf 90' lang='lat' dir='ltr'><strong>secundum</strong></span> <span class='ocrx_word' id='word_1_437' title='bbox 3171 4029 3410 4085; x_wconf 88' lang='lat' dir='ltr'><strong>certam</strong></span> <span class='ocrx_word' id='word_1_438' title='bbox 3457 4023 3818 4088; x_wconf 87' lang='lat' dir='ltr'><strong>durationis</strong></span> <span class='ocrx_word' id='word_1_439' title='bbox 3859 4044 4014 4086; x_wconf 87' lang='lat' dir='ltr'><strong>men·</strong></span> 
     </span>
     <span class='ocr_line' id='line_1_37' title="bbox 921 4120 4016 4202; baseline 0 -17"><span class='ocrx_word' id='word_1_440' title='bbox 921 4124 1057 4186; x_wconf 90' lang='lat' dir='ltr'><strong>dire</strong></span> <span class='ocrx_word' id='word_1_441' title='bbox 1089 4129 1159 4184; x_wconf 93' lang='lat' dir='ltr'><strong>ut</strong></span> <span class='ocrx_word' id='word_1_442' title='bbox 1188 4123 1253 4184; x_wconf 90' lang='lat' dir='ltr'><strong>in</strong></span> <span class='ocrx_word' id='word_1_443' title='bbox 1283 4121 1757 4202; x_wconf 87' lang='lat' dir='ltr'><strong>generationem</strong></span> <span class='ocrx_word' id='word_1_444' title='bbox 1790 4121 2150 4185; x_wconf 88' lang='lat' dir='ltr'><strong>descendat.</strong></span> <span class='ocrx_word' id='word_1_445' title='bbox 2188 4123 2308 4185; x_wconf 92' lang='lat' dir='ltr'><strong>Sed</strong></span> <span class='ocrx_word' id='word_1_446' title='bbox 2337 4125 2416 4186; x_wconf 88' lang='lat' dir='ltr'><strong>ad</strong></span> <span class='ocrx_word' id='word_1_447' title='bbox 2527 4139 2741 4182; x_wconf 84' lang='lat' dir='ltr'><strong>suram</strong></span> <span class='ocrx_word' id='word_1_448' title='bbox 2775 4120 3148 4193; x_wconf 89' lang='lat' dir='ltr'><strong>succedunt,</strong></span> <span class='ocrx_word' id='word_1_449' title='bbox 3183 4120 3560 4202; x_wconf 84' lang='lat' dir='ltr'><strong>temporalia</strong></span> <span class='ocrx_word' id='word_1_450' title='bbox 3599 4129 3756 4184; x_wconf 89' lang='lat' dir='ltr'><strong>sunt</strong></span> <span class='ocrx_word' id='word_1_451' title='bbox 3795 4131 3860 4186; x_wconf 92' lang='lat' dir='ltr'><strong>et</strong></span> <span class='ocrx_word' id='word_1_452' title='bbox 3897 4141 4016 4185; x_wconf 89' lang='lat' dir='ltr'><strong>mo-</strong></span> 
     </span>
     <span class='ocr_line' id='line_1_38' title="bbox 922 4217 4014 4303; baseline -0 -20"><span class='ocrx_word' id='word_1_453' title='bbox 922 4222 1041 4283; x_wconf 92' lang='lat' dir='ltr'><strong>hoc</strong></span> <span class='ocrx_word' id='word_1_454' title='bbox 1090 4221 1478 4302; x_wconf 88' lang='lat' dir='ltr'><strong>respondent</strong></span> <span class='ocrx_word' id='word_1_455' title='bbox 1532 4219 1748 4292; x_wconf 90' lang='lat' dir='ltr'><strong>Stoici,</strong></span> <span class='ocrx_word' id='word_1_456' title='bbox 1802 4220 2415 4284; x_wconf 85' lang='lat' dir='ltr'><strong>intellectualitatem</strong></span> <span class='ocrx_word' id='word_1_457' title='bbox 2447 4229 2495 4290; x_wconf 88' lang='lat' dir='ltr'>D</span> <span class='ocrx_word' id='word_1_458' title='bbox 2526 4217 2618 4280; x_wconf 91' lang='lat' dir='ltr'><strong>tui</strong></span> <span class='ocrx_word' id='word_1_459' title='bbox 2653 4218 2894 4282; x_wconf 89' lang='lat' dir='ltr'><strong>coelesti</strong></span> <span class='ocrx_word' id='word_1_460' title='bbox 2929 4217 3240 4298; x_wconf 89' lang='lat' dir='ltr'><strong>subjecta,</strong></span> <span class='ocrx_word' id='word_1_461' title='bbox 3274 4237 3468 4300; x_wconf 90' lang='lat' dir='ltr'><strong>quem</strong></span> <span class='ocrx_word' id='word_1_462' title='bbox 3509 4225 3684 4282; x_wconf 89' lang='lat' dir='ltr'><strong>totus</strong></span> <span class='ocrx_word' id='word_1_463' title='bbox 3726 4221 4014 4303; x_wconf 84' lang='lat' dir='ltr'><strong>temporis</strong></span> 
     </span>
     <span class='ocr_line' id='line_1_39' title="bbox 921 4317 4018 4402; baseline -0 -21"><span class='ocrx_word' id='word_1_464' title='bbox 921 4319 1152 4381; x_wconf 80' lang='lat' dir='ltr'><strong>animae</strong></span> <span class='ocrx_word' id='word_1_465' title='bbox 1200 4336 1327 4380; x_wconf 92' lang='lat' dir='ltr'><strong>non</strong></span> <span class='ocrx_word' id='word_1_466' title='bbox 1376 4335 1515 4379; x_wconf 91' lang='lat' dir='ltr'><strong>esse</strong></span> <span class='ocrx_word' id='word_1_467' title='bbox 1564 4317 1903 4391; x_wconf 88' lang='lat' dir='ltr'><strong>sinceram,</strong></span> <span class='ocrx_word' id='word_1_468' title='bbox 1957 4319 2067 4380; x_wconf 92' lang='lat' dir='ltr'><strong>sed</strong></span> <span class='ocrx_word' id='word_1_469' title='bbox 2119 4321 2418 4402; x_wconf 87' lang='lat' dir='ltr'><strong>concupi·</strong></span> <span class='ocrx_word' id='word_1_470' title='bbox 2527 4336 2752 4379; x_wconf 91' lang='lat' dir='ltr'><strong>cursus</strong></span> <span class='ocrx_word' id='word_1_471' title='bbox 2793 4317 3224 4398; x_wconf 82' lang='lat' dir='ltr'><strong>consequitur.</strong></span> <span class='ocrx_word' id='word_1_472' title='bbox 3260 4317 3380 4380; x_wconf 89' lang='lat' dir='ltr'><strong>Sed</strong></span> <span class='ocrx_word' id='word_1_473' title='bbox 3421 4319 3638 4380; x_wconf 88' lang='lat' dir='ltr'><strong>anima</strong></span> <span class='ocrx_word' id='word_1_474' title='bbox 3679 4319 4018 4382; x_wconf 87' lang='lat' dir='ltr'><strong>intellectu-</strong></span> 
     </span>
     <span class='ocr_line' id='line_1_40' title="bbox 922 4415 4014 4501; baseline 0 -21"><span class='ocrx_word' id='word_1_475' title='bbox 922 4417 1181 4480; x_wconf 84' lang='lat' dir='ltr'><strong>scentiae</strong></span> <span class='ocrx_word' id='word_1_476' title='bbox 1238 4425 1303 4478; x_wconf 92' lang='lat' dir='ltr'><strong>et</strong></span> <span class='ocrx_word' id='word_1_477' title='bbox 1361 4415 1767 4498; x_wconf 89' lang='lat' dir='ltr'><strong>passionibus</strong></span> <span class='ocrx_word' id='word_1_478' title='bbox 1818 4416 2202 4498; x_wconf 87' lang='lat' dir='ltr'><strong>quibusdam</strong></span> <span class='ocrx_word' id='word_1_479' title='bbox 2253 4437 2420 4482; x_wconf 89' lang='lat' dir='ltr'><strong>com·</strong></span> <span class='ocrx_word' id='word_1_480' title='bbox 2526 4417 2644 4478; x_wconf 91' lang='lat' dir='ltr'><strong>alis</strong></span> <span class='ocrx_word' id='word_1_481' title='bbox 2694 4421 2983 4497; x_wconf 90' lang='lat' dir='ltr'><strong>separata</strong></span> <span class='ocrx_word' id='word_1_482' title='bbox 3041 4422 3238 4477; x_wconf 84' lang='lat' dir='ltr'><strong>totam</strong></span> <span class='ocrx_word' id='word_1_483' title='bbox 3302 4422 3596 4478; x_wconf 87' lang='lat' dir='ltr'><strong>naturam</strong></span> <span class='ocrx_word' id='word_1_484' title='bbox 3657 4435 4014 4501; x_wconf 87' lang='lat' dir='ltr'><strong>corpoream</strong></span> 
     </span>
     <span class='ocr_line' id='line_1_41' title="bbox 925 4512 4018 4596; baseline -0.001 -18"><span class='ocrx_word' id='word_1_485' title='bbox 925 4517 1209 4578; x_wconf 87' lang='lat' dir='ltr'><strong>mixtam.</strong></span> <span class='ocrx_word' id='word_1_486' title='bbox 1255 4515 1385 4577; x_wconf 87' lang='lat' dir='ltr'><strong>Hoc</strong></span> <span class='ocrx_word' id='word_1_487' title='bbox 1434 4521 1600 4577; x_wconf 86' lang='lat' dir='ltr'><strong>stare</strong></span> <span class='ocrx_word' id='word_1_488' title='bbox 1648 4533 1775 4578; x_wconf 86' lang='lat' dir='ltr'><strong>non</strong></span> <span class='ocrx_word' id='word_1_489' title='bbox 1826 4522 2052 4596; x_wconf 91' lang='lat' dir='ltr'><strong>potest.</strong></span> <span class='ocrx_word' id='word_1_490' title='bbox 2105 4516 2283 4579; x_wconf 89' lang='lat' dir='ltr'><strong>Tales</strong></span> <span class='ocrx_word' id='word_1_491' title='bbox 2333 4526 2420 4580; x_wconf 88' lang='lat' dir='ltr'><strong>et·</strong></span> <span class='ocrx_word' id='word_1_492' title='bbox 2527 4513 2796 4576; x_wconf 84' lang='lat' dir='ltr'><strong>excedit.</strong></span> <span class='ocrx_word' id='word_1_493' title='bbox 2848 4512 3067 4594; x_wconf 91' lang='lat' dir='ltr'><strong>Neque</strong></span> <span class='ocrx_word' id='word_1_494' title='bbox 3125 4531 3277 4594; x_wconf 85' lang='lat' dir='ltr'><strong>ergo</strong></span> <span class='ocrx_word' id='word_1_495' title='bbox 3333 4515 3537 4576; x_wconf 89' lang='lat' dir='ltr'><strong>motui</strong></span> <span class='ocrx_word' id='word_1_496' title='bbox 3593 4514 3890 4596; x_wconf 85' lang='lat' dir='ltr'><strong>subjecta</strong></span> <span class='ocrx_word' id='word_1_497' title='bbox 3932 4524 4018 4578; x_wconf 87' lang='lat' dir='ltr'><strong>est</strong></span> 
     </span>
     <span class='ocr_line' id='line_1_42' title="bbox 923 4611 2978 4695; baseline -0.001 -19"><span class='ocrx_word' id='word_1_498' title='bbox 923 4613 1093 4676; x_wconf 90' lang='lat' dir='ltr'><strong>enim</strong></span> <span class='ocrx_word' id='word_1_499' title='bbox 1149 4613 1472 4695; x_wconf 89' lang='lat' dir='ltr'><strong>passiones</strong></span> <span class='ocrx_word' id='word_1_500' title='bbox 1527 4613 1665 4674; x_wconf 91' lang='lat' dir='ltr'><strong>sine</strong></span> <span class='ocrx_word' id='word_1_501' title='bbox 1728 4613 2041 4694; x_wconf 87' lang='lat' dir='ltr'><strong>corporali</strong></span> <span class='ocrx_word' id='word_1_502' title='bbox 2103 4622 2419 4677; x_wconf 87' lang='lat' dir='ltr'><strong>transmu-</strong></span> <span class='ocrx_word' id='word_1_503' title='bbox 2529 4631 2646 4674; x_wconf 91' lang='lat' dir='ltr'><strong>nec</strong></span> <span class='ocrx_word' id='word_1_504' title='bbox 2685 4611 2978 4694; x_wconf 91' lang='lat' dir='ltr'><strong>tempori.</strong></span> 
     </span>
     <span class='ocr_line' id='line_1_43' title="bbox 922 4709 4014 4792; baseline 0 -18"><span class='ocrx_word' id='word_1_505' title='bbox 922 4712 1161 4774; x_wconf 89' lang='lat' dir='ltr'><strong>tatione</strong></span> <span class='ocrx_word' id='word_1_506' title='bbox 1218 4728 1345 4773; x_wconf 92' lang='lat' dir='ltr'><strong>non</strong></span> <span class='ocrx_word' id='word_1_507' title='bbox 1406 4710 1572 4771; x_wconf 77' lang='lat' dir='ltr'><strong>siunt</strong></span> <span class='ocrx_word' id='word_1_508' title='bbox 1624 4725 1637 4770; x_wconf 90' lang='lat'><strong>:</strong></span> <span class='ocrx_word' id='word_1_509' title='bbox 1688 4727 1815 4772; x_wconf 90' lang='lat' dir='ltr'><strong>non</strong></span> <span class='ocrx_word' id='word_1_510' title='bbox 1875 4729 2025 4791; x_wconf 90' lang='lat' dir='ltr'><strong>ergo</strong></span> <span class='ocrx_word' id='word_1_511' title='bbox 2084 4712 2149 4774; x_wconf 90' lang='lat' dir='ltr'><strong>in</strong></span> <span class='ocrx_word' id='word_1_512' title='bbox 2207 4713 2420 4776; x_wconf 87' lang='lat' dir='ltr'><strong>anima</strong></span> <span class='ocrx_word' id='word_1_513' title='bbox 2609 4710 2698 4771; x_wconf 84' lang='lat' dir='ltr'><strong>Ex</strong></span> <span class='ocrx_word' id='word_1_514' title='bbox 2729 4710 2827 4771; x_wconf 93' lang='lat' dir='ltr'><strong>his</strong></span> <span class='ocrx_word' id='word_1_515' title='bbox 2861 4709 3054 4789; x_wconf 83' lang='lat' dir='ltr'><strong>igitur</strong></span> <span class='ocrx_word' id='word_1_516' title='bbox 3085 4717 3258 4792; x_wconf 88' lang='lat' dir='ltr'><strong>patet</strong></span> <span class='ocrx_word' id='word_1_517' title='bbox 3298 4711 3362 4772; x_wconf 91' lang='lat' dir='ltr'><strong>in</strong></span> <span class='ocrx_word' id='word_1_518' title='bbox 3409 4728 3535 4792; x_wconf 91' lang='lat' dir='ltr'><strong>quo</strong></span> <span class='ocrx_word' id='word_1_519' title='bbox 3565 4711 3744 4776; x_wconf 87' lang='lat' dir='ltr'><strong>Plato</strong></span> <span class='ocrx_word' id='word_1_520' title='bbox 3775 4712 4014 4776; x_wconf 76' lang='lat' dir='ltr'><strong>defecit.</strong></span> 
     </span>
     <span class='ocr_line' id='line_1_44' title="bbox 924 4809 4018 4895; baseline 0 -23"><span class='ocrx_word' id='word_1_521' title='bbox 924 4817 1235 4893; x_wconf 85' lang='lat' dir='ltr'><strong>separata,</strong></span> <span class='ocrx_word' id='word_1_522' title='bbox 1280 4809 1603 4890; x_wconf 81' lang='lat' dir='ltr'><strong>praecipue</strong></span> <span class='ocrx_word' id='word_1_523' title='bbox 1645 4827 1786 4890; x_wconf 83' lang='lat' dir='ltr'><strong>quae</strong></span> <span class='ocrx_word' id='word_1_524' title='bbox 1825 4809 2037 4890; x_wconf 90' lang='lat' dir='ltr'><strong>primo</strong></span> <span class='ocrx_word' id='word_1_525' title='bbox 2077 4817 2294 4872; x_wconf 88' lang='lat' dir='ltr'><strong>sancte</strong></span> <span class='ocrx_word' id='word_1_526' title='bbox 2335 4812 2421 4873; x_wconf 89' lang='lat' dir='ltr'><strong>vi·</strong></span> <span class='ocrx_word' id='word_1_527' title='bbox 2530 4810 2758 4872; x_wconf 91' lang='lat' dir='ltr'><strong>Dicens</strong></span> <span class='ocrx_word' id='word_1_528' title='bbox 2790 4827 3024 4890; x_wconf 90' lang='lat' dir='ltr'><strong>nempe</strong></span> <span class='ocrx_word' id='word_1_529' title='bbox 3063 4810 3346 4871; x_wconf 88' lang='lat' dir='ltr'><strong>animam</strong></span> <span class='ocrx_word' id='word_1_530' title='bbox 3389 4819 3750 4892; x_wconf 85' lang='lat' dir='ltr'><strong>separatam</strong></span> <span class='ocrx_word' id='word_1_531' title='bbox 3781 4813 4018 4895; x_wconf 87' lang='lat' dir='ltr'><strong>corpori</strong></span> 
     </span>
     <span class='ocr_line' id='line_1_45' title="bbox 925 4907 4016 4988; baseline 0.001 -18"><span class='ocrx_word' id='word_1_532' title='bbox 925 4909 1017 4971; x_wconf 87' lang='lat' dir='ltr'><strong>xit</strong></span> <span class='ocrx_word' id='word_1_533' title='bbox 1076 4909 1142 4970; x_wconf 93' lang='lat' dir='ltr'><strong>in</strong></span> <span class='ocrx_word' id='word_1_534' title='bbox 1200 4923 1486 4988; x_wconf 91' lang='lat' dir='ltr'><strong>corpore,</strong></span> <span class='ocrx_word' id='word_1_535' title='bbox 1549 4924 1876 4968; x_wconf 88' lang='lat' dir='ltr'><strong>remanere</strong></span> <span class='ocrx_word' id='word_1_536' title='bbox 1934 4916 2222 4988; x_wconf 91' lang='lat' dir='ltr'><strong>possunt.</strong></span> <span class='ocrx_word' id='word_1_537' title='bbox 2284 4909 2419 4971; x_wconf 94' lang='lat' dir='ltr'><strong>Non</strong></span> <span class='ocrx_word' id='word_1_538' title='bbox 2530 4907 2970 4981; x_wconf 88' lang='lat' dir='ltr'><strong>reuniendam,</strong></span> <span class='ocrx_word' id='word_1_539' title='bbox 3023 4907 3179 4970; x_wconf 80' lang='lat' dir='ltr'><strong>fidei</strong></span> <span class='ocrx_word' id='word_1_540' title='bbox 3233 4909 3570 4971; x_wconf 88' lang='lat' dir='ltr'><strong>Aristotele</strong></span> <span class='ocrx_word' id='word_1_541' title='bbox 3617 4911 3896 4974; x_wconf 83' lang='lat' dir='ltr'><strong>vicinior</strong></span> <span class='ocrx_word' id='word_1_542' title='bbox 3938 4912 4016 4973; x_wconf 85' lang='lat' dir='ltr'><strong>fa·</strong></span> 
     </span>
     <span class='ocr_line' id='line_1_46' title="bbox 923 5003 4018 5088; baseline 0 -19"><span class='ocrx_word' id='word_1_543' title='bbox 923 5014 1020 5069; x_wconf 91' lang='lat' dir='ltr'><strong>est</strong></span> <span class='ocrx_word' id='word_1_544' title='bbox 1089 5023 1237 5086; x_wconf 88' lang='lat' dir='ltr'><strong>ergo</strong></span> <span class='ocrx_word' id='word_1_545' title='bbox 1304 5012 1614 5086; x_wconf 87' lang='lat' dir='ltr'><strong>perpetua</strong></span> <span class='ocrx_word' id='word_1_546' title='bbox 1678 5003 2009 5066; x_wconf 88' lang='lat' dir='ltr'><strong>alternatio</strong></span> <span class='ocrx_word' id='word_1_547' title='bbox 2076 5005 2421 5069; x_wconf 90' lang='lat' dir='ltr'><strong>descensus</strong></span> <span class='ocrx_word' id='word_1_548' title='bbox 2533 5015 2672 5069; x_wconf 90' lang='lat' dir='ltr'><strong>ctus</strong></span> <span class='ocrx_word' id='word_1_549' title='bbox 2695 5007 2948 5086; x_wconf 89' lang='lat' dir='ltr'><strong>est;sed</strong></span> <span class='ocrx_word' id='word_1_550' title='bbox 2975 5013 3349 5088; x_wconf 90' lang='lat' dir='ltr'><strong>perpetuam</strong></span> <span class='ocrx_word' id='word_1_551' title='bbox 3370 5006 3866 5072; x_wconf 86' lang='lat' dir='ltr'><strong>alternationem</strong></span> <span class='ocrx_word' id='word_1_552' title='bbox 3887 5026 4018 5070; x_wconf 89' lang='lat' dir='ltr'><strong>con-</strong></span> 
     </span>
     <span class='ocr_line' id='line_1_47' title="bbox 926 5103 4017 5186; baseline 0.001 -20"><span class='ocrx_word' id='word_1_553' title='bbox 926 5106 990 5166; x_wconf 92' lang='lat' dir='ltr'><strong>in</strong></span> <span class='ocrx_word' id='word_1_554' title='bbox 1057 5103 1530 5185; x_wconf 86' lang='lat' dir='ltr'><strong>generationem</strong></span> <span class='ocrx_word' id='word_1_555' title='bbox 1593 5110 1657 5164; x_wconf 92' lang='lat' dir='ltr'><strong>et</strong></span> <span class='ocrx_word' id='word_1_556' title='bbox 1711 5121 2012 5165; x_wconf 87' lang='lat' dir='ltr'><strong>ascensus</strong></span> <span class='ocrx_word' id='word_1_557' title='bbox 2070 5123 2107 5164; x_wconf 92' lang='lat' dir='ltr'><strong>a</strong></span> <span class='ocrx_word' id='word_1_558' title='bbox 2164 5122 2420 5184; x_wconf 90' lang='lat' dir='ltr'><strong>genera·</strong></span> <span class='ocrx_word' id='word_1_559' title='bbox 2529 5105 2883 5186; x_wconf 89' lang='lat' dir='ltr'><strong>junctionis</strong></span> <span class='ocrx_word' id='word_1_560' title='bbox 2925 5104 3471 5185; x_wconf 90' lang='lat' dir='ltr'><strong>separationisque</strong></span> <span class='ocrx_word' id='word_1_561' title='bbox 3515 5121 3768 5186; x_wconf 90' lang='lat' dir='ltr'><strong>ponens</strong></span> <span class='ocrx_word' id='word_1_562' title='bbox 3801 5109 3866 5169; x_wconf 90' lang='lat' dir='ltr'><strong>in</strong></span> <span class='ocrx_word' id='word_1_563' title='bbox 3895 5126 4017 5170; x_wconf 90' lang='lat' dir='ltr'><strong>cor-</strong></span> 
     </span>
     <span class='ocr_line' id='line_1_48' title="bbox 923 5200 4016 5284; baseline 0.001 -18"><span class='ocrx_word' id='word_1_564' title='bbox 923 5205 1096 5267; x_wconf 91' lang='lat' dir='ltr'><strong>tione</strong></span> <span class='ocrx_word' id='word_1_565' title='bbox 1156 5203 1221 5265; x_wconf 91' lang='lat' dir='ltr'><strong>in</strong></span> <span class='ocrx_word' id='word_1_566' title='bbox 1278 5201 1617 5265; x_wconf 91' lang='lat' dir='ltr'><strong>animabus</strong></span> <span class='ocrx_word' id='word_1_567' title='bbox 1676 5203 2138 5265; x_wconf 89' lang='lat' dir='ltr'><strong>constituenda.</strong></span> <span class='ocrx_word' id='word_1_568' title='bbox 2192 5205 2272 5265; x_wconf 90' lang='lat' dir='ltr'><strong>At</strong></span> <span class='ocrx_word' id='word_1_569' title='bbox 2319 5222 2421 5266; x_wconf 86' lang='lat' dir='ltr'><strong>ve-</strong></span> <span class='ocrx_word' id='word_1_570' title='bbox 2532 5219 2685 5284; x_wconf 88' lang='lat' dir='ltr'><strong>pore</strong></span> <span class='ocrx_word' id='word_1_571' title='bbox 2720 5209 2785 5264; x_wconf 88' lang='lat' dir='ltr'><strong>et</strong></span> <span class='ocrx_word' id='word_1_572' title='bbox 2817 5202 3053 5274; x_wconf 88' lang='lat' dir='ltr'><strong>anima,</strong></span> <span class='ocrx_word' id='word_1_573' title='bbox 3095 5200 3238 5282; x_wconf 89' lang='lat' dir='ltr'><strong>plus</strong></span> <span class='ocrx_word' id='word_1_574' title='bbox 3270 5219 3464 5283; x_wconf 89' lang='lat' dir='ltr'><strong>quam</strong></span> <span class='ocrx_word' id='word_1_575' title='bbox 3493 5201 3872 5268; x_wconf 82' lang='lat' dir='ltr'><strong>Aristoteles</strong></span> <span class='ocrx_word' id='word_1_576' title='bbox 3909 5206 4016 5268; x_wconf 89' lang='lat' dir='ltr'><strong>hoc</strong></span> 
     </span>
     <span class='ocr_line' id='line_1_49' title="bbox 926 5297 4012 5384; baseline 0.001 -20"><span class='ocrx_word' id='word_1_577' title='bbox 926 5319 1017 5377; x_wconf 68' lang='grc' dir='ltr'><strong>το,</strong></span> <span class='ocrx_word' id='word_1_578' title='bbox 1069 5320 1271 5384; x_wconf 91' lang='lat' dir='ltr'><strong>quum</strong></span> <span class='ocrx_word' id='word_1_579' title='bbox 1319 5299 1525 5363; x_wconf 84' lang='lat' dir='ltr'><strong>forma</strong></span> <span class='ocrx_word' id='word_1_580' title='bbox 1573 5299 1656 5361; x_wconf 93' lang='lat' dir='ltr'><strong>sit</strong></span> <span class='ocrx_word' id='word_1_581' title='bbox 1705 5299 1857 5362; x_wconf 83' lang='lat' dir='ltr'><strong>finis</strong></span> <span class='ocrx_word' id='word_1_582' title='bbox 1904 5301 2203 5377; x_wconf 81' lang='lat' dir='ltr'><strong>materiae,</strong></span> <span class='ocrx_word' id='word_1_583' title='bbox 2257 5302 2424 5364; x_wconf 89' lang='lat' dir='ltr'><strong>sicut</strong></span> <span class='ocrx_word' id='word_1_584' title='bbox 2535 5301 2748 5384; x_wconf 90' lang='lat' dir='ltr'><strong>ipsum</strong></span> <span class='ocrx_word' id='word_1_585' title='bbox 2793 5318 3053 5380; x_wconf 81' lang='lat' dir='ltr'><strong>neganS,</strong></span> <span class='ocrx_word' id='word_1_586' title='bbox 3100 5317 3136 5360; x_wconf 89' lang='lat' dir='ltr'><strong>a</strong></span> <span class='ocrx_word' id='word_1_587' title='bbox 3179 5297 3332 5361; x_wconf 84' lang='lat' dir='ltr'><strong>fidei</strong></span> <span class='ocrx_word' id='word_1_588' title='bbox 3377 5300 3642 5362; x_wconf 80' lang='lat' dir='ltr'><strong>veritate</strong></span> <span class='ocrx_word' id='word_1_589' title='bbox 3696 5302 4012 5368; x_wconf 89' lang='lat' dir='ltr'><strong>abscessit.</strong></span> 
     </span>
    </p>
   </div>
   <div class='ocr_carea' id='block_1_3' title="bbox 4238 5 4250 2532">
    <p class='ocr_par' dir='ltr' id='par_1_11' title="bbox 4238 5 4250 2532">
     <span class='ocr_line' id='line_1_50' title="bbox 4238 5 4250 2532; baseline 0 0"><span class='ocrx_word' id='word_1_590' title='bbox 4238 5 4250 2532; x_wconf 95' lang='lat' dir='ltr'><strong> </strong></span> 
     </span>
    </p>
   </div>
   <div class='ocr_carea' id='block_1_4' title="bbox 4237 2769 4252 5920">
    <p class='ocr_par' dir='ltr' id='par_1_12' title="bbox 4237 2769 4252 5920">
     <span class='ocr_line' id='line_1_51' title="bbox 4237 2769 4252 5920; baseline 0 0"><span class='ocrx_word' id='word_1_591' title='bbox 4237 2769 4252 5920; x_wconf 95' lang='lat' dir='ltr'><strong> </strong></span> 
     </span>
    </p>
   </div>
   <div class='ocr_carea' id='block_1_5' title="bbox 4236 2769 4253 6106">
    <p class='ocr_par' dir='ltr' id='par_1_13' title="bbox 4236 2769 4253 6106">
     <span class='ocr_line' id='line_1_52' title="bbox 4236 2769 4253 6106; baseline 0 0"><span class='ocrx_word' id='word_1_592' title='bbox 4236 2769 4253 6106; x_wconf 95' lang='lat' dir='ltr'><strong> </strong></span> 
     </span>
    </p>
   </div>
  </div>
 </body>
</html>
