4300 6259
856 457 977 525 460

1459 479 1538 527 DE
1578 478 1806 527 mmm:
1846 478 2227 526 cflmsrufflffi
2266 478 2569 537 Tamum,
2612 480 2789 527 LIBER
2828 480 2892 526 11.
2937 497 3018 509 --
3057 480 3198 526 ART.
3243 480 3368 526 an

856 646 1146 711 sistentia
1176 668 1391 713 rerum
1422 658 1776 714 creatarum
1808 668 2071 714 necesse
2100 650 2184 713 sit
2212 650 2357 713 bea·
2387 648 2440 713 A
2466 650 2636 712 facta
2682 658 2833 713 sunt
2888 658 2960 713 ut
3014 650 3080 713 in
3130 648 3337 733 prima
3383 658 3610 714 natura
3663 648 3961 713 subsiste-

854 748 937 809 tis
970 747 1293 810 mentibus
1324 748 1391 811 in
1422 749 1603 812 finali
1636 749 2027 812 beatitudine
2060 756 2294 831 patere.

935 845 1262 920 Praeterea,
1322 866 1747 929 quaecumque
1808 847 2224 929 requiruntur
2279 847 2357 909 ad

855 942 1317 1025 perfectionem
1360 964 1501 1008 esse
1544 945 1875 1019 naturaliS,
1909 946 2103 1008 etiam
2145 946 2225 1008 ad
2269 946 2359 1007 in-

855 1041 1211 1123 telligibilis
1241 1062 1381 1107 esse
1418 1044 1961 1126 complementum
1992 1045 2353 1125 exiguntur.

855 1140 1015 1203 Nam
1067 1160 1207 1203 esse
1258 1142 1663 1223 intelligibile
1716 1160 1845 1205 non
1894 1150 1991 1205 est
2038 1142 2358 1225 paucioris

859 1238 1211 1301 latitudinis
1259 1259 1450 1321 quam
1479 1252 1633 1303 ‘esse
1678 1240 1962 1303 naturale
1998 1258 2011 1302 :
2054 1241 2185 1303 imo
2225 1259 2358 1303 am-

858 1335 1081 1419 plioris
1119 1337 1373 1400 videtur
1409 1357 1549 1402 esse
1588 1339 1893 1412 ambituS,
1924 1357 2123 1421 quum
2157 1346 2220 1401 et
2250 1338 2360 1401 illa

858 1434 1296 1516 intelligantur
1334 1456 1475 1519 quae
1515 1438 1860 1519 positivum
1906 1456 2043 1501 esse
2082 1456 2210 1500 non
2249 1438 2358 1500 ha-

857 1532 1033 1607 bent,
1078 1542 1304 1615 utputa
1341 1536 1655 1617 privativa
1693 1544 1757 1598 et
1798 1536 2184 1617 negationes.
2217 1537 2358 1599 Per-

856 1632 1050 1694 fectio
1092 1640 1307 1695 autem
1350 1634 1658 1697 naturalis
1706 1653 1844 1697 esse
1888 1635 2007 1697 hoc
2056 1634 2356 1716 postulat,

858 1737 929 1792 ut
958 1730 1272 1813 quidquid
1311 1732 1389 1793 ad
1434 1751 1646 1795 rerum
1690 1732 2151 1814 perfectionem
2192 1734 2358 1795 ordi-

2467 755 2629 822 rent,
2663 749 2728 811 in
2760 756 3040 813 mentem
3071 766 3326 832 quoque
3354 749 3712 832 angelicam
3743 750 3958 813 eodem

2468 847 2577 909 Dei
2623 847 2830 911 Verbo
2874 856 3324 931 processerunt
3365 855 3436 910 ut
3475 848 3558 911 ab
3603 848 3746 931 ipsa
3785 865 3964 929 agno-

2467 954 2818 1008 scerentur.

2546 1043 2639 1105 Ex
2697 1044 2798 1107 his
2853 1045 3178 1126 sapienter
3225 1044 3580 1108 intendenti
3639 1043 3963 1110 elucescit.

2467 1142 2787 1224 quomodo
2829 1142 3119 1205 videntes
3162 1144 3388 1216 Deum,
3429 1143 3646 1206 omnia
3687 1142 3964 1214 videant,

2467 1246 2533 1301 et
2576 1240 2896 1321 quomodo
2945 1258 3092 1303 non.
3146 1241 3294 1314 Quae
3344 1259 3578 1322 nempe
3623 1240 3704 1301 ad
3767 1239 3968 1322 perse-

2468 1338 2744 1401 ctionem
2784 1340 3090 1402 naturalis
3129 1358 3270 1402 esse
3310 1340 3655 1421 pertinent,
3689 1346 3968 1401 contem-

2469 1437 2746 1519 plantur,
2777 1456 2990 1500 rerum
3039 1436 3288 1499 scilicet
3329 1444 3608 1510 naturas»,
3649 1436 3966 1509 ordinem,

2467 1534 2736 1597 virtutes
2784 1553 2859 1597 ac
2908 1535 3346 1618 proprietates
3399 1535 3674 1599 Intentio
3733 1535 3972 1617 quippe

2468 1641 2709 1697 naturoe
2767 1633 2844 1695 ad
2903 1633 3154 1744 species
3213 1652 3426 1696 rerum
3487 1633 3698 1696 fertur
3747 1650 3766 1694 t
3829 1651 3970 1695 nam

2468 1741 2730 1814 propter
2777 1731 3060 1814 speciem
3110 1739 3259 1793 sunt
3309 1731 3660 1793 individua.
3715 1731 3896 1793 Unde
3938 1750 3972 1792 a

860 1845 1137 1908 nemque
1192 1827 1441 1901 attinet,
1494 1829 1915 1892 constituatur
1963 1837 2026 1893 et
2072 1829 2352 1891 exsistat.
2392 1833 2439 1895 B
2471 1830 2770 1911 Gregorio
2817 1829 3062 1892 dictum
3106 1836 3206 1892 est
3249 1847 3263 1891 :
3310 1829 3470 1903 Quid
3515 1828 3824 1891 nesciunt
3864 1828 3968 1910 qui

860 1923 1307 1999 Conformiter‚
1369 1924 1793 2007 intelligibilis
1849 1945 1989 1989 esse
2048 1926 2359 2008 perfectio

860 2023 1145 2104 requirit,
1161 2032 1231 2085 ut
1260 2024 1380 2087 sub
1409 2033 1553 2087 actu
1588 2025 2127 2107 intelligibilitatis
2160 2026 2360 2107 ipsius

861 2128 985 2182 stet
1015 2120 1413 2183 intellectum
1446 2122 1755 2205 quidquid
1790 2123 2063 2204 exigitur
2099 2123 2180 2185 ab
2221 2124 2360 2206 ipso

859 2218 1179 2300 cognosci,
1212 2226 1553 2301 antequam
1603 2221 1828 2283 ultima
1870 2240 1982 2283 sua
2026 2220 2362 2303 perfectio·

862 2335 942 2378 ne
973 2317 1161 2399 plene
1194 2319 1589 2400 compleatur
1621 2336 1634 2381 :
1660 2320 1830 2401 quod
1861 2338 1987 2383 non
2020 2320 2188 2383 valet
2217 2338 2361 2383 con-

861 2415 1130 2497 tingere,
1178 2416 1380 2478 donec
1425 2436 1567 2498 quae
1610 2425 1907 2499 praetacta
1949 2426 2096 2480 sunt
2140 2419 2360 2499 digno-

861 2520 1013 2576 scat.
1073 2514 1153 2575 At
1218 2532 1369 2577 vero
1427 2533 1673 2589 sensuS‚
1745 2535 1946 2597 quum
2014 2516 2096 2578 sit
2156 2518 2362 2581 virtus

862 2610 1143 2674 innitens
1172 2612 1956 2687 harmoniae,sensibilium
1986 2615 2364 2678 excellentia

864 2710 1319 2792 corrumpitur.
1382 2712 1747 2774 Intellectus
1814 2732 1987 2787 vero,
2055 2714 2360 2795 quoniam

866 2808 1197 2871 immixtus
1239 2817 1304 2871 et
1346 2810 1751 2891 inorganicus
1795 2819 1912 2885 est,
1946 2831 2024 2874 ex
2069 2812 2216 2875 forti
2259 2832 2364 2875 su-

864 2905 1177 2989 blimique
1227 2908 1615 2989 intelligibili
1664 2911 1942 2991 amplius
1984 2910 2062 2972 ad
2108 2910 2363 2973 inferio-

2468 1929 2684 1991 omnia
2712 1928 3022 1991 scientem
3054 1927 3266 1989 sciunt
3285 1930 3310 1989 2
3329 1927 3406 1989 Et
3433 1926 3628 2010 Moysi
3659 1926 3970 1989 Dominus

2467 2026 2689 2090 dixit.
2743 2026 2872 2108 Ego
2917 2024 3185 2108 (inquit)
3232 2026 3560 2089 ostendam
3611 2024 3736 2087 tibi
3783 2042 3966 2087 omne
4034 2037 4150 2081 exoa

2468 2125 2729 2188 bonum.
2791 2126 2908 2188 Per
2963 2124 3394 2204 cognitionem
3453 2123 3739 2206 denique
3796 2130 3966 2185 natu·
3995 2116 4110 2145 ¹¹⁰³·
4130 2104 4176 2141 ¹

2467 2223 2699 2287 ralium
2757 2222 3138 2305 specierum,
3190 2222 3478 2303 ipsarum
3527 2220 3968 2284 communium

2469 2330 2840 2385 naturarum
2872 2320 3204 2383 individua
3243 2326 3468 2382 creatae
3507 2326 3764 2382 mentes
3795 2317 3970 2381 intel-

2471 2419 2696 2500 ligunt.
2749 2417 2886 2481 Non
2942 2424 3158 2480 autem
3210 2436 3436 2480 verum
3483 2424 3604 2490 est,
3653 2416 3834 2498 quod
3891 2415 3972 2478 vi-

2473 2517 2695 2579 dentes
2755 2516 2980 2589 Denm,
3031 2515 3415 2597 simpliciter
3468 2514 3686 2578 omnia
3751 2531 3971 2595 cogno-

2473 2621 2700 2677 scant:
2742 2614 2835 2676 sic
2882 2612 3054 2674 enim
3101 2612 3384 2675 divinam
3431 2611 3746 2675 virtutem
3793 2611 3970 2694 plene

2473 2712 3110 2795 comprehenderent,
3145 2712 3315 2793 quod
3355 2710 3474 2774 soli
3516 2711 3749 2793 primae
3779 2710 3969 2772 menti

2471 2818 2865 2874 reservatum
2937 2816 3054 2883 est,
3127 2810 3484 2872 secundum
3555 2809 3964 2890 praeinducta.
3991 2828 4134 2865 utu«.

2468 2910 2747 2972 Plurima
2791 2926 3068 2989 namque
3107 2927 3249 2990 quae
3286 2908 3455 2970 Deus
3491 2907 3706 2971 facere
3748 2914 3968 2990 potest,

866 3025 933 3067 ra
991 3008 1455 3088 conspectanda
1512 3008 1890 3089 disponitur.
1947 3010 2107 3072 Dum
2172 3010 2363 3091 igitur
2393 3010 2437 3074 C
2471 3008 2580 3069 sed
2615 3025 2730 3069 nec
2761 3005 2915 3068 fecit
2946 3023 3064 3067 nec
3107 3003 3390 3067 facturus
3429 3012 3547 3077 est,
3581 3004 3804 3085 ignota
3829 3012 3970 3067 sunt

866 3112 1115 3167 creatus
1160 3106 1412 3169 animus
1454 3108 1529 3169 ad
1573 3107 1683 3169 Dei
1723 3108 2234 3189 supersinceram
2276 3108 2364 3171 vi-

864 3202 1111 3265 sionem
1170 3204 1457 3285 crigitur,
1510 3223 1643 3287 non·
1688 3206 1921 3268 mirum
1974 3206 2027 3267 si
2076 3226 2154 3269 ex
2203 3207 2362 3269 tanti

866 3301 1314 3384 intelligibilis,
1357 3304 1526 3385 quod
1577 3304 1785 3366 omnis
1831 3305 2113 3367 veritatis
2163 3306 2363 3368 fonta-

866 3418 949 3461 na
985 3400 1142 3464 ratio
1171 3409 1289 3473 est,
1324 3402 1782 3483 speculatione,
1834 3402 1909 3465 ad
1963 3411 2174 3465 cetera
2220 3421 2365 3466 eon-

868 3500 1104 3560 tuenda
1147 3508 1541 3582 praeparetur
1586 3521 1728 3583 quae
1770 3501 1848 3563 ad
1894 3502 2184 3563 ordinem
2224 3520 2364 3582 per-

865 3596 1229 3679 fectamque
1280 3600 1564 3662 universi
1612 3599 2092 3662 consistentiam
2155 3618 2367 3662 neces-

868 3696 1034 3757 saria
1075 3704 1242 3758 sunt.

946 3793 1262 3877 AmpliuS,
1325 3796 1687 3859 intellectus
1744 3802 1841 3858 est
1898 3796 2368 3877 quodammodo

868 3894 1087 3955 omnia
1156 3894 1609 3975 intelligibilia,
1670 3895 2023 3957 secundum
2089 3895 2368 3958 Philoso-

869 3995 1069 4074 phum
1125 3994 1313 4057 tertio
1367 3995 1444 4056 de
1493 3994 1744 4067 Anima,
1796 3994 1860 4056 in
1912 4002 2222 4075 quantum
2280 3991 2370 4055 vi-

870 4094 1104 4156 delicet
1159 4112 1235 4154 ex
1296 4093 1436 4174 ipso
1501 4101 1565 4154 et
1630 4093 1823 4155 rebus
1892 4092 2231 4155 intellectis
2291 4091 2370 4153 fit

2471 3106 2697 3169 creatis
2748 3103 3200 3168 intellectibus
3263 3104 3412 3177 Quae
3467 3103 3668 3166 etiam
3717 3122 3798 3165 ex
3845 3102 3970 3164 sola

2471 3202 2880 3286 simplicique
2923 3202 3248 3264 voluntate
3278 3201 3390 3263 Dei
3427 3200 3821 3282 dependent,
3855 3200 3968 3282 ipsi

2473 3302 2581 3384 qui
2624 3302 2797 3364 solus
2827 3318 2966 3363 sese
3005 3299 3512 3382 comprehendit,
3544 3298 3836 3380 perfecte
3875 3316 3969 3361 co-

2470 3400 2645 3482 gnita
2685 3407 2855 3463 sunt.
2903 3399 3060 3462 Nam
3102 3396 3443 3480 Apostolus
3489 3397 3568 3459 ad
3613 3397 3970 3461 Corinthios

2471 3500 2559 3561 ait
2601 3518 2614 3561 ε
2657 3500 2806 3573 Quae
2848 3504 2998 3560 sunt
3037 3497 3172 3571 Dei,
3213 3514 3404 3559 nemo
3440 3496 3620 3559 novit
3661 3496 3790 3559 nisi
3837 3495 3966 3577 Spi-
3991 3510 4028 3615 ιι
4059 3508 4190 3552 com.

2474 3599 2634 3661 ritus
2678 3598 2810 3661 Dei.
4035 3604 4045 3615 “

2845 3866 3338 3932 ARTICULUS
3384 3866 3596 3930 LXII.

2478 4011 2777 4079 Qualiter
2825 4010 3098 4089 quidam
3139 4010 3424 4085 probare
3467 4016 3802 4084 satagant,
3847 4024 3966 4065 non

2549 4118 2732 4176 posse
2789 4102 2994 4161 Deum
3055 4098 3274 4157 videri
3321 4115 3447 4173 per
3491 4098 3843 4157 essentiam
3896 4096 3970 4154 ab

870 4191 1341 4273 quodammodo
1386 4211 1611 4265 unum,
1646 4198 1905 4274 propter
1945 4210 2160 4253 rerum
2192 4191 2366 4253 simi·
2396 4196 2447 4260 D
2555 4189 2991 4249 intellectibus
3028 4187 3287 4247 creatis.

868 4290 1173 4352 litudines
1206 4290 1555 4353 intellectui
1587 4291 2053 4353 inexsistenteS.
2089 4289 2224 4352 Nisi
2255 4290 2370 4371 igi-

867 4397 973 4451 tur
1003 4389 1363 4451 intellectus
1395 4388 1509 4451 l'iat
1527 4390 1741 4451 omnia
1771 4388 2200 4469 intelligibilia
2229 4396 2370 4450 actu

869 4510 1011 4573 quae
1060 4497 1155 4553 est
1203 4489 1267 4551 in
1316 4490 1618 4571 potentia,
1673 4507 1799 4551 non
1847 4488 1970 4550 erit
2028 4488 2366 4569 quiescens

871 4607 1079 4668 neque
1112 4588 1433 4669 perfectus
1470 4605 1483 4649 τ
1520 4587 1870 4669 praesertim
1904 4605 2105 4668 quum
2146 4605 2370 4648 secun—

869 4687 1021 4749 dum
1064 4688 1408 4749 Averroem
1458 4703 1651 4766 super
1694 4684 1954 4747 tertium
1999 4684 2077 4747 de
2114 4684 2366 4757 Anima,

869 4785 1233 4847 intellectus
1277 4784 1604 4867 possibilis
1647 4783 1928 4865 potentia
1962 4782 2046 4845 sit
2088 4780 2365 4843 infinita.

870 4885 935 4947 ln
971 4884 1078 4945 illa
1110 4883 1303 4965 igitur
1334 4883 1624 4945 ultimata
1654 4882 1958 4944 felicitate
1986 4880 2122 4943 haec
2155 4879 2370 4942 omnia

871 4982 1124 5064 cognita
1154 4989 1342 5044 erunt
1371 4980 1599 5043 creatis
1632 4978 2086 5051 intellectibuS,
2121 4997 2262 5059 quae
2291 4977 2370 5039 ad

870 5079 1414 5163 complementum
1484 5078 1790 5141 naturalis
1856 5096 1995 5140 esse
2064 5075 2374 5157 requisita

872 5187 1041 5243 sunt.
1079 5178 1252 5241 Unde
1284 5197 1477 5259 super
1506 5177 1801 5241 Genesim
1833 5176 1911 5238 ad
1944 5174 2220 5237 litteram
2250 5174 2375 5236 Au-

872 5278 1169 5361 gustinus
1200 5275 1288 5339 ait
1311 5277 1774 5358 :Quascumque
1804 5293 1919 5357 per
1946 5273 2060 5337 Dei
2090 5273 2372 5355 Verbum

2617 4380 2888 4447 MPLIUS
2925 4390 3138 4445 autem
3177 4388 3240 4444 et
3278 4382 3542 4445 omnino
3583 4384 3970 4447 eminentius
3993 4400 4148 4442 amor.

2644 4483 2935 4546 divinum
2986 4480 3393 4562 intelligibile
3449 4500 3562 4543 seu
3619 4482 3974 4545 substantia

2477 4582 2614 4656 Dei,
2647 4580 2896 4644 excedit
2933 4597 3190 4642 omnem
3231 4578 3428 4640 creati
3467 4578 3836 4642 intellectus
3871 4599 3972 4642 na-

2479 4679 2748 4742 turalem
2800 4677 3194 4751 facultatem,
3243 4695 3436 4759 quam
3487 4684 3700 4739 cetera
3751 4678 3972 4741 intelli-

2478 4778 2701 4860 gibilia
2729 4778 3032 4839 virtutem
3073 4775 3358 4857 corporei
3399 4774 3596 4837 visuS.
3630 4774 3756 4839 Sed
3786 4796 3974 4859 quan-

2478 4885 2898 4957 tumcumque
2930 4874 3216 4937 elevetur
3251 4880 3316 4936 et
3353 4872 3744 4937 fortificetur
3783 4876 3970 4947 visus,

2479 4978 2558 5039 ad
2603 4976 2858 5038 illorum
2903 4980 3319 5055 conspectum
3366 4972 3714 5035 ascendere
3764 4974 3976 5057 nequit

2480 5095 2622 5157 quae
2654 5073 2856 5155 ipsius
2885 5070 3238 5133 naturalem
3269 5070 3635 5133 facultatem
3665 5078 3976 5135 transcen—

2482 5174 2644 5236 dunt
2675 5189 2689 5234 :
2725 5189 2851 5234 non
2883 5170 3056 5233 enim
3087 5168 3304 5231 videre
3345 5168 3512 5231 valet
3549 5169 3678 5231 nisi
3707 5170 3976 5234 colorata

2482 5290 2558 5335 ac
2601 5270 2828 5333 lucida.
2863 5268 3276 5351 Quocumque
3317 5284 3469 5349 ergo
3511 5267 3972 5350 supernaturali
