4300 6259
824 493 956 557 212·

1604 507 2024 555 ELEMENTATIO
2063 505 2461 553 maome-lca.
2508 523 2587 534 ·-
2630 505 2708 551 DE
2750 504 3172 554 SACRAHENTIS

823 679 1114 762 qualibet
1168 685 1348 762 parte
1405 680 1764 762 specierum
1824 677 2006 761 panis
2063 684 2128 739 et
2184 675 2319 738 vini
2351 675 2403 737 A
2514 675 2703 739 Porro
2741 675 2947 766 forma
2984 676 3365 740 sacramenti
3411 675 3603 757 hujus
3646 674 3937 738 sacerdo·

825 783 994 840 totus
1037 786 1133 840 est
1175 778 1485 841 ChristuS.

905 878 1191 959 Insuper,
1225 877 1470 958 species
1515 877 1638 940 illae
1669 877 1734 938 in
1767 877 1886 939 hoc
1926 879 2324 937 sacramento

823 982 975 1037 sunt
1011 983 1480 1039 sacramentum
1522 982 1790 1038 tantum.
1827 975 2069 1055 Corpus
2109 980 2323 1034 autem

824 1080 888 1136 et
934 1074 1192 1155 sanguis
1240 1074 1494 1148 Christi,
1547 1082 1696 1136 sunt
1743 1079 2212 1136 sacramentum
2262 1077 2325 1132 et

823 1189 926 1234 res
971 1188 985 1233 ε
1034 1172 1364 1253 signantur
1411 1190 1689 1253 namque
1734 1189 1849 1253 per
1891 1169 2136 1251 species
2183 1168 2323 1230 illas

824 1270 1423 1348 sacramentales;et
1443 1270 1696 1351 signant
1725 1269 2066 1350 mysticum
2091 1266 2324 1330 Christi

825 1384 1079 1450 corpus,
1121 1369 1291 1450 quod
1335 1376 1433 1430 est
1475 1367 1541 1429 in
1585 1374 1981 1430 sacramento
2015 1383 2028 1428 :
2065 1365 2185 1427 hoc
2229 1372 2324 1427 est

823 1481 925 1526 res
961 1471 1232 1526 tantum.
1281 1463 1494 1527 Gratia
1529 1481 1786 1546 quoque
1823 1461 2321 1535 sacramentaliS,

823 1568 887 1622 et
930 1561 1359 1645 incorporatio
1397 1562 2002 1643 transformatioque
2042 1561 2107 1622 in
2148 1559 2324 1623 Chri-

821 1666 1016 1734 stum,
1070 1678 1182 1722 seu
1233 1660 1396 1723 visio
1445 1659 1650 1734 beata,
1702 1667 1910 1742 potest
1959 1658 2175 1722 vocari
2223 1675 2323 1719 res

821 1764 1071 1820 tantum
1119 1758 1500 1822 sacramenti
1550 1759 1754 1821 istius.
1807 1758 1968 1820 Hinc
2025 1756 2320 1830 trahitur,

2433 770 2605 834 tibus
2648 780 2795 833 nota
2836 780 2953 847 est,
2987 791 3105 835 nec
3148 772 3293 835 aliis
3336 791 3477 835 eam
3523 771 3801 853 pandere
3838 778 3937 833 est

2432 888 2712 933 necesse.
2750 870 3132 951 Conjunctio
3174 879 3391 933 autem
3433 870 3590 942 haec,
3632 872 3835 940 enim,
3868 869 3935 932 in

2434 969 2639 1032 forma
2687 969 2794 1031 illa
2842 969 3069 1050 posita,
3116 988 3245 1033 non
3294 977 3392 1032 est
3436 970 3514 1032 de
3559 968 3935 1032 necessitate

2433 1068 2836 1141 sacramenti,
2883 1069 2994 1131 sed
3041 1087 3077 1130 a
3126 1067 3555 1130 sacratissimo
3596 1067 3939 1149 Archiapo-

2434 1166 2596 1228 stolo
2625 1166 3078 1229 convenienter
3106 1173 3203 1229 est
3230 1166 3619 1228 intermixta.
3634 1165 3757 1228 Hoc
3785 1182 3937 1246 ergo

2434 1273 2531 1328 est
2588 1274 3057 1328 sacramentum
3118 1272 3683 1338 sacramentorum,
3735 1282 3938 1326 sacra-

2436 1370 2722 1426 mentum
2762 1382 3087 1426 summum
3128 1371 3192 1426 et
3230 1362 3820 1445 incomparabiliter
3847 1362 3939 1424 di-

2432 1462 2816 1544 gnissimum
2860 1481 2933 1523 ac
2977 1461 3293 1534 divinum,
3328 1461 3673 1544 purissima
3717 1466 3937 1523 mente

2434 1559 2819 1624 sumendum
2854 1577 2867 1621 :
2902 1560 3071 1640 quod
3102 1559 3211 1641 qui
3245 1559 3441 1621 sumit
3470 1559 3753 1639 indigne,
3789 1577 3937 1620 reus

2433 1659 2556 1720 erit
2603 1658 2887 1739 corporis
2936 1665 2999 1720 et
3046 1657 3376 1738 sanguinis
3416 1657 3711 1736 Domini3
3760 1657 3937 1738 judi-

2433 1755 2735 1837 ciumque
2781 1754 2905 1818 sibi
2952 1757 3293 1818 manducat
3333 1763 3397 1819 et
3440 1755 3628 1830 bibit,
3670 1773 3801 1819 non
3844 1755 3939 1818 di-

819 1856 992 1938 quod
1041 1864 1510 1921 sacramentum
1559 1857 1681 1920 hoc
1728 1855 2066 1938 tripliciter
2116 1853 2323 1936 accipi
2358 1851 2405 1913 Β
2430 1854 2724 1937 judicans
2768 1871 3001 1936 corpus
3044 1855 3320 1917 Domini.

821 1961 1032 2038 potest
1094 1972 1108 2018 ε
1173 1949 1384 2037 primo
1441 1955 1986 2018 sacramentaliter
2049 1960 2320 2026 tantum,

823 2053 992 2116 sicut
1019 2055 1130 2136 qui
1171 2054 1368 2116 sumit
1408 2054 1672 2134 indigne
1712 2054 1926 2135 ipsum
1965 2070 2323 2114 sacramen-

821 2157 1001 2229 tum;
1063 2152 1344 2213 sec'undo
1411 2151 1954 2214 sacramentaliter
2011 2157 2073 2211 et
2137 2147 2323 2230 spiri-

821 2249 1101 2323 tualiter,
1152 2257 1223 2310 ut
1281 2249 1391 2330 qui
1445 2249 1635 2330 digne
1683 2248 1917 2330 accipit
1972 2246 2150 2320 illud,
2205 2247 2323 2309 rite

821 2345 1124 2410 videlicet
1182 2354 1612 2429 praeparatus3
1663 2346 1849 2409 tertio
1906 2345 2325 2427 spiritualiter

821 2444 1054 2519 solum,
1081 2451 1150 2506 ut
1179 2445 1290 2526 qui
1321 2444 1452 2508 fide
1483 2452 1547 2506 et
1573 2445 1853 2507 caritatis
1884 2443 2124 2507 affectu
2155 2443 2323 2505 acci-

821 2542 918 2630 pit
958 2542 1117 2604 illud
1161 2543 1297 2605 sine
1344 2543 1500 2605 reali
1539 2542 1881 2624 praesentia
1918 2541 2347 2604 sacramenti.-

825 2677 832 2683 -
899 2639 1183 2713 Interim,
1202 2639 1508 2721 quoniam
1538 2638 1821 2701 Verbum
1851 2646 2162 2702 aeternum
2192 2646 2321 2700 tam

819 2736 1559 2820 incomprehensibiliter
1604 2745 1668 2810 et
1713 2737 2172 2818 gratiosissime
2220 2756 2321 2799 as-

817 2836 1095 2918 sumpsit
1156 2854 1387 2918 corpus
1446 2836 1823 2910 humanum,
1884 2835 2323 2916 congruentis-

817 2934 1055 2996 simum
1086 2933 1212 2996 fuit
1239 2942 1303 2996 et
1331 2940 1428 2996 est
1457 2940 1528 2995 ut
1566 2940 1657 2996 tot
1696 2942 1760 2998 et
1796 2941 1971 2996 tanta
2003 2932 2322 2996 mirabilia

2712 2061 3232 2127 PROPOSITIO
3280 2062 3647 2127 CXXXVI.

2514 2248 3015 2313 Poenttentiae
3045 2249 3631 2313 sacramentum
3652 2249 3777 2315 est
3805 2262 3939 2315 no·

2431 2345 2557 2411 bis
2603 2346 2688 2410 1n
2744 2345 2894 2411 hac
2951 2346 3126 2411 vita
3182 2346 3527 2412 maxime
3584 2360 3937 2413 necessa-

2432 2445 2667 2523 rium,
2700 2445 2782 2508 et
2821 2444 3050 2510 velut
3078 2442 3287 2511 alter
3324 2444 3811 2527 Baptismus,
3844 2458 3937 2511 ac

2432 2542 2777 2609 secunda
2824 2544 3005 2622 post
3052 2543 3480 2623 spirituale
3534 2541 3936 2624 naufragi-

2431 2657 2568 2707 mn
2610 2641 2908 2707 tabula.

2511 2738 2686 2811 Quod
2731 2744 2847 2811 est,
2887 2737 3209 2819 quoniam,
3245 2737 3395 2813 heu,
3426 2738 3593 2801 heu!
3640 2738 3707 2800 in
3752 2739 3937 2803 inno·

2431 2836 2638 2897 centia
2680 2835 2897 2916 gratiae
2938 2834 3335 2917 baptismalis
3376 2837 3751 2918 paucissimi
3794 2857 3941 2920 per-

2433 2940 2710 2996 manent.
2761 2933 2893 2996 Imo
2933 2933 3084 2995 sacti
3123 2933 3355 2997 adultae
3391 2935 3617 3010 aetatis,
3659 2935 3725 2997 in
3767 2953 3945 2999 mor-·

816 3050 1078 3115 prorsus
1138 3031 1819 3114 incomprehensibilia
1883 3039 2185 3114 operetur
2253 3032 2319 3094 in
2355 3036 2399 3100 C
2430 3032 2581 3094 talia
2629 3030 2894 3114 plurimi
2942 3030 3348 3106 delabuntur,
3384 3031 3935 3116 spiritualiterque

817 3130 929 3193 illo
975 3138 1038 3193 et
1086 3150 1200 3213 per
1244 3131 1426 3204 illud,
1472 3132 1642 3212 quod
1682 3148 1940 3194 omnem
1981 3129 2180 3204 fandi,
2227 3131 2317 3193 in-

817 3229 1147 3311 telligendi
1197 3236 1260 3292 et
1309 3229 1693 3311 regratiandi
1742 3235 2002 3311 superet
2058 3228 2319 3292 faculta-

818 3334 968 3389 tem.
1018 3326 1145 3388 Hoc
1191 3343 1341 3407 ergo
1388 3335 1486 3389 est
1532 3335 2000 3390 sacramentum
2050 3325 2206 3390 fidei
2254 3334 2320 3389 et

819 3424 956 3507 spei
995 3432 1060 3487 et
1098 3424 1376 3486 caritatis
1412 3442 1425 3486 :
1459 3423 1638 3498 fidei,
1672 3425 1824 3506 quia
1864 3425 1930 3486 in
1971 3425 2110 3506 ipso
2150 3424 2315 3487 fides

818 3522 1153 3606 potissime
1203 3522 1416 3586 locum
1465 3523 1749 3596 sortitur,
1800 3521 2316 3585 inenarrabiliter

817 3628 1241 3704 promeretur,
1293 3639 1366 3683 ac
1425 3621 1701 3684 maxime
1759 3621 2119 3684 necessaria
2176 3641 2315 3684 esse

819 3719 1262 3800 cognoscitur;
1312 3719 1472 3801 spei,
1524 3719 1675 3801 quia
1732 3718 2038 3781 viaticum
2092 3727 2189 3782 est
2237 3720 2316 3782 ad

816 3817 1091 3900 patriam
1121 3817 1476 3890 Beatorum,
1513 3817 1744 3898 pignus
1776 3825 1840 3879 et
1868 3816 2054 3879 arrha
2083 3825 2315 3882 nostrae

816 3916 1062 3987 salutis,
1100 3922 1165 3978 et
1201 3935 1278 3978 ex
1321 3916 1458 3998 ipso
1497 3915 1956 4006 perpendimus
1998 3915 2155 3998 quid
2199 3917 2318 3978 Do-

820 4014 1034 4076 minus
1081 4020 1146 4076 et
1194 4013 1479 4076 Salvator
1528 4014 1793 4076 daturus
1843 4013 1924 4076 sit
1982 4013 2047 4075 in
2096 4013 2315 4075 futuro

817 4113 951 4175 suis
995 4112 1237 4186 electiS,
1280 4111 1516 4192 quibus
1561 4129 1628 4173 se
1673 4111 1740 4172 in
1783 4111 1904 4173 ista
1952 4111 2313 4192 peregrina-

2433 3137 2809 3210 merguntur
2865 3128 3175 3192 fluctibus
3232 3129 3561 3205 vitiorum,
3610 3139 3804 3214 atque
3868 3133 3935 3194 in

2428 3226 2985 3290 turbulentissimo
3032 3227 3247 3290 saeculi
3297 3227 3491 3308 hujus
3542 3246 3782 3292 oceano
3842 3230 3936 3293 in-

2430 3333 2696 3388 currunt
2741 3326 3101 3387 animarum
3150 3344 3410 3388 suarum
3460 3327 3872 3408 naufragium
3916 3346 3931 3390 :

2430 3425 2494 3485 in
2535 3422 2772 3506 quibus
2809 3422 3263 3486 damnabiliter
3303 3425 3705 3498 occiduntur,
3738 3444 3935 3489 omne

2427 3541 2566 3584 esse
2595 3521 2813 3603 gratiae
2840 3523 3111 3602 gratum]
3131 3521 3425 3585 facientis
3454 3523 3778 3598 amittunt,
3812 3526 3935 3588 sic-

2426 3640 2550 3703 que
2610 3621 2675 3682 in
2734 3620 3123 3682 vilissimum
3192 3620 3467 3683 nihilum
3526 3621 3931 3704 rediguntur,

2426 3736 2553 3781 non
2602 3727 2816 3781 tamen
2862 3717 3447 3800 irrecuperabiliter
3488 3720 3770 3795 omnino,
3818 3722 3935 3784 du-

2426 3823 2603 3879 rante
2653 3817 2798 3879 vitae
2846 3815 3041 3896 hujus
3084 3815 3427 3890 curriculo,
3474 3816 3541 3878 in
3584 3834 3713 3899 quo
3755 3837 3931 3882 mors

2424 3922 2522 3976 est
2549 3914 2865 3976 terminus
2906 3914 3193 3976 merendi
3230 3933 3305 3976 ac
3342 3915 3731 3978 demerendi.
3764 3916 3931 3980 Hinc

2424 4011 3223 4094 supermisericordissima
3279 4011 3530 4075 bonitas
3587 4031 3661 4075 ac
3708 4033 3933 4096 super-

2422 4110 2666 4192 optima
2717 4109 3117 4191 providentia
3163 4109 3505 4172 Salvatoris
3552 4111 3737 4174 nobis
3780 4131 3929 4200 pro-

3998 1577 4011 1620 Ι
4036 1579 4123 1621 Cer.
4140 1593 4184 1625 ιι.

3965 1645 4027 1692 27.
4044 1645 4101 1688 29.

815 4211 990 4273 tione
1047 4209 1256 4272 taliter
1315 4215 1610 4290 praestat3
1673 4210 1975 4283 caritatis,
2039 4209 2191 4290 quia
2250 4208 2313 4271 in
2344 4209 2394 4272 D
2424 4208 2585 4272 vidit
2623 4209 2700 4270 de
2739 4207 3022 4270 remedio
3059 4207 3207 4283 alio,
3240 4227 3320 4271 ne
3359 4216 3502 4290 post
3530 4209 3931 4292 Baptismum

817 4293 993 4370 illius
1043 4306 1442 4369 institutione
1489 4314 1553 4368 et
1600 4305 2016 4380 exhibitione,
2063 4326 2136 4368 ac
2176 4307 2314 4388 jugi
2426 4307 2609 4390 lapsi,
2657 4314 2721 4368 et
2770 4307 2968 4368 instar
3014 4307 3189 4368 canis
3238 4306 3317 4369 ad
3370 4307 3683 4370 vomitum
3730 4329 3927 4373 suum
3972 4332 4005 4377 11
4026 4334 4189 4379 Petnn.

817 4404 1265 4488 permansione
1295 4404 1949 4478 nobiscum‚ostendit
1975 4404 2163 4467 nobis
2192 4405 2315 4468 cla·
2424 4404 2687 4480 reversi,
2712 4406 3127 4486 desperemus
3157 4412 3220 4468 et
3252 4405 3319 4466 in
3349 4405 3645 4469 sordibus
3676 4425 3931 4472 manea-
3956 4401 4024 4441 Β·
4247 4435 4248 4501 ᾖ

816 4505 1072 4567 rissime
1100 4501 1486 4583 (certissime
1523 4519 1779 4584 quoque
1821 4521 1892 4564 ac
1936 4502 2315 4566 fidelissime
2426 4523 2587 4566 mus.
2623 4504 2813 4566 Porro
2842 4503 3199 4565 remedium
3232 4503 3374 4577 hoc,
3407 4511 3505 4566 est
3532 4504 3929 4570 Poenitentiae

815 4601 1172 4683 noscimus)
1211 4620 1404 4682 quam
1455 4599 1873 4662 indicibiliter
1913 4618 2027 4663 nos
2069 4602 2308 4665 dilexit.

816 4695 993 4766 Unde
1022 4700 1142 4763 hoc
1172 4698 1650 4762 divinissimum
1683 4707 2151 4762 sacramentum
2191 4708 2313 4764 tra·

814 4801 1064 4874 ctand0,
1099 4798 1431 4872 sumendo,
1465 4797 1761 4871 videndo,
1802 4798 2090 4872 colendo,
2124 4798 2313 4861 debe·
2357 4869 2361 4876 ⁸

813 4918 960 4962 mus
1009 4897 1229 4961 divino
1275 4913 1491 4959 amore
1532 4915 1606 4957 ac
1648 4894 1927 4959 fraterna
1970 4897 2313 4960 dilectione

814 4998 977 5061 miro
1036 4995 1224 5058 modo
1282 4994 1567 5068 accendi,
1618 4994 1916 5074 gaudere,
1970 4993 2305 5076 proficere.

813 5096 1058 5160 Etenim
1088 5093 1401 5175 quidquid
1432 5093 1778 5175 corporalis
1810 5093 1988 5155 cibus
2019 5112 2091 5155 ac
2122 5101 2312 5175 potus

811 5201 1114 5277 operatur
1156 5193 1220 5253 in
1265 5208 1552 5272 corpore,
1601 5191 1664 5252 id
1706 5191 1914 5254 efficit
1961 5209 2312 5256 sacramen·

812 5301 952 5356 tum
994 5292 1116 5353 hoc
1157 5290 1221 5352 in
1266 5289 1502 5351 anima.

2423 4606 2915 4663 sacramentum.
2958 4599 3269 4662 Poenitere
3312 4617 3487 4674 vero,
3526 4608 3625 4664 est
3666 4619 3928 4684 poenam

2422 4708 2662 4773 tenere,
2696 4698 2760 4760 id
2790 4705 2889 4761 est
2918 4697 3288 4760 interiorem
3318 4699 3602 4762 dolorem
3636 4700 3713 4762 de
3753 4702 3928 4767 malo

2423 4797 2628 4879 culpae
2675 4796 2909 4859 habere
2958 4814 3030 4857 ac
3080 4795 3428 4877 possidere,
3482 4797 3533 4859 si
3594 4816 3719 4861 non
3776 4817 3927 4862 con-

2422 4896 2623 4967 tinue,
2684 4895 2909 4956 saltem
2975 4893 3246 4956 assidue.
3310 4893 3533 4957 Dolere
3590 4913 3743 4958 vero
3804 4916 3925 4960 seu

2422 4993 2661 5056 conteri
2692 5000 2756 5056 et
2786 4991 3230 5055 contritionem
3260 4991 3338 5054 de
3375 4999 3636 5074 peccato
3662 4993 3923 5071 habere,

2420 5101 2516 5156 est
2545 5094 2622 5155 de
2650 5091 2795 5173 jure
2826 5090 3097 5152 naturali
3134 5107 3148 5152 τ
3182 5090 3333 5171 quia
3362 5089 3483 5153 hoc
3513 5091 3675 5154 ratio
3703 5093 3921 5168 dictat,

2418 5210 2620 5274 quum
2653 5194 2989 5271 peccatum
3022 5188 3297 5250 maxime
3326 5188 3411 5250 sit
3449 5189 3772 5263 nocivum,
3804 5191 3925 5254 Dei

2418 5289 2833 5362 offensivum,
2885 5294 2950 5350 et
3005 5306 3042 5349 a
3091 5286 3421 5362 felicitate,
3470 5307 3665 5370 quam
3723 5288 3921 5354 homo
