4300 6259
876 527 955 572 DE
994 526 1223 573 mursa·
1266 525 1648 573 cnmsrtANAE
1688 524 1991 581 Tnssomffi,
2037 524 2213 571 LIBER
2255 525 2319 571 11.
2367 544 2446 553 —
2488 527 2626 572 Am.
2673 526 2866 573 xxxiv

3311 508 3434 572 429

310 696 531 759 nullus
586 698 821 761 dicitur
862 700 1119 783 proprie
1176 698 1506 763 caritatem
1560 696 1814 759 habere.
1850 697 1901 758 A
1934 696 2386 759 communicet.
2440 696 2597 759 Nam
2646 697 2864 780 gloriae
2913 695 3247 780 plenitudo
3295 696 3434 759 sine

310 794 827 879 Unumquodque
848 806 1057 861 autem
1092 799 1158 861 in
1188 805 1439 861 tantum
1460 804 1557 859 est
1584 793 1821 859 amabi·

316 893 391 965 le,
428 893 495 954 in
527 902 841 975 quantum
880 896 1076 958 fuerit
1116 894 1377 959 bonum.
1416 894 1637 958 Omnis
1670 911 1821 956 vero

314 998 523 1053 creata
554 991 807 1055 bonitas
839 992 1023 1055 finita
1052 1001 1167 1056 est.
1194 993 1328 1057 Non
1355 1010 1505 1073 ergo
1526 990 1821 1054 amabilis

312 1096 409 1151 est
445 1108 704 1153 summa
744 1092 1006 1155 caritate
1044 1111 1187 1174 quae
1230 1092 1295 1153 in
1326 1092 1455 1153 Deo
1494 1096 1591 1153 est
1628 1097 1691 1151 et
1731 1089 1823 1150 in-

315 1187 503 1249 finita
532 1189 805 1251 exsistit.
832 1189 897 1253 Si
928 1208 1079 1271 ergo
1108 1198 1207 1253 cst
1238 1189 1303 1251 in
1325 1189 1455 1252 Deo
1484 1204 1738 1250 summa
1756 1194 1821 1249 et

316 1285 507 1367 plena
536 1286 767 1349 caritas
787 1288 913 1367 (est
942 1288 1208 1367 autem),
1238 1295 1389 1349 tunc
1422 1303 1819 1367 consequens

314 1392 433 1457 est,
477 1393 548 1447 ut
586 1384 669 1447 sit
718 1385 783 1447 in
826 1386 967 1468 ipso
1006 1386 1337 1468 pluralitas
1378 1402 1814 1468 personarum.

394 1483 689 1546 Secunda
718 1484 877 1547 ratio
907 1492 1005 1547 est
1028 1502 1044 1545 ε
1067 1483 1615 1558 Quemadmodum
1646 1482 1821 1545 enim

316 1582 652 1663 plenitudo
709 1582 1035 1657 bonitatis„
1081 1582 1173 1645 sic
1220 1591 1281 1643 et
1330 1580 1653 1644 felicitatis
1694 1580 1821 1663 ple-

316 1680 545 1743 nitudo
581 1681 781 1762 exigit
824 1700 1143 1744 summam
1182 1680 1311 1743 Deo
1352 1680 1563 1743 inesse
1601 1678 1823 1741 carita·-

318 1788 470 1840 tem.
507 1777 685 1842 Sicut
723 1798 957 1862 nempe
998 1778 1258 1841 caritate
1302 1778 1395 1839 nil
1444 1777 1695 1851 melius,
1728 1776 1821 1838 sic

1933 793 2045 857 illo
2073 795 2296 858 haberi
2327 814 2455 858 non
2488 803 2716 878 potest,
2751 814 2878 879 quo
2907 796 3002 859 nil
3032 795 3283 858 dulcius
3317 795 3438 857 nil-

1932 911 2057 974 que
2091 893 2454 975 possidetur
2491 894 2860 975 jucundius.
2889 893 3182 957 Caritatis
3221 901 3434 955 autem

1933 991 2184 1053 deliciis
2214 991 2660 1055 delectabilius
2691 991 2853 1055 nihil
2885 992 3154 1055 exsistit.
3184 992 3305 1055 Sed
3337 992 3436 1053 his

1934 1089 2186 1151 deliciis
2231 1090 2615 1153 {eternaliter
2659 1092 2824 1153 Deus
2876 1098 3144 1165 careret,
3193 1090 3246 1153 si
3296 1090 3436 1153 sine

1934 1195 2228 1249 consorte
2272 1187 2335 1249 in
2379 1187 2539 1251 solio
2581 1189 2932 1269 maJestatis
2973 1187 3370 1251 subsisteret.

2017 1284 2138 1346 Sed
2183 1285 2280 1347 hae
2328 1285 2626 1358 rationeS,
2669 1287 2964 1368 quamvis
3014 1304 3432 1369 personarum

1936 1382 2390 1464 pluralitatem,
2443 1385 2728 1447 nondum
2787 1392 3002 1447 tamen
3061 1385 3433 1447 earumdem

1935 1481 2286 1545 trinitatem
2336 1482 2770 1545 ostenderunt.
2818 1484 2907 1545 Ex
2958 1483 3200 1546 eisdem
3243 1483 3437 1564 igitur

1935 1579 2554 1642 considerationibus
2615 1582 2902 1663 procedit
2965 1583 3041 1645 ad
3109 1581 3435 1646 Trinitatis

1935 1678 2569 1752 demonstrationem,
2601 1698 2678 1742 ex
2724 1679 2960 1762 quibus
3004 1680 3432 1763 pluralitatem

1935 1776 2037 1839 vel
2083 1777 2298 1859 potius
2344 1778 2715 1841 dualitatem
2757 1780 3035 1842 ostendit
3072 1778 3433 1843 divinarum

317 1896 391 1939 ca
436 1877 529 1938 nil
564 1878 917 1958 jucundius
956 1877 1259 1941 cernitur.
1305 1876 1679 1939 Jucunditas
1716 1894 1823 1937 au·
1856 1871 1902 1933 B
1937 1893 2375 1957 personarum.
2427 1877 2584 1939 Nam
2637 1878 3178 1959 quemadmodum
3240 1879 3440 1961 pleni-

318 1984 447 2037 tem
508 1975 586 2037 ad
645 1975 1107 2038 beatitudinem
1162 1976 1407 2037 attinet.
1462 1976 1529 2037 In
1591 1974 1823 2037 divinae

320 2073 517 2154 igitur
545 2073 873 2136 felicitatis
912 2073 1315 2156 plenitudine
1354 2091 1675 2135 summam
1717 2090 1823 2133 ne-

318 2190 497 2234 cesse
528 2180 626 2234 est
654 2174 985 2235 caritatem
1026 2172 1230 2235 fateri.
1268 2172 1507 2235 Caritas
1547 2171 1825 2253 denique

320 2271 513 2353 plena
539 2271 663 2333 hoc
692 2270 985 2354 requirit,
1002 2278 1071 2333 ut
1100 2271 1185 2333 sit
1211 2269 1323 2353 qui
1354 2288 1495 2333 eam
1526 2268 1825 2333 exhibeat

318 2378 383 2432 et
414 2369 766 2451 impendat,
805 2368 1097 2451 adsitque
1126 2369 1183 2431 ei
1218 2367 1321 2431 cui
1356 2368 1641 2451 impendi
1682 2385 1827 2450 pos-

319 2467 420 2529 sit.
458 2466 583 2529 Sed
614 2466 841 2528 caritas
884 2467 1005 2529 ista
1042 2465 1327 2549 perfecta
1365 2485 1505 2529 esse
1548 2483 1675 2528 non
1720 2484 1827 2528 va-

321 2565 409 2628 let
466 2584 679 2647 neque
726 2564 1033 2645 jucunda,
1094 2566 1147 2627 si
1206 2584 1333 2629 non
1392 2566 1477 2628 sit
1532 2572 1755 2627 mutua
1806 2581 1821 2625 ε

318 2665 657 2746 proprium
688 2664 927 2727 etenim
958 2665 1193 2728 amoris
1222 2674 1341 2739 cst,
1376 2673 1446 2728 ut
1485 2684 1705 2729 amans
1745 2663 1824 2726 ab

315 2771 531 2826 amato
580 2763 759 2844 diligi
804 2764 977 2825 velit.
1026 2764 1243 2846 Itaque
1290 2764 1355 2826 in
1403 2764 1591 2847 pleno
1634 2771 1826 2845 atque

312 2862 607 2942 jucundo
634 2879 851 2924 amore
880 2880 1141 2925 necesse
1182 2870 1279 2924 est
1316 2879 1458 2925 esse
1500 2862 1609 2945 qui
1656 2878 1825 2924 amo-

318 2979 457 3022 rem
502 2959 855 3042 impendat,
890 2968 952 3021 et
994 2960 1105 3042 qui
1145 2978 1429 3023 amorem
1469 2961 1775 3044 rependat
1807 2977 1821 3021 :

1936 1974 2091 2035 tudo
2119 1974 2423 2037 bonitatis
2454 1982 2518 2038 et
2548 1975 2874 2038 felicitatis
2903 1995 2978 2039 ac
3008 1976 3242 2056 gloriae,
3279 1978 3438 2040 cari-

1936 2078 2129 2133 tatem
2193 2072 2258 2133 in
2307 2072 2438 2137 Deo
2483 2073 2682 2154 exigit
2730 2081 2994 2147 tantam,
3048 2094 3173 2158 qua
3234 2076 3438 2157 major

1936 2188 2077 2233 esse
2110 2188 2233 2234 non
2268 2172 2602 2252 potest,sic
2634 2190 2894 2254 prorsus
2925 2173 3115 2235 talem
3147 2174 3436 2256 requirit,

1936 2285 2063 2349 qua
2123 2268 2350 2331 melior
2415 2288 2554 2331 esse
2622 2272 2864 2353 nequit.
2929 2272 3167 2336 Caritas
3223 2280 3436 2335 autem

1935 2364 2179 2447 optIma
2207 2374 2270 2428 et
2301 2376 2741 2430 consummata
2772 2368 2891 2433 hoc
2933 2370 3266 2452 potissime
3297 2389 3438 2453 pro-

1939 2463 2151 2545 prium
2185 2463 2396 2537 habet,
2431 2472 2502 2527 ut
2541 2466 2696 2528 velit
2735 2467 3009 2530 alterum
3049 2469 3229 2551 diligi
3271 2470 3439 2532 sicut

1936 2581 2025 2635 se,
2074 2570 2143 2624 ut
2190 2562 2492 2626 videlicet
2539 2564 2621 2625 sit
2669 2566 2930 2629 tertium
2979 2567 3432 2643 condilectum,

1934 2662 2163 2725 alterni
2213 2663 2446 2726 amoris
2494 2663 2766 2727 duorum
2817 2665 3162 2729 insolubile
3219 2667 3438 2730 vincu-

1936 2761 2392 2824 lum.Duorum
2424 2762 2722 2845 equidem
2754 2783 2822 2826 se
2853 2784 3105 2828 summe
3132 2766 3437 2828 ardentis-

1936 2860 2226 2942 simeque
2270 2860 2700 2941 diligentium,
2749 2863 3084 2945 utriusque
3129 2864 3432 2945 gaudium

1937 2958 2003 3020 in
2033 2958 2155 3021 hoc
2185 2958 2498 3031 consistit,
2533 2968 2604 3021 ut
2635 2960 2750 3022 iste
2783 2960 3008 3024 intimo
3037 2979 3254 3024 amore
3295 2960 3436 3023 dili-

316 3058 491 3141 quod
537 3058 677 3121 sine
722 3058 1084 3141 pluralitate
1130 3078 1545 3141 personarum
1588 3059 1826 3122 contin·
1856 3056 1899 3120 C
1936 3064 2041 3137 gat
2080 3057 2264 3119 illum
2305 3064 2366 3119 et
2407 3058 2768 3120 redametur
2795 3057 2877 3121 ab
2907 3076 3005 3133 ec,
3041 3058 3150 3122 ille
3181 3078 3436 3143 quoque

316 3176 467 3239 gere
522 3158 766 3239 nequit.
820 3156 1089 3221 Gratuiti
1148 3174 1299 3240 crgo
1356 3158 1593 3221 amoris
1649 3158 1825 3221 exhi·

323 3256 509 3329 bitio,
584 3261 649 3317 et
717 3255 917 3317 debiti
987 3257 1223 3319 amoris
1294 3257 1823 3346 recompensatio,

316 3373 538 3417 veram
572 3372 983 3437 personarum
1014 3355 1439 3438 pluralitatem
1465 3355 1526 3417 in
1550 3356 1824 3439 simplici

317 3454 565 3516 Deitate
610 3453 899 3535 requirit.

399 3552 611 3615 Tertia
648 3550 859 3614 denuo
899 3552 1041 3632 ejus
1091 3551 1252 3616 ratio
1296 3562 1395 3615 est
1444 3570 1459 3615 :
1502 3553 1824 3636 Quidquid

315 3651 393 3713 ad
426 3650 649 3731 gloriae
678 3649 1145 3732 plenitudinem
1179 3651 1474 3733 pertinet,
1508 3652 1567 3713 ei
1607 3671 1824 3715 neces-

318 3769 387 3813 se
418 3756 518 3811 est
550 3748 759 3811 inesse
790 3748 895 3811 cui
926 3750 1016 3811 nil
1051 3748 1463 3831 perfectionis
1493 3751 1687 3813 deest.
1722 3751 1825 3813 Nil

318 3854 537 3909 autem
592 3846 785 3909 alicui
843 3847 1206 3928 gloriosiuS‚
1258 3846 1349 3909 nil
1416 3847 1827 3927 magnificen-

322 3946 474 4019 tiuS‚
509 3964 705 4027 quam
737 3945 827 4007 nil
860 3943 1093 4007 habere
1134 3946 1304 4026 quod
1342 3944 1503 4007 nolit
1541 3964 1826 4009 commu-

320 4046 539 4107 nicare
576 4064 589 4107 :
626 4045 745 4106 hoc
777 4044 949 4107 enim
994 4044 1273 4106 caritatis
1317 4063 1513 4125 purae,
1547 4045 1827 4108 caritatis

320 4152 559 4207 sanctae
588 4142 723 4222 (cui
770 4142 959 4225 plena
998 4142 1165 4205 inest
1204 4142 1475 4217 bonitas,
1508 4142 1687 4206 nulla
1728 4162 1827 4207 co-

1940 3153 2164 3218 intime
2195 3154 2367 3218 hunc
2397 3164 2567 3219 amet
2605 3165 2670 3219 et
2699 3156 2778 3219 ab
2817 3157 3042 3220 eodem
3084 3158 3388 3240 diligatur
3421 3177 3435 3222 :

1935 3253 2121 3315 aliter
2150 3272 2279 3317 non
2311 3253 2474 3317 foret
2505 3262 2766 3318 mutuus
2796 3256 3315 3329 amor.Quamdiu
3349 3276 3442 3320 er·

1935 3369 2015 3432 go
2055 3352 2174 3415 iste
2204 3352 2284 3414 ab
2315 3352 2427 3416 illo
2456 3354 2629 3417 solus
2660 3354 2950 3435 diligitur
2977 3364 3041 3418 et
3068 3374 3437 3431 econvers0‚

1939 3457 2206 3532 uterque
2238 3450 2596 3513 dulcedinis
2627 3471 2756 3515 suae
2787 3452 3048 3517 delicias
3089 3454 3262 3518 solus
3301 3472 3440 3537 pos-

1937 3548 2103 3609 sidet
2165 3564 2178 3609 :
2233 3548 2404 3630 quod
2463 3568 2732 3613 summae
2791 3548 3252 3616 benevolentiae
3310 3572 3436 3616 non

1938 3644 2260 3719 convenit,
2295 3666 2435 3727 quae
2463 3647 2776 3729 quidquid
2807 3647 3018 3723 habet,
3056 3649 3120 3712 in
3153 3669 3438 3714 commu-

1940 3764 2019 3807 ne
2078 3746 2356 3808 deducit.
2411 3747 2488 3810 Ut
2537 3766 2686 3829 ergo
2745 3757 3014 3830 uterque
3061 3752 3264 3831 possit
3323 3752 3436 3815 has

1938 3844 2173 3905 amoris
2203 3844 2466 3907 delicias
2505 3846 3004 3921 communicare,
3038 3866 3298 3911 necesse
3340 3858 3439 3912 est

1937 3960 2047 4004 eos
2112 3942 2540 4005 condilectum
2601 3943 2854 4006 habere.
2918 3944 3164 4009 Prolixe
3220 3955 3435 4011 'autem

1938 4050 2003 4103 et
2046 4040 2490 4123 multipliciter
2547 4050 3028 4122 argumentatur
3085 4045 3436 4109 Richardus

1938 4139 2079 4213 iste,
2162 4138 2237 4201 ad
2314 4139 2878 4202 demonstrandum
2956 4138 3436 4207 conclusionem

321 4241 527 4305 haeret
583 4240 854 4320 invidia)
909 4239 1243 4323 proprium
1302 4248 1419 4315 est,
1480 4249 1553 4303 ut
1606 4242 1700 4304 sic
1758 4261 1824 4305 se
1858 4240 1906 4301 D
1937 4237 2101 4299 hanc
2131 4256 2302 4299 nunc
2335 4238 2573 4300 illatam
2601 4256 2616 4317 3
2649 4239 2760 4302 sed
2790 4239 2886 4301 vis
2918 4258 3255 4322 processus
3285 4242 3436 4326 ipsi·

322 4339 764 4403 communicet
794 4346 857 4401 et
884 4338 1227 4401 diffundat.
1262 4338 1327 4402 Si
1361 4338 1554 4420 igitur
1592 4340 1655 4402 in
1698 4342 1825 4404 Deo

322 4456 453 4501 non
506 4444 603 4499 est
652 4454 1069 4518 personarum
1121 4436 1475 4519 pluralitaS,
1528 4456 1657 4501 non
1706 4440 1828 4502 erit

322 4536 391 4597 in
442 4553 522 4598 eo
570 4534 675 4596 cui
726 4534 1204 4598 communicare
1252 4536 1453 4618 possit
1502 4536 1825 4600 infinitam

322 4634 507 4696 illam
554 4631 973 4715 plenitudinis
1018 4652 1149 4695 suoe
1190 4632 1668 4697 abundantiam.
1702 4636 1825 4699 Sed

320 4732 447 4795 hoc
496 4738 687 4803 esset,
741 4731 839 4792 vel
894 4730 1045 4811 quia
1090 4748 1159 4792 se
1208 4730 1299 4793 sic
1349 4734 1825 4796 communicare

320 4830 510 4904 nolit,
572 4847 775 4911 quum
844 4836 1056 4891 tamen
1126 4829 1365 4911 possit3
1426 4839 1535 4894 aut
1600 4832 1821 4914 possit,

320 4948 531 5011 quum
582 4936 795 4989 tamen
844 4944 971 4990 non
1020 4927 1195 4990 velit.
1252 4929 1373 4991 Sed
1430 4947 1555 4992 non
1616 4948 1823 5010 posse,

320 5026 811 5109 omnipotentiae
840 5025 983 5106 ejus
1016 5035 1355 5108 repugnat;
1380 5028 1550 5090 nolle
1578 5046 1730 5092 vero
1758 5048 1827 5092 se

322 5124 831 5197 communicare,
864 5143 995 5187 suae
1025 5123 1489 5189 benevolentiae
1518 5144 1648 5190 non
1680 5145 1829 5190 con·

324 5226 519 5307 gruit.
575 5222 911 5286 Plenitudo
966 5241 1117 5304 ergo
1163 5223 1397 5289 divinae
1442 5226 1659 5306 gloriae
1707 5227 1829 5292 hoc

326 5322 551 5405 exigit,
603 5330 675 5384 ut
730 5321 1197 5405 omnipotentia
1251 5322 1705 5389 benevolenter
1759 5344 1829 5391 se

1939 4355 2012 4397 us
2050 4336 2184 4417 jam
2229 4344 2393 4398 tacta
2435 4346 2550 4399 est.

2258 4572 2748 4639 ARTICULUS
2795 4574 3110 4641 XXXIV.

1940 4704 2124 4771 Quod
2168 4704 2444 4763 trinitas
2481 4724 2920 4780 personarum
2964 4708 3034 4766 in
3086 4713 3434 4784 supersim-

2009 4794 2180 4868 plici
2197 4794 2796 4863 Deitatematurali
2836 4797 3091 4855 ratione
3121 4799 3439 4875 induam-i

2018 4890 2296 4960 nequeat
2343 4902 2458 4941 nec
2503 4885 2950 4943 demonstrari
2965 4904 2994 4953 ,·
3040 4895 3100 4945 ec
3147 4889 3312 4965 quid
3347 4894 3437 4952 ad

2018 4991 2091 5030 ea
2130 4991 2276 5050 quoe
2307 4972 2684 5032 Richardus
2727 4974 3132 5044 introduxit,
3178 4995 3434 5052 respon-

2019 5062 2304 5119 dendum
2351 5062 2457 5121 sit.

2064 5218 2165 5280 ΕΙ)
2213 5237 2294 5281 ne
2343 5225 2603 5301 putetur
2647 5218 2802 5281 fidei
2851 5220 3084 5285 veritas
3139 5222 3436 5293 humana)

2088 5316 2626 5399 argumentationi
2701 5317 3013 5403 vanisque
3081 5323 3435 5395 rationibus
