4300 6259
952 423 1071 485 370

1580 442 1661 487 mi:
1702 441 1929 487 mmm:
1970 440 2352 486 CHRISTIANAE
2392 438 2694 497 mmmm,
2739 439 2916 485 umen
2955 440 2996 485 1.
3030 456 3110 467 ·-
3151 440 3288 485 Am.
3337 440 3436 485 cvl

953 607 1322 681 dicendum,
1394 608 1561 691 quod
1636 627 1893 690 semper
1957 606 2172 669 anima
2240 608 2531 670 manetA
2562 606 2822 671 homine
2875 609 3228 671 secundum
3279 607 3438 669 illud
3485 626 3626 671 esse
3671 608 3848 671 solum
3889 626 3989 691 quo

912 744 925 757 ·
955 704 1161 768 forma
1190 707 1621 787 corporiS‚sed
1651 706 1914 789 speciali
1943 706 2128 768 modo
2159 724 2196 767 a
2225 705 2454 767 ceteris

957 802 1201 867 formis.
1248 804 1405 878 Quia
1452 805 1627 867 enim
1676 805 1889 867 anima
1935 812 2033 867 est
2080 804 2343 867 horizon
2391 810 2456 877 et

956 900 1375 982 ligamentum
1427 902 1778 965 formarum
1828 902 2093 965 omnino
2142 907 2455 984 separata-

958 1017 1100 1061 rum
1140 1006 1202 1061 et
1246 1000 1508 1063 omnino
1552 1000 2063 1080 conjunctarum,
2095 1006 2347 1081 oportet
2386 999 2450 1061 in

956 1116 1031 1160 ea
1076 1098 1320 1181 aliquid
1368 1117 1509 1161 esse
1553 1099 1633 1161 de
1674 1100 1863 1162 modo
1906 1107 1970 1161 et
2015 1107 2240 1161 natura
2283 1106 2451 1159 utra-

956 1215 1249 1279 rumque.
1301 1197 1439 1260 Non
1497 1204 1594 1260 est
1640 1216 1789 1279 ergo
1846 1216 2108 1261 necesse
2166 1197 2335 1279 quod
2395 1199 2450 1257 si

956 1300 1152 1376 ponat
1206 1312 1441 1377 corpus
1500 1296 1563 1357 in
1626 1296 1841 1378 specie
1901 1314 2016 1378 per
2073 1313 2449 1377 supremum

952 1394 1124 1474 quod
1174 1394 1242 1455 in
1284 1412 1359 1456 ea
1408 1403 1525 1469 est,
1579 1395 1722 1458 ideo
1760 1395 2117 1457 secundum
2158 1393 2318 1455 illud
2367 1394 2450 1455 sit

956 1492 1375 1570 conjunctum
1426 1492 1487 1555 ei
1537 1511 1652 1575 per
1700 1492 2186 1574 impressionem
2234 1498 2299 1553 et
2345 1491 2449 1553 de-

951 1590 1365 1671 pendentium
1421 1591 1501 1653 ad
1558 1609 1793 1673 corpus
1846 1608 1859 1653 :
1904 1591 2034 1653 imo
2091 1590 2252 1652 illud
2311 1608 2450 1653 esse

950 1695 1167 1750 manet
1196 1695 1399 1751 totum
1443 1689 1510 1751 in
1552 1689 1787 1763 anima,
1822 1688 1991 1771 quod
2032 1687 2180 1750 fluit
2207 1688 2288 1750 ab
2317 1688 2451 1750 ani-

950 1804 1054 1848 ma
1083 1786 1439 1849 secundum
1470 1788 1763 1850 divinum
1794 1787 1967 1869 quod
2009 1788 2076 1849 in
2115 1805 2191 1849 ea
2228 1794 2345 1859 est,
2387 1791 2452 1848 et
2486 1786 2535 1850 Β

948 1884 1121 1948 idem
1155 1885 1368 1967 ipsum
1414 1887 1930 1949 communicatur
1973 1885 2250 1967 corpori,
2285 1884 2452 1947 sicut

950 1989 1015 2045 et
1042 1983 1258 2045 anima
1290 1985 1429 2066 ipsa
1458 1986 1813 2047 secundum
1854 1985 2228 2047 inferiorem
2269 2003 2450 2046 suam

950 2082 1329 2163 portionem.
1366 2083 1488 2145 Sed
1518 2082 1651 2145 haec
1689 2084 1822 2162 jam
1862 2102 2031 2165 saepe
2069 2083 2240 2144 dicta
2277 2089 2445 2145 sunt.

951 2180 1173 2242 Denuo
1202 2180 1296 2241 sic
1333 2198 1346 2242 :
1381 2199 1581 2261 quum
1629 2181 1773 2243 dico
1812 2180 2003 2243 homo
2042 2180 2446 2263 simpliciter,

948 2277 1096 2340 dico
1155 2279 1606 2360 compositum,
1664 2281 1834 2361 quod
1896 2279 2117 2361 utique
2169 2297 2296 2342 non
2353 2289 2451 2342 est

950 2375 1158 2438 solum
1206 2376 1460 2456 anima3
1511 2377 1622 2439 sed
1675 2395 1873 2459 quum
1929 2378 2073 2440 dico
2118 2378 2310 2441 homo
2353 2397 2448 2441 se-

948 2475 1233 2537 cundum
1261 2493 1400 2538 esse
1431 2476 1601 2557 quod
1632 2475 1823 2537 habet
1852 2494 1888 2537 a
1917 2475 2049 2538 sola
2078 2475 2448 2539 differentia

943 2572 1316 2647 finali,tunc
1347 2573 1491 2636 dico
1520 2574 1927 2636 essentialem
1958 2573 2134 2635 illam
2166 2574 2445 2637 hominis

944 2671 1403 2754 perfectionem
1433 2691 1468 2734 a
1500 2692 1626 2755 qua
1653 2673 1981 2735 dumtaxat
2009 2672 2158 2735 fluit
2187 2673 2343 2736 ratio
2382 2681 2446 2736 et

944 2787 1083 2832 esse
1144 2770 1313 2852 quod
1364 2770 1693 2833 materiale
1751 2789 1877 2833 non
1938 2778 2054 2845 est,
2106 2790 2316 2853 neque
2377 2771 2443 2833 in

2561 713 2658 768 est
2705 707 2764 768 ei
2815 726 2962 769 cum
3023 708 3152 769 Deo
3207 713 3271 769 et
3327 706 3568 769 divinis
3627 706 3990 770 intellectibus

2563 804 2848 885 parilitas
2900 804 3182 868 nominis
3234 805 3404 887 apud
3462 805 3766 867 Platonem
3810 807 3990 867 :sicut

2560 902 2752 965 etiam
2794 903 2950 965 dicit
2987 902 3356 966 Aristoteles
3395 903 3646 966 decimo
3685 903 3990 966 Etbicorum

2561 1006 2625 1061 et
2653 1000 3034 1064 duodecimo
3063 1001 3284 1065 Primae
3313 1000 3994 1083 philosophiae‚divinum

2560 1098 2865 1179 quiddam
2897 1116 3038 1161 esse
3069 1098 3134 1160 in
3165 1098 3449 1172 homine,
3483 1099 3654 1182 quod
3681 1107 3767 1161 est
3790 1098 3993 1161 intelle-

2561 1204 2721 1259 ctus.
2754 1198 2933 1261 Ratio
2969 1216 3123 1261 vero
3161 1204 3226 1259 et
3267 1197 3630 1261 intellectus
3670 1198 3820 1260 idem
3857 1206 3990 1259 sunt.

2560 1296 2648 1359 De
2678 1297 2965 1359 doctrina
2994 1298 3270 1379 denique
3309 1304 3374 1359 et
3402 1297 3712 1380 positione
3744 1296 3994 1369 Platonis,

2558 1396 2854 1477 specialis
2901 1396 3209 1458 articulus
3257 1395 3646 1477 praehabitus
3697 1403 3785 1459 est
3827 1413 3842 1457 z
3885 1396 3996 1475 ejus
4015 1420 4166 1457 mm.

2559 1493 2734 1555 enim
2754 1494 3020 1557 assertio
3050 1513 3197 1556 cum
3227 1494 3784 1576 praedeterminatis
3813 1495 3870 1556 in
3895 1502 3998 1556 toto

2561 1592 2930 1655 concordari
2975 1610 3102 1655 non
3146 1600 3372 1676 potest.

2959 1873 3448 1937 ARTICULUS
3489 1872 3658 1937 CVI.

2563 2024 2746 2089 Quod
2801 2022 3026 2082 anima
3097 2041 3229 2083 non
3297 2031 3389 2082 esc
3453 2024 3820 2099 complexio,
3870 2023 4006 2081 sieut

2641 2112 2822 2171 dia-it
2887 2114 3171 2173 Galenus
3199 2133 3229 2180 ,·
3285 2131 3494 2191 neque
3557 2114 3904 2181 harmonia,
3949 2120 4006 2170 ut

2635 2204 2856 2276 posuit
2898 2204 3314 2277 Empedocles
3331 2222 3360 2270 ,⁰
3396 2220 3606 2280 neque
3645 2204 3722 2262 de
3759 2204 4006 2263 substan-

2643 2292 2739 2350 tia
2781 2292 2932 2361 Dei,
2973 2293 3518 2369 quemadmodum
3559 2293 3862 2351 asserebat
3893 2292 4006 2352 Ma·

2639 2382 2930 2441 nichoeus
2947 2400 2976 2449 ,⁰
3005 2400 3210 2459 neque
3237 2398 3494 2456 corpus,
3526 2382 3694 2441 sicut
3723 2381 4002 2457 putabant

2640 2472 2909 2549 antiqui
2947 2474 3304 2530 naturales,

2728 2771 3027 2835 xionibus
3057 2772 3340 2835 diversas
3371 2774 3700 2854 passiones
3727 2775 3929 2836 animae
3952 2773 4004 2833 in

2703 2671 2994 2736 UONlAM
3033 2673 3294 2756 quidem
3339 2692 3415 2736 ex
3458 2674 3728 2738 diversis
3773 2674 4006 2758 comple-

2554 2671 2693 2933 „Q

946 2868 1210 2931 materia
1248 2868 1645 2951 receptibile,
1678 2870 1978 2932 videlicet
2015 2888 2155 2933 esse
2200 2871 2444 2933 intelle-
2599 2889 2636 2934 o
2687 2871 2740 2933 is
2769 2889 2908 2933 esse
2940 2870 3359 2945 videmu8‚sic
3389 2872 3562 2953 quod
3591 2872 3805 2935 eadem
3833 2870 4008 2954 passio

943 2966 1209 3029 ctIvum.
1252 2967 1367 3029 Per
1408 2968 1528 3030 hoc
1574 2967 1989 3031 manifestum
2030 2976 2125 3031 est
2165 2970 2440 3033 rationes
2479 2970 2523 3035 C
2550 2969 2924 3032 attribuitur
2965 2969 3394 3049 complexioni
3425 2968 3704 3051 alicujus
3733 2978 3792 3033 et
3817 2970 4008 3032 anima)

942 3064 1368 3145 praeinductas
1410 3064 1649 3128 solutas
1690 3084 1848 3128 esse.
2552 3068 2714 3148 ejus,
2735 3068 2902 3130 sicut
2931 3067 3266 3130 cholericae
3295 3067 3824 3150 complexioni,et
3849 3068 4008 3130 etiam

1020 3162 1318 3225 Albertus
1348 3171 1561 3226 tamen
1593 3164 1769 3239 dicit,
1802 3166 1974 3247 quod
2006 3166 2274 3228 materia
2311 3185 2440 3230 non
2550 3166 2775 3229 animae
2805 3166 2942 3246 ejus
2972 3164 3080 3247 qui
3110 3165 3274 3227 hanc
3305 3166 3804 3248 complexionem
3828 3165 4004 3236 habet,

940 3261 1022 3323 sit
1071 3262 1150 3324 de
1197 3264 1473 3325 essentia
1530 3263 1899 3327 substantiae
1947 3264 2276 3338 naturaliS,
2327 3266 2439 3329 sed
2549 3264 2813 3327 attribui
2851 3263 3013 3326 solet
3051 3263 3388 3345 repentina
3434 3264 3528 3325 ira
3578 3282 3594 3326 ι
3643 3265 3788 3327 hinc
3831 3271 4006 3326 motus

938 3360 1322 3423 intrinsecus
1369 3362 1683 3423 terminus
1740 3361 1957 3425 fluxus
2005 3363 2228 3427 formae
2279 3382 2292 3426 :
2346 3365 2437 3427 sic
2549 3372 2646 3426 est
2692 3362 2989 3436 Galenus,
3036 3369 3106 3423 ut
3152 3362 3392 3424 diceret
3437 3362 3721 3425 animam
3769 3362 4005 3445 comple-

936 3459 1107 3541 quod
1138 3460 1402 3522 materia
1428 3460 1777 3542 requiritur
1804 3461 1882 3524 ad
1913 3462 2434 3526 constitutionem
2546 3462 2803 3524 xionem
2851 3478 3009 3523 esse.
3059 3460 3181 3522 Sed
3223 3460 3358 3523 haec
3407 3462 3644 3542 positio
3687 3462 3887 3525 rudior
3925 3466 4004 3521 est

936 3558 1193 3639 speciei,
1216 3576 1343 3621 non
1374 3559 1557 3641 quasi
1590 3559 2012 3640 quidditatem
2044 3561 2429 3641 ingrediens,

937 3658 1048 3720 sed
1079 3658 1261 3739 quasi
1292 3656 1543 3721 fluxum
1583 3658 1805 3723 formae
1844 3660 2190 3723 intrinsece
2221 3662 2435 3724 termi-

937 3775 1115 3819 nans.
1180 3757 1353 3820 Unde
1420 3758 1774 3820 secundum
1843 3777 2015 3834 eum,
2076 3759 2141 3821 in
2207 3760 2432 3823 eodem

938 3854 1419 3917 identificantur
1465 3856 1672 3918 forma
1730 3858 1929 3939 partis
1977 3865 2041 3920 et
2087 3857 2292 3921 forma
2341 3866 2433 3922 to—

937 3953 1064 4015 tius
1100 3971 1112 4016 :
1146 3961 1212 4015 et
1237 3953 1331 4015 sic
1360 3954 1517 4016 dicit
1546 3954 1715 4016 idem
1746 3973 1907 4029 esse,
1930 3956 2212 4019 animam
2246 3958 2433 4021 ratio-

935 4052 1147 4114 nalem
1191 4060 1254 4114 et
1296 4052 1778 4115 humanitatem.
1813 4054 1950 4116 Non
1993 4062 2207 4118 tamen
2253 4056 2428 4131 dicit,

2546 3560 2861 3642 positione
2889 3558 3233 3622 Alexandri
3265 3576 3280 3621 ε
3313 3565 3378 3621 et
3407 3559 3551 3622 ideo
3589 3560 3852 3623 rationes
3885 3557 4000 3641 qui·

2543 3658 2664 3721 bus
2721 3658 2966 3719 dudum
3022 3656 3588 3738 argumentabatur
3636 3666 3844 3721 contra
3882 3657 3999 3719 Ale-
4017 3684 4154 3722 maa.

2541 3757 2877 3830 xandrum‚
2910 3754 3244 3817 efficacius
3282 3755 3621 3818 destruunt
3657 3757 3998 3839 positionem

2541 3856 2728 3918 istam
2760 3873 2953 3937 quam
2985 3853 3182 3915 illam.
3227 3853 3388 3916 Sunt
3427 3862 3642 3917 tamen
3675 3873 3862 3938 usque
3889 3871 3998 3917 mo-

2541 3954 2622 4016 do
2669 3952 2928 4035 quidam
2977 3952 3334 4026 Galenistae‚
3380 3952 3493 4033 qui
3547 3952 3603 4015 si
3663 3971 3786 4017 non
3829 3952 4002 4033 magis

2541 4050 3036 4134 prohiberentur
3062 4050 3194 4112 fide
3225 4068 3415 4132 quam
3455 4052 3730 4114 naturali
3767 4052 3998 4125 lumine,

936 4151 1099 4232 quod
1128 4151 1321 4213 homo
1350 4151 1434 4213 sit
1460 4151 1703 4230 anima3
1722 4152 1832 4213 sed
1860 4152 2054 4215 homo
2083 4155 2432 4217 secundum
2461 4153 2510 4215 D
2542 4150 2931 4213 aestimarent
2962 4148 3344 4230 positionem
3377 4148 3598 4211 Galeni
3630 4168 3836 4213 veram
3862 4166 3996 4212 esse.

934 4267 1107 4321 eum,
1140 4248 1411 4309 includit
1442 4248 1772 4310 materiam
1812 4267 1939 4312 non
1978 4251 2145 4313 sicut
2183 4260 2430 4334 partem

934 4346 1227 4409 essentiae
1260 4364 1274 4408 :
1309 4347 1440 4409 imo
1470 4354 1541 4408 ut
1568 4348 1677 4420 ait,
1703 4348 1769 4409 in
1799 4350 1972 4411 omni
2005 4350 2220 4432 specie
2252 4359 2430 4413 natu-

934 4446 1051 4508 rali
1084 4445 1217 4508 sola
1244 4444 1451 4509 forma
1479 4453 1575 4508 est
1604 4453 1733 4509 tota
1762 4447 2081 4529 quidditas
2122 4455 2188 4510 et
2226 4457 2429 4512 totum

932 4563 1072 4607 esse
1121 4544 1231 4605 rei.
1276 4544 1423 4617 Quae
1470 4544 1687 4607 omnia
1734 4544 1959 4606 nititur
2006 4545 2277 4609 Thomas
2325 4548 2430 4611 de-

933 4650 1198 4716 struere,
1232 4642 1454 4704 dicens
1498 4642 1830 4704 materiam
1875 4661 2014 4705 esse
2058 4644 2136 4706 de
2182 4646 2432 4726 quiddi-

933 4748 1059 4803 tate
1108 4759 1323 4803 rerum
1371 4740 1780 4814 naturalium,
1828 4747 1892 4803 et
1939 4759 2077 4804 esse
2124 4743 2298 4804 aliud
2347 4743 2429 4807 ab

933 4838 1207 4902 essentia
1235 4839 1590 4901 affirmans.
1623 4838 1783 4912 Quid
1811 4847 2025 4902 autem
2062 4840 2294 4903 horum
2335 4862 2432 4905 ra-

933 4937 1303 5001 tionabilius
1360 4938 1631 5009 dicatur,
1690 4937 1845 4999 alibi
1912 4938 2426 5021 investigandum

936 5046 1049 5101 est.
1082 5036 1421 5099 Avicennae
1450 5052 1638 5117 porro
1668 5036 1900 5118 positio
1930 5055 2079 5099 cum
2110 5038 2431 5120 praeindu-

936 5138 1054 5199 ctis
1084 5135 1454 5199 concordari
1486 5141 1710 5216 potest.
1744 5134 1881 5197 Non
1912 5135 2083 5198 enim
2117 5138 2331 5217 posuit
2361 5138 2426 5201 in

933 5236 1193 5301 homine
1236 5234 1452 5316 plures
1494 5233 1753 5307 formaS,
1782 5233 1892 5296 sed
1932 5233 2310 5316 loquebatur
2346 5238 2424 5300 de

2542 4249 2821 4323 Quorum
2869 4248 3158 4311 defectus
3205 4266 3285 4311 ex
3331 4265 3409 4312 eo
3467 4250 3809 4331 consurgit,
3855 4248 4001 4331 quod

2541 4365 2667 4411 non
2697 4346 3042 4410 reflectunt
3079 4346 3655 4411 considerationem
3685 4367 3857 4411 suam
3895 4345 4000 4409 nisi

2540 4448 2618 4510 ad
2659 4445 2968 4508 animales
3013 4453 3078 4508 et
3113 4444 3518 4507 harmonicos
3565 4464 3642 4507 ac
3677 4446 4001 4529 corporales

2541 4552 2774 4618 motus,
2818 4551 2882 4607 et
2930 4543 3332 4626 operationes
3376 4550 3568 4625 atque
3615 4544 4000 4627 proprietates

2537 4642 2785 4707 animae.
2821 4642 2886 4705 Si
2930 4642 3170 4705 etenim
3211 4640 3506 4703 divinum
3550 4641 3710 4705 illud
3751 4643 3909 4725 quod
3945 4642 4000 4703 in

2539 4742 2724 4805 nobis
2754 4748 2849 4803 est
2879 4740 3486 4821 contemplarentur,
3519 4740 3758 4804 scirent
3785 4742 3998 4823 utique,

2537 4840 2706 4923 quod
2737 4838 3021 4922 operatio
3054 4837 3504 4900 intellectualis
3534 4839 3788 4920 penitus
3815 4856 4004 4921 super·

2536 4938 2822 5020 greditur
2868 4938 3173 5000 virtutem
3221 4943 3286 4999 et
3333 4937 3596 4999 modum
3647 4938 4002 5019 complexio—

2537 5038 2655 5101 nis.
2708 5038 3046 5101 Ostensum
3095 5043 3193 5098 est
3237 5053 3537 5117 namque,
3589 5056 3729 5101 esse
3785 5037 4002 5100 intelle-

2535 5145 2710 5199 ctum
2759 5152 2886 5198 non
2935 5135 3238 5198 virtutem
3295 5134 3583 5216 corporis
3629 5143 3740 5198 aut
3786 5135 4000 5217 organi,

2536 5254 2734 5318 quum
2783 5234 2867 5297 sit
2913 5233 3264 5295 immixtus,
3309 5233 3636 5309 Praeterea,
3672 5234 4001 5317 complexio
