4300 6259
812 469 933 536 140

1479 489 1904 537 nmmum
1942 489 2342 538 motoema.
2388 508 2470 520 —-
2509 491 2589 537 DE
2629 491 2749 538 DEO
2791 491 2910 539 UNO
2950 491 3027 539 BT
3066 492 3250 542 mmo

806 678 936 725 uno
976 679 1051 725 ac
1092 661 1306 745 primo
1348 662 1559 736 modo,
1590 661 1788 726 robur
1815 679 1889 724 ac
1931 661 2029 724 vis
2070 661 2306 726 divinae
2333 659 2386 725 A
2413 663 2700 728 diversos
2728 671 2827 726 est
2862 664 3029 729 inter
3065 683 3172 728 eas
3209 665 3367 730 ordo
3401 663 3728 762 analogiae,
3761 664 3920 748 qnia

804 767 1047 825 naturae
1076 761 1155 824 ad
1195 761 1538 824 essendum
1576 779 1651 824 ac
1689 761 2198 843 permanendum
2237 761 2303 823 in

804 878 875 922 se
920 866 988 922 et
1034 878 1151 942 per
1207 879 1275 922 se
1330 859 1793 923 invariabiliter
1848 860 1915 922 in
1968 866 2300 924 aeternum.

804 957 1119 1033 Secundo,
1170 958 1453 1040 potentia
1510 959 1577 1020 in
1625 958 1755 1021 Deo
1798 964 2064 1020 vocatur
2109 959 2308 1021 robur

805 1061 1047 1119 naturae
1108 1055 1173 1118 in
1232 1074 1504 1138 persona
1559 1056 1639 1118 ad
1696 1055 2304 1119 communicandum

804 1172 874 1216 se
922 1153 1225 1237 perfecte,
1275 1169 1402 1217 non
1450 1154 1659 1218 solum
1718 1173 1835 1236 per
1882 1155 2144 1217 modum
2201 1173 2308 1216 na-

804 1259 963 1314 turae
992 1259 1056 1315 et
1085 1259 1299 1316 actum
1332 1250 1719 1328 intellectus,
1746 1271 1889 1334 quae
1918 1252 2015 1315 vis
2046 1261 2308 1316 vocatur

806 1350 1090 1433 potentia
1145 1350 1517 1432 generandi,
1578 1350 1691 1414 sed
1748 1359 1815 1412 et
1869 1370 1985 1433 per
2041 1351 2306 1414 modum

804 1449 1043 1512 amoris
1088 1457 1431 1531 actumque
1478 1448 1847 1522 voluntatiS‚
1896 1468 2040 1532 quae
2085 1449 2305 1532 appel-

807 1546 975 1609 latur
1028 1547 1315 1630 spirandi
1375 1549 1678 1629 potentia.
1738 1547 1970 1623 Tertio,
2022 1547 2307 1631 potentia

804 1645 873 1708 in
940 1645 1177 1708 divinis
1245 1646 1482 1708 dicitur
1552 1654 1843 1728 respectu
1916 1646 2304 1709 naturalium

802 1743 1153 1818 actionum,
1198 1763 1341 1826 quae
1392 1751 1545 1806 sunt
1596 1744 1955 1825 intelligere
2007 1751 2070 1807 et
2110 1743 2300 1807 velle.

2415 780 2532 844 per
2561 763 2740 845 prius
2771 763 3007 827 dicitur
3035 764 3321 846 potentia
3347 765 3428 827 de
3459 764 3742 848 potentia
3770 781 3920 847 pro-

2414 860 2674 923 ductiva
2717 861 2796 924 ad
2850 862 3038 936 intra,
3088 880 3281 944 quam
3329 862 3410 924 de
3450 853 3742 964 potentia
3782 881 3922 924 cre-

2415 957 2585 1020 ativa
2629 975 2644 1020 :
2691 959 2860 1022 sicut
2899 959 3226 1040 generatio
3266 960 3346 1023 ad
3389 961 3556 1027 intra
3595 967 3693 1023 est
3741 960 3926 1042 prior

2417 1055 2756 1119 creatione.

2499 1152 2575 1214 Et
2621 1153 2676 1216 si
2734 1154 2932 1217 instes
2981 1163 3046 1217 et
3090 1154 3292 1228 dicas,
3343 1155 3516 1237 quod
3571 1173 3926 1218 commune

2417 1259 2482 1314 et
2517 1253 2856 1315 essentiale
2895 1261 2992 1316 est
3028 1261 3174 1316 ante
3217 1253 3552 1336 proprium
3587 1272 3664 1316 ac
3705 1271 3928 1336 perso-

2417 1351 2583 1426 nale,
2632 1370 2832 1433 quum
2880 1352 3002 1415 hoc
3060 1352 3126 1418 in
3184 1351 3511 1416 essentiali
3568 1351 3922 1432 fundetur3

2415 1469 2618 1532 quum
2665 1467 2814 1531 ergo
2869 1451 3126 1516 creandi
3173 1451 3459 1533 potentia
3513 1450 3926 1516 communior

2414 1547 2892 1630 absolutiorque
2948 1549 3255 1612 consistat
3306 1568 3502 1632 quam
3547 1550 3924 1632 generativa

2415 1646 2722 1728 potentia,
2770 1665 2972 1729 quum
3021 1647 3106 1709 sit
3151 1647 3359 1710 tribus
3407 1648 3698 1730 personis
3746 1665 3924 1712 eom-

2418 1744 2655 1817 munis,
2687 1763 2806 1813 nec
2835 1745 3210 1809 relationem
3247 1745 3418 1808 dicat
3453 1746 3714 1820 realem,
3743 1744 3924 1808 vide-

801 1842 1057 1916 Quarto,
1109 1849 1404 1924 respectu
1460 1842 1907 1924 operationum
1964 1842 2043 1904 ad
2102 1850 2300 1905 extra.
2332 1843 2379 1906 B
2415 1850 2520 1905 tur
2549 1844 2720 1925 quod
2751 1843 2926 1926 prior
2955 1843 3039 1906 sit
3068 1843 3216 1906 illa:
3248 1850 3344 1907 est
3374 1845 3920 1928 respondendum,

801 1939 879 2001 Et
936 1939 1239 2021 quaelibet
1298 1939 1420 2002 ista
1466 1941 1752 2022 potentia
1808 1947 1904 2002 est
1962 1941 2100 2022 ipsa
2159 1941 2308 2020 sim,-

801 2037 1158 2119 plicissima
1197 2038 1459 2101 Deitatis
1498 2039 1795 2112 essentia,
1829 2058 1948 2102 nec
1992 2041 2159 2102 inter
2199 2057 2307 2102 eas

802 2142 901 2196 est
962 2134 1151 2198 realis
1209 2135 1597 2210 differentia,
1650 2137 1776 2200 nisi
1825 2138 1992 2201 inter
2046 2156 2306 2219 genera-

805 2233 1007 2295 tivam
1063 2240 1130 2296 et
1186 2233 1557 2316 spirativam
1628 2243 1822 2317 prout
1884 2235 2145 2298 relative
2203 2254 2306 2298 su-

810 2339 1093 2394 muntur.
1897 2389 1903 2395 .

889 2429 966 2491 Et
1002 2428 1297 2511 quamvis
1336 2447 1571 2492 nomen
1610 2431 1909 2513 potentiae
1946 2432 2194 2494 dicatur
2229 2432 2308 2494 de

806 2527 1111 2610 potentiis
1153 2528 1294 2591 istis
1338 2527 1633 2602 univoce,
1682 2537 1873 2612 prout
1912 2536 2063 2592 sunt
2105 2549 2307 2592 unum

804 2625 872 2688 in
932 2644 1024 2698 re,
1078 2631 1358 2688 attamen
1406 2626 1735 2708 analogice
1780 2626 2017 2692 dicitur
2064 2628 2143 2690 de
2191 2629 2309 2690 eis-

802 2724 951 2786 dem
999 2723 1418 2786 consideratis
1463 2726 1820 2787 secundum
1868 2725 2145 2788 rationes
2187 2726 2310 2788 dis·

803 2821 1053 2884 tinctas.
1117 2820 1220 2884 Sic
1292 2820 1533 2884 etenim
1596 2823 1807 2905 prima
1872 2823 2110 2886 dicitur
2174 2823 2304 2898 illa,

802 2937 947 3001 quae
996 2926 1095 2982 est
1140 2918 1337 2982 robur
1385 2928 1627 2984 naturae
1672 2921 1907 2984 divinae
1965 2921 2042 2983 ad
2101 2922 2306 2984 consi-

2417 1942 2587 2023 quod
2645 1942 2712 2004 in
2762 1942 2998 2006 divinis
3056 1959 3399 2006 commune
3457 1950 3522 2007 et
3577 1942 3925 2006 essentiale

2417 2058 2532 2102 seu
2570 2038 2957 2114 absolutum,
2989 2047 3088 2103 est
3125 2047 3274 2104 ante
3315 2041 3648 2123 proprium
3680 2049 3745 2104 et
3773 2059 3923 2124 per-

2417 2137 2634 2202 sonale
2671 2156 2784 2200 seu
2825 2137 3186 2214 relativum,
3217 2139 3571 2202 secundum
3603 2139 3924 2202 rationem

2416 2235 2840 2317 intelligendi,
2890 2237 3146 2320 quando
3203 2255 3546 2300 commune
3601 2237 3925 2328 accipitur

2419 2352 2534 2416 per
2575 2353 2664 2404 se,
2697 2351 2826 2398 non
2869 2336 3124 2417 quando
3159 2335 3474 2418 accipitur
3511 2355 3660 2398 cum
3703 2353 3926 2418 respe-

2418 2439 2524 2493 ctu
2562 2431 2642 2494 ad
2681 2439 3024 2507 creaturas,
3057 2431 3190 2496 imo
3227 2439 3382 2495 tunc
3419 2432 3664 2497 ratione
3703 2451 3924 2515 respe-

2418 2537 2558 2592 ctus
2585 2529 2874 2612 adjuncti
2912 2537 3010 2593 est
3047 2530 3364 2613 posterius
3393 2529 3672 2614 propriis
3703 2548 3926 2613 perso-

2417 2647 2665 2691 narum.
2691 2629 3134 2702 -Postrem0,
3172 2629 3342 2692 sicut
3369 2628 3433 2691 in
3465 2629 3600 2693 sole
3631 2628 3926 2710 potentia

2417 2725 2674 2789 lucendi
2725 2727 2791 2788 in
2841 2744 2909 2788 se
2955 2725 3490 2808 illuminandique
3536 2727 3681 2802 alia,
3725 2727 3925 2790 resol-

2415 2824 2608 2886 vendi
2648 2842 2721 2886 ac
2766 2824 3267 2906 constringendi,
3299 2843 3377 2887 ex
3408 2832 3586 2907 parte
3627 2823 3778 2888 solis
3817 2833 3924 2887 est

2417 2923 2666 2995 eadem,
2699 2929 2764 2984 et
2796 2941 2874 2985 ex
2915 2930 3094 3004 parte
3130 2931 3390 2985 actuum
3428 2922 3738 2986 differens
3770 2941 3924 2985 ana-

804 3018 1102 3080 stendum
1147 3018 1531 3082 aeternaliter
1573 3019 1639 3081 in
1687 3037 1755 3082 se
1798 3036 1813 3079 :
1846 3020 2151 3101 quoniam
2198 3019 2308 3081 illa
2337 3021 2380 3085 C
2421 3021 2782 3103 logiamque
2809 3020 3092 3100 habens3
3125 3021 3214 3083 ita
3241 3021 3320 3084 de
3351 3021 3634 3103 potentia
3660 3021 3922 3084 creandi

806 3116 1089 3198 potentia
1119 3123 1218 3178 est
1253 3116 1393 3198 ipsa
1435 3124 1679 3191 natura,
1710 3136 1747 3178 a
1788 3136 1911 3199 qua
1952 3118 2308 3181 secundum

806 3214 1121 3276 rationem
1179 3214 1578 3296 intelligendi
1626 3215 1767 3278 aliae
1816 3214 2032 3277 fluunt
2090 3223 2313 3297 poten-

808 3313 932 3376 tiae.
984 3313 1321 3396 Quumque
1370 3313 1691 3376 naturales
1740 3314 2040 3395 potentiae
2086 3313 2312 3378 imme-

807 3411 1043 3473 diatius
1084 3412 1312 3476 ceteris
1356 3410 1567 3474 fluant
1603 3411 1685 3474 ab
1726 3411 2002 3474 essentia
2046 3431 2159 3475 seu
2202 3432 2314 3475 na·-

808 3514 973 3583 tura‚
1005 3509 1547 3592 quemadmodum
1579 3510 1719 3592 ipsa
1748 3518 1975 3572 natura
2011 3529 2151 3573 esse
2183 3528 2309 3573 non

807 3607 977 3670 valet
1024 3607 1163 3670 sine
1213 3607 1487 3670 naturali
1537 3609 1949 3690 operatione3
2001 3607 2143 3671 ideo
2201 3608 2312 3671 illa

808 3712 905 3767 est
953 3705 1233 3767 secunda
1281 3705 1565 3786 potentia
1610 3713 1675 3768 et
1721 3706 1898 3788 prior
1954 3706 2310 3768 secundum

806 3802 1101 3866 ordinem
1144 3802 1543 3884 intelligendi
1584 3822 1777 3885 quam
1818 3805 2101 3886 potentia
2140 3822 2311 3868 com-

811 3900 1263 3964 municationis
1292 3900 1372 3963 ad
1403 3901 1590 3976 intra,
1624 3889 1792 3965 sicut
1831 3903 2008 3984 prior
2044 3909 2139 3964 est
2172 3922 2311 3985 per-

808 3999 1002 4062 fectio
1038 4000 1132 4062 rei
1173 4000 1239 4062 in
1280 4019 1349 4062 se
1388 4018 1583 4082 quam
1628 4001 1694 4062 in
1740 4009 2035 4083 respectu
2078 4001 2159 4064 ad
2201 4001 2313 4062 ali-

808 4117 932 4162 am.
985 4098 1193 4160 Tertia
1248 4104 1453 4161 exstat
1519 4099 1799 4181 potentia
1864 4119 2007 4182 quae
2075 4100 2312 4162 virtute

2419 3127 2483 3182 et
2523 3119 2869 3201 generandi
2911 3119 3303 3182 censendum
3345 3127 3462 3183 est.

2723 3326 3245 3392 PROPOSITIO
3291 3329 3606 3394 XXXVI.

2500 3513 2596 3582 In
2663 3511 3453 3592 incomprehensibili
3521 3513 3916 3580 Trinitate

2420 3624 2579 3676 una
2618 3623 2954 3690 persona
3000 3624 3158 3676 non
3204 3611 3330 3676 est
3369 3610 3533 3676 alia
3577 3613 3813 3693 prior.

2499 3707 2674 3781 Quod
2705 3715 2824 3781 est,
2847 3707 3151 3790 quoniam
3178 3715 3308 3771 tres
3337 3708 3916 3791 superbeatissimae

2421 3823 2708 3888 personae
2765 3813 2916 3868 sunt
2971 3814 3298 3870 coaeternae
3348 3825 3363 3868 :
3414 3805 3544 3871 imo
3595 3807 3661 3871 in
3707 3807 3915 3871 trihus

2421 3903 2708 3987 personis
2755 3911 2853 3966 est
2895 3922 3164 3968 numero
3211 3923 3341 3968 una
3383 3906 3722 3982 aeternitaS,
3765 3913 3913 3970 ante

2421 4022 2612 4086 quam
2665 4002 2922 4085 penitus
2968 4002 3144 4065 nulla
3190 4022 3293 4067 res
3341 4010 3455 4067 est.
3504 4005 3788 4087 Denique
3846 4005 3913 4068 in

2421 4101 2580 4183 ipsis
2619 4109 2716 4164 est
2760 4120 2886 4163 una
2929 4101 3204 4164 essentia
3245 4108 3312 4164 et
3353 4109 3600 4177 natura,
3632 4111 3696 4167 et
3735 4104 3918 4186 quid-

810 4203 1052 4259 naturae
1091 4202 1188 4258 est
1226 4195 1292 4258 in
1335 4214 1605 4278 persona
1647 4198 1725 4259 ad
1768 4205 1982 4259 actum
2027 4215 2314 4261 commu·
2344 4200 2393 4262 D
2422 4199 2577 4281 quid
2621 4199 2858 4262 dicitur
2899 4198 3188 4262 absolute
3221 4217 3236 4262 ε
3269 4200 3414 4264 ideo
3455 4220 3666 4284 neque
3706 4220 3918 4266 essen-

810 4293 1151 4357 nicationis
1198 4294 1489 4375 ejusdem
1536 4302 1818 4374 naturae3
1863 4303 2087 4378 estque
2131 4304 2311 4358 natu-

810 4392 928 4454 rali
962 4391 1186 4454 ordine
1226 4392 1401 4475 prior
1444 4412 1636 4474 quam
1694 4394 1951 4456 creandi
2004 4395 2310 4476 potentia,

810 4490 964 4572 quia
1032 4490 1467 4553 immediatius
1536 4498 1827 4552 naturam
1899 4494 2315 4574 consequitur

808 4587 1431 4653 communicabilitas
1471 4589 1572 4652 sui
1612 4590 1965 4652 secundum
1996 4609 2086 4664 se,
2118 4610 2310 4673 quam

808 4687 875 4750 in
916 4686 1401 4769 participatione
1441 4705 1557 4769 per
1593 4686 1848 4749 similia.
1883 4687 2168 4752 Potentia
2203 4708 2311 4751 au-

804 4795 939 4849 tem
986 4785 1052 4847 in
1093 4784 1332 4848 divinis
1375 4785 1703 4866 analogice
1746 4785 2003 4861 dicitur,
2048 4805 2311 4870 praeser-

807 4885 923 4946 tim
963 4891 1259 4966 respectu
1297 4884 1598 4966 potentiae
1632 4883 1958 4947 actionum
1998 4885 2077 4948 ad
2120 4886 2308 4959 intra,

806 4991 874 5045 et
929 4982 1375 5065 operationum
1434 4983 1516 5044 ad
1574 4989 1773 5046 extra.
1808 4983 2069 5058 Verum,
2120 4991 2315 5066 prout

808 5080 1174 5143 radicantur
1232 5081 1297 5142 in
1359 5101 1484 5144 una
1544 5080 1807 5144 Deitatis
1866 5083 2164 5156 essentia,
2219 5081 2311 5144 sic

810 5186 960 5240 sunt
1000 5178 1285 5260 potentia
1325 5195 1595 5241 numero
1640 5199 1766 5242 una
1804 5187 1993 5262 atque
2038 5179 2313 5243 univoce

813 5277 1023 5356 dicta3
1070 5276 1182 5341 sed
1234 5295 1351 5360 per
1398 5278 1939 5360 comparationem
1996 5281 2075 5345 ad
2132 5289 2313 5344 actus

2420 4297 2531 4372 tia,
2591 4315 2710 4361 nec
2770 4304 3013 4369 natura,
3075 4315 3194 4360 nec
3251 4298 3583 4379 maJestate
3641 4319 3767 4362 una
3816 4308 3916 4364 est

2421 4395 2544 4458 alia
2594 4395 2808 4477 prior;
2860 4395 3162 4458 similiter
3214 4414 3335 4460 nec
3390 4397 3747 4472 duratione,
3796 4417 3916 4462 nec

2419 4501 2733 4575 tempore,
2767 4511 2886 4555 nec
2931 4493 3092 4568 loco,
3137 4512 3258 4556 nec
3300 4495 3450 4569 situ,
3495 4513 3614 4558 nec
3655 4495 3919 4558 causali-

2421 4597 2566 4654 tate.
2601 4591 2859 4666 lterum,
2889 4609 3176 4674 personae
3202 4593 3282 4654 ad
3313 4593 3590 4656 invicem
3619 4593 3920 4658 dicuntur

2420 4690 2704 4754 relative.
2761 4689 3046 4753 Relativa
3097 4697 3314 4754 autem
3365 4699 3516 4754 sunt
3563 4691 3758 4755 simul
3812 4712 3920 4757 na·

2418 4798 2564 4851 tura
2595 4805 2610 4850 ε
2649 4787 2779 4851 imo
2809 4788 3038 4870 posita,
3071 4807 3139 4851 se
3168 4795 3437 4870 ponunt,
3467 4797 3532 4852 et
3561 4800 3914 4873 perempta,

2393 4885 2490 4948 ‘se
2530 4885 2878 4968 perimunt.
2921 4886 3050 4951 Nec
3091 4905 3292 4950 unum
3335 4904 3557 4950 eorum
3602 4895 3700 4951 est
3739 4889 3918 4971 prius

2420 4983 2546 5047 alio
2577 4984 2930 5058 intellectu,
2963 5003 3166 5066 quum
3207 5003 3410 5047 unum
3447 4985 3532 5048 sit
3567 4986 3646 5048 de
3675 4987 3917 5050 ratione

2418 5088 2486 5145 et
2514 5082 2841 5145 intellectu
2871 5081 3478 5146 alterius.—Nihilo
3508 5083 3720 5147 minus
3740 5085 3920 5149 Pater

2421 5188 2518 5244 est
2561 5181 2954 5264 principium
3000 5180 3165 5255 Filii,
3199 5181 3378 5244 Pater
3419 5199 3674 5265 quoque
3701 5191 3781 5246 .et
3821 5184 3922 5247 Fi-

2423 5280 2547 5344 lius
2577 5288 2729 5342 sunt
2756 5279 3148 5362 principium
3179 5279 3923 5365 Spiritussanctizprin-
