<?xml version="1.0" encoding="UTF-8"?>
<!DOCTYPE html PUBLIC "-//W3C//DTD XHTML 1.0 Transitional//EN"
    "http://www.w3.org/TR/xhtml1/DTD/xhtml1-transitional.dtd">
<html xmlns="http://www.w3.org/1999/xhtml" xml:lang="en" lang="en">
 <head>
  <title>
</title>
<meta http-equiv="Content-Type" content="text/html;charset=utf-8" />
  <meta name='ocr-system' content='tesseract 3.04.00' />
  <meta name='ocr-capabilities' content='ocr_page ocr_carea ocr_par ocr_line ocrx_word'/>
</head>
<body>
  <div class='ocr_page' id='page_1' title='image "./doctorisecstati05unkngoog_0419.png"; bbox 0 0 4300 6259; ppageno 0'>
   <div class='ocr_carea' id='block_1_1' title="bbox 30 1862 291 1911">
    <p class='ocr_par' dir='ltr' id='par_1_1' title="bbox 30 1862 291 1911">
     <span class='ocr_line' id='line_1_1' title="bbox 30 1862 291 1911; baseline -0.004 -6"><span class='ocrx_word' id='word_1_1' title='bbox 30 1864 92 1906; x_wconf 82' lang='lat' dir='ltr'><strong>h‘b.</strong></span> <span class='ocrx_word' id='word_1_2' title='bbox 105 1862 155 1911; x_wconf 80' lang='grc' dir='ltr'><strong>ΙΙ,</strong></span> <span class='ocrx_word' id='word_1_3' title='bbox 164 1864 291 1906; x_wconf 59' lang='lat' dir='ltr'><strong>arta.</strong></span> 
     </span>
    </p>
   </div>
   <div class='ocr_carea' id='block_1_2' title="bbox 964 484 2792 544">
    <p class='ocr_par' dir='ltr' id='par_1_2' title="bbox 964 484 2792 544">
     <span class='ocr_line' id='line_1_2' title="bbox 964 484 2792 544; baseline 0 -11"><span class='ocrx_word' id='word_1_4' title='bbox 964 487 1045 533; x_wconf 72' lang='lat' dir='ltr'><strong>DE</strong></span> <span class='ocrx_word' id='word_1_5' title='bbox 1084 485 1313 535; x_wconf 62' lang='lat' dir='ltr'><strong>mmm·</strong></span> <span class='ocrx_word' id='word_1_6' title='bbox 1351 486 1735 535; x_wconf 64' lang='lat' dir='ltr'><strong>CHRISMNAE</strong></span> <span class='ocrx_word' id='word_1_7' title='bbox 1772 484 2075 544; x_wconf 68' lang='lat' dir='ltr'><strong>mount,</strong></span> <span class='ocrx_word' id='word_1_8' title='bbox 2118 487 2295 535; x_wconf 72' lang='lat' dir='ltr'><strong>unm</strong></span> <span class='ocrx_word' id='word_1_9' title='bbox 2335 488 2398 533; x_wconf 81' lang='lat'><strong>11.</strong></span> <span class='ocrx_word' id='word_1_10' title='bbox 2448 507 2524 519; x_wconf 89' lang='lat'><strong>—-</strong></span> <span class='ocrx_word' id='word_1_11' title='bbox 2565 488 2704 535; x_wconf 69' lang='lat' dir='ltr'><strong>Am.</strong></span> <span class='ocrx_word' id='word_1_12' title='bbox 2750 488 2792 533; x_wconf 80' lang='lat' dir='ltr'>X</span> 
     </span>
    </p>
   </div>
   <div class='ocr_carea' id='block_1_3' title="bbox 3314 467 3436 533">
    <p class='ocr_par' dir='ltr' id='par_1_3' title="bbox 3314 467 3436 533">
     <span class='ocr_line' id='line_1_3' title="bbox 3314 467 3436 533; baseline 0.016 -1"><span class='ocrx_word' id='word_1_13' title='bbox 3314 467 3436 533; x_wconf 78' lang='lat'><strong>399</strong></span> 
     </span>
    </p>
   </div>
   <div class='ocr_carea' id='block_1_4' title="bbox 312 652 3433 739">
    <p class='ocr_par' dir='ltr' id='par_1_4' title="bbox 312 652 3433 739">
     <span class='ocr_line' id='line_1_4' title="bbox 312 652 3433 739; baseline 0.001 -24"><span class='ocrx_word' id='word_1_14' title='bbox 312 654 613 717; x_wconf 85' lang='lat' dir='ltr'><strong>extendit</strong></span> <span class='ocrx_word' id='word_1_15' title='bbox 654 673 725 717; x_wconf 85' lang='lat' dir='ltr'><strong>se</strong></span> <span class='ocrx_word' id='word_1_16' title='bbox 765 674 867 719; x_wconf 87' lang='lat' dir='ltr'><strong>ars</strong></span> <span class='ocrx_word' id='word_1_17' title='bbox 912 653 1180 735; x_wconf 85' lang='lat' dir='ltr'><strong>magica,</strong></span> <span class='ocrx_word' id='word_1_18' title='bbox 1211 659 1322 717; x_wconf 87' lang='lat' dir='ltr'><strong>aut</strong></span> <span class='ocrx_word' id='word_1_19' title='bbox 1360 652 1829 735; x_wconf 88' lang='lat' dir='ltr'><strong>cujuscumque</strong></span> <span class='ocrx_word' id='word_1_20' title='bbox 1856 654 1911 721; x_wconf 75' lang='lat' dir='ltr'>A</span> <span class='ocrx_word' id='word_1_21' title='bbox 1938 653 2206 719; x_wconf 88' lang='lat' dir='ltr'><strong>virtutes</strong></span> <span class='ocrx_word' id='word_1_22' title='bbox 2235 656 2488 739; x_wconf 80' lang='lat' dir='ltr'>assequi</span> <span class='ocrx_word' id='word_1_23' title='bbox 2527 674 2656 721; x_wconf 90' lang='lat' dir='ltr'><strong>non</strong></span> <span class='ocrx_word' id='word_1_24' title='bbox 2694 655 3045 719; x_wconf 79' lang='lat' dir='ltr'><strong>studemus.</strong></span> <span class='ocrx_word' id='word_1_25' title='bbox 3077 654 3214 718; x_wconf 90' lang='lat' dir='ltr'><strong>Non</strong></span> <span class='ocrx_word' id='word_1_26' title='bbox 3259 653 3433 717; x_wconf 88' lang='lat' dir='ltr'><strong>enim</strong></span> 
     </span>
    </p>
   </div>
   <div class='ocr_carea' id='block_1_5' title="bbox 312 751 1835 1816">
    <p class='ocr_par' dir='ltr' id='par_1_5' title="bbox 312 751 1835 1816">
     <span class='ocr_line' id='line_1_5' title="bbox 312 751 1833 825; baseline -0.001 -11"><span class='ocrx_word' id='word_1_27' title='bbox 312 753 520 815; x_wconf 88' lang='lat' dir='ltr'><strong>creati</strong></span> <span class='ocrx_word' id='word_1_28' title='bbox 552 752 917 817; x_wconf 87' lang='lat' dir='ltr'><strong>intellectus</strong></span> <span class='ocrx_word' id='word_1_29' title='bbox 948 751 1221 815; x_wconf 85' lang='lat' dir='ltr'><strong>causalis</strong></span> <span class='ocrx_word' id='word_1_30' title='bbox 1251 751 1587 825; x_wconf 87' lang='lat' dir='ltr'><strong>industria,</strong></span> <span class='ocrx_word' id='word_1_31' title='bbox 1602 759 1673 813; x_wconf 91' lang='lat' dir='ltr'><strong>ut</strong></span> <span class='ocrx_word' id='word_1_32' title='bbox 1700 769 1833 814; x_wconf 89' lang='lat' dir='ltr'><strong>om-</strong></span> 
     </span>
     <span class='ocr_line' id='line_1_6' title="bbox 315 848 1831 933; baseline -0.001 -23"><span class='ocrx_word' id='word_1_33' title='bbox 315 849 433 911; x_wconf 89' lang='lat' dir='ltr'><strong>nia</strong></span> <span class='ocrx_word' id='word_1_34' title='bbox 471 848 585 912; x_wconf 90' lang='lat' dir='ltr'><strong>illa</strong></span> <span class='ocrx_word' id='word_1_35' title='bbox 626 848 820 913; x_wconf 84' lang='lat' dir='ltr'><strong>faciat</strong></span> <span class='ocrx_word' id='word_1_36' title='bbox 865 866 1275 933; x_wconf 90' lang='lat' dir='ltr'><strong>quocumque</strong></span> <span class='ocrx_word' id='word_1_37' title='bbox 1323 850 1533 923; x_wconf 85' lang='lat' dir='ltr'><strong>mode,</strong></span> <span class='ocrx_word' id='word_1_38' title='bbox 1582 868 1725 931; x_wconf 85' lang='lat' dir='ltr'><strong>quae</strong></span> <span class='ocrx_word' id='word_1_39' title='bbox 1764 848 1831 909; x_wconf 89' lang='lat' dir='ltr'><strong>in</strong></span> 
     </span>
     <span class='ocr_line' id='line_1_7' title="bbox 314 946 1831 1029; baseline 0.001 -22"><span class='ocrx_word' id='word_1_40' title='bbox 314 946 681 1010; x_wconf 86' lang='lat' dir='ltr'><strong>christiana</strong></span> <span class='ocrx_word' id='word_1_41' title='bbox 715 948 853 1029; x_wconf 88' lang='lat' dir='ltr'><strong>lege</strong></span> <span class='ocrx_word' id='word_1_42' title='bbox 892 946 995 1010; x_wconf 89' lang='lat' dir='ltr'><strong>vel</strong></span> <span class='ocrx_word' id='word_1_43' title='bbox 1034 948 1228 1010; x_wconf 89' lang='lat' dir='ltr'><strong>etiam</strong></span> <span class='ocrx_word' id='word_1_44' title='bbox 1266 947 1467 1011; x_wconf 88' lang='lat' dir='ltr'><strong>veteri</strong></span> <span class='ocrx_word' id='word_1_45' title='bbox 1506 946 1673 1009; x_wconf 88' lang='lat' dir='ltr'><strong>facta</strong></span> <span class='ocrx_word' id='word_1_46' title='bbox 1710 953 1831 1009; x_wconf 83' lang='lat' dir='ltr'><strong>tra-</strong></span> 
     </span>
     <span class='ocr_line' id='line_1_8' title="bbox 317 1043 1835 1127; baseline 0 -22"><span class='ocrx_word' id='word_1_47' title='bbox 317 1044 599 1108; x_wconf 87' lang='lat' dir='ltr'><strong>duntur:</strong></span> <span class='ocrx_word' id='word_1_48' title='bbox 616 1053 687 1107; x_wconf 89' lang='lat' dir='ltr'><strong>ut</strong></span> <span class='ocrx_word' id='word_1_49' title='bbox 712 1052 883 1119; x_wconf 92' lang='lat' dir='ltr'><strong>sunt,</strong></span> <span class='ocrx_word' id='word_1_50' title='bbox 906 1044 1059 1108; x_wconf 89' lang='lat' dir='ltr'><strong>solis</strong></span> <span class='ocrx_word' id='word_1_51' title='bbox 1088 1044 1543 1126; x_wconf 78' lang='lat' dir='ltr'><strong>retrogradatio</strong></span> <span class='ocrx_word' id='word_1_52' title='bbox 1562 1064 1676 1107; x_wconf 91' lang='lat' dir='ltr'><strong>seu</strong></span> <span class='ocrx_word' id='word_1_53' title='bbox 1696 1043 1835 1127; x_wconf 89' lang='lat' dir='ltr'><strong>qui·</strong></span> 
     </span>
     <span class='ocr_line' id='line_1_9' title="bbox 314 1143 1833 1227; baseline 0.001 -22"><span class='ocrx_word' id='word_1_54' title='bbox 314 1161 413 1217; x_wconf 79' lang='lat' dir='ltr'><strong>eS,</strong></span> <span class='ocrx_word' id='word_1_55' title='bbox 461 1143 795 1207; x_wconf 82' lang='lat' dir='ltr'><strong>suscitatio</strong></span> <span class='ocrx_word' id='word_1_56' title='bbox 834 1150 1258 1217; x_wconf 86' lang='lat' dir='ltr'><strong>mortuorum,</strong></span> <span class='ocrx_word' id='word_1_57' title='bbox 1290 1151 1356 1205; x_wconf 92' lang='lat' dir='ltr'><strong>et</strong></span> <span class='ocrx_word' id='word_1_58' title='bbox 1388 1144 1517 1206; x_wconf 87' lang='lat' dir='ltr'><strong>alia</strong></span> <span class='ocrx_word' id='word_1_59' title='bbox 1554 1143 1833 1227; x_wconf 86' lang='lat' dir='ltr'><strong>plurima</strong></span> 
     </span>
     <span class='ocr_line' id='line_1_10' title="bbox 315 1241 1831 1324; baseline 0 -21"><span class='ocrx_word' id='word_1_60' title='bbox 315 1260 471 1322; x_wconf 82' lang='lat' dir='ltr'><strong>quae</strong></span> <span class='ocrx_word' id='word_1_61' title='bbox 498 1241 713 1305; x_wconf 82' lang='lat' dir='ltr'><strong>facere</strong></span> <span class='ocrx_word' id='word_1_62' title='bbox 742 1259 872 1305; x_wconf 91' lang='lat' dir='ltr'><strong>non</strong></span> <span class='ocrx_word' id='word_1_63' title='bbox 916 1249 1262 1323; x_wconf 89' lang='lat' dir='ltr'><strong>potuerunt</strong></span> <span class='ocrx_word' id='word_1_64' title='bbox 1291 1243 1459 1324; x_wconf 87' lang='lat' dir='ltr'><strong>magi</strong></span> <span class='ocrx_word' id='word_1_65' title='bbox 1490 1241 1831 1305; x_wconf 78' lang='lat' dir='ltr'><strong>Pharaonis</strong></span> 
     </span>
     <span class='ocr_line' id='line_1_11' title="bbox 314 1339 1831 1424; baseline 0.003 -23"><span class='ocrx_word' id='word_1_66' title='bbox 314 1339 498 1401; x_wconf 88' lang='lat' dir='ltr'><strong>sicut</strong></span> <span class='ocrx_word' id='word_1_67' title='bbox 524 1340 788 1423; x_wconf 77' lang='lat' dir='ltr'><strong>Moyses.</strong></span> <span class='ocrx_word' id='word_1_68' title='bbox 822 1340 982 1404; x_wconf 88' lang='lat' dir='ltr'><strong>Nam</strong></span> <span class='ocrx_word' id='word_1_69' title='bbox 1028 1340 1581 1424; x_wconf 77' lang='lat' dir='ltr'><strong>qualitercumque</strong></span> <span class='ocrx_word' id='word_1_70' title='bbox 1624 1358 1831 1405; x_wconf 86' lang='lat' dir='ltr'><strong>causae</strong></span> 
     </span>
     <span class='ocr_line' id='line_1_12' title="bbox 316 1438 1832 1523; baseline 0.001 -24"><span class='ocrx_word' id='word_1_71' title='bbox 316 1438 655 1501; x_wconf 80' lang='lat' dir='ltr'><strong>naturales</strong></span> <span class='ocrx_word' id='word_1_72' title='bbox 694 1438 1119 1523; x_wconf 80' lang='lat' dir='ltr'><strong>applicentur,</strong></span> <span class='ocrx_word' id='word_1_73' title='bbox 1158 1456 1289 1502; x_wconf 93' lang='lat' dir='ltr'><strong>non</strong></span> <span class='ocrx_word' id='word_1_74' title='bbox 1336 1448 1432 1503; x_wconf 87' lang='lat' dir='ltr'><strong>est</strong></span> <span class='ocrx_word' id='word_1_75' title='bbox 1480 1440 1549 1502; x_wconf 91' lang='lat' dir='ltr'><strong>in</strong></span> <span class='ocrx_word' id='word_1_76' title='bbox 1595 1438 1832 1503; x_wconf 87' lang='lat' dir='ltr'><strong>virtute</strong></span> 
     </span>
     <span class='ocr_line' id='line_1_13' title="bbox 318 1536 1833 1620; baseline 0.003 -23"><span class='ocrx_word' id='word_1_77' title='bbox 318 1554 555 1599; x_wconf 86' lang='lat' dir='ltr'><strong>earum</strong></span> <span class='ocrx_word' id='word_1_78' title='bbox 584 1544 659 1600; x_wconf 93' lang='lat' dir='ltr'><strong>ut</strong></span> <span class='ocrx_word' id='word_1_79' title='bbox 686 1556 801 1620; x_wconf 89' lang='lat' dir='ltr'><strong>per</strong></span> <span class='ocrx_word' id='word_1_80' title='bbox 828 1554 933 1601; x_wconf 88' lang='lat' dir='ltr'><strong>eas</strong></span> <span class='ocrx_word' id='word_1_81' title='bbox 963 1536 1117 1599; x_wconf 87' lang='lat' dir='ltr'><strong>talia</strong></span> <span class='ocrx_word' id='word_1_82' title='bbox 1142 1546 1333 1619; x_wconf 84' lang='lat' dir='ltr'><strong>agant</strong></span> <span class='ocrx_word' id='word_1_83' title='bbox 1370 1556 1577 1601; x_wconf 84' lang='lat' dir='ltr'><strong>causae</strong></span> <span class='ocrx_word' id='word_1_84' title='bbox 1608 1544 1833 1601; x_wconf 82' lang='lat' dir='ltr'><strong>creatae</strong></span> 
     </span>
     <span class='ocr_line' id='line_1_14' title="bbox 320 1635 1833 1718; baseline 0.002 -22"><span class='ocrx_word' id='word_1_85' title='bbox 320 1643 543 1697; x_wconf 84' lang='lat' dir='ltr'><strong>creata</strong></span> <span class='ocrx_word' id='word_1_86' title='bbox 586 1636 841 1699; x_wconf 85' lang='lat' dir='ltr'><strong>virtute.</strong></span> <span class='ocrx_word' id='word_1_87' title='bbox 876 1635 941 1699; x_wconf 91' lang='lat' dir='ltr'><strong>Si</strong></span> <span class='ocrx_word' id='word_1_88' title='bbox 970 1642 1185 1699; x_wconf 90' lang='lat' dir='ltr'><strong>autem</strong></span> <span class='ocrx_word' id='word_1_89' title='bbox 1217 1636 1365 1718; x_wconf 89' lang='lat' dir='ltr'><strong>quis</strong></span> <span class='ocrx_word' id='word_1_90' title='bbox 1394 1644 1582 1717; x_wconf 88' lang='lat' dir='ltr'><strong>neget</strong></span> <span class='ocrx_word' id='word_1_91' title='bbox 1610 1635 1833 1717; x_wconf 89' lang='lat' dir='ltr'><strong>hujus-</strong></span> 
     </span>
     <span class='ocr_line' id='line_1_15' title="bbox 320 1733 1833 1816; baseline 0.001 -21"><span class='ocrx_word' id='word_1_92' title='bbox 320 1734 588 1797; x_wconf 90' lang='lat' dir='ltr'><strong>cemodi</strong></span> <span class='ocrx_word' id='word_1_93' title='bbox 628 1733 951 1797; x_wconf 87' lang='lat' dir='ltr'><strong>mirabilia</strong></span> <span class='ocrx_word' id='word_1_94' title='bbox 991 1734 1156 1797; x_wconf 83' lang='lat' dir='ltr'><strong>facta</strong></span> <span class='ocrx_word' id='word_1_95' title='bbox 1184 1734 1249 1795; x_wconf 92' lang='lat' dir='ltr'><strong>in</strong></span> <span class='ocrx_word' id='word_1_96' title='bbox 1283 1734 1629 1797; x_wconf 90' lang='lat' dir='ltr'><strong>christiana</strong></span> <span class='ocrx_word' id='word_1_97' title='bbox 1661 1734 1833 1816; x_wconf 83' lang='lat' dir='ltr'><strong>lege3</strong></span> 
     </span>
    </p>
   </div>
   <div class='ocr_carea' id='block_1_6' title="bbox 1939 752 3442 1821">
    <p class='ocr_par' dir='ltr' id='par_1_6' title="bbox 1939 752 3442 1821">
     <span class='ocr_line' id='line_1_16' title="bbox 1939 752 3436 836; baseline -0.001 -22"><span class='ocrx_word' id='word_1_98' title='bbox 1939 752 2005 815; x_wconf 91' lang='lat' dir='ltr'><strong>in</strong></span> <span class='ocrx_word' id='word_1_99' title='bbox 2045 754 2306 818; x_wconf 81' lang='lat' dir='ltr'><strong>exordio</strong></span> <span class='ocrx_word' id='word_1_100' title='bbox 2348 762 2577 819; x_wconf 62' lang='lat' dir='ltr'><strong>nostrai</strong></span> <span class='ocrx_word' id='word_1_101' title='bbox 2619 754 2946 836; x_wconf 80' lang='lat' dir='ltr'><strong>religionis</strong></span> <span class='ocrx_word' id='word_1_102' title='bbox 2984 755 3312 817; x_wconf 83' lang='lat' dir='ltr'><strong>dumtaxat</strong></span> <span class='ocrx_word' id='word_1_103' title='bbox 3349 752 3436 814; x_wconf 89' lang='lat' dir='ltr'><strong>fa-</strong></span> 
     </span>
     <span class='ocr_line' id='line_1_17' title="bbox 1939 850 3438 935; baseline -0.001 -20"><span class='ocrx_word' id='word_1_104' title='bbox 1939 858 2039 915; x_wconf 88' lang='lat' dir='ltr'><strong>cta</strong></span> <span class='ocrx_word' id='word_1_105' title='bbox 2068 860 2219 915; x_wconf 89' lang='lat' dir='ltr'><strong>sunt</strong></span> <span class='ocrx_word' id='word_1_106' title='bbox 2249 853 2579 928; x_wconf 86' lang='lat' dir='ltr'><strong>miracula,</strong></span> <span class='ocrx_word' id='word_1_107' title='bbox 2603 854 2714 918; x_wconf 91' lang='lat' dir='ltr'><strong>sed</strong></span> <span class='ocrx_word' id='word_1_108' title='bbox 2741 852 3113 935; x_wconf 89' lang='lat' dir='ltr'><strong>frequenter</strong></span> <span class='ocrx_word' id='word_1_109' title='bbox 3143 850 3438 915; x_wconf 88' lang='lat' dir='ltr'><strong>reiterata</strong></span> 
     </span>
     <span class='ocr_line' id='line_1_18' title="bbox 1940 949 3438 1033; baseline -0.001 -22"><span class='ocrx_word' id='word_1_110' title='bbox 1940 957 2109 1023; x_wconf 91' lang='lat' dir='ltr'><strong>sunt,</strong></span> <span class='ocrx_word' id='word_1_111' title='bbox 2159 958 2314 1013; x_wconf 92' lang='lat' dir='ltr'><strong>tunc</strong></span> <span class='ocrx_word' id='word_1_112' title='bbox 2356 951 2686 1033; x_wconf 84' lang='lat' dir='ltr'><strong>potissime</strong></span> <span class='ocrx_word' id='word_1_113' title='bbox 2733 951 2886 1013; x_wconf 91' lang='lat' dir='ltr'><strong>dum</strong></span> <span class='ocrx_word' id='word_1_114' title='bbox 2933 949 3438 1013; x_wconf 85' lang='lat' dir='ltr'><strong>Christianorum</strong></span> 
     </span>
     <span class='ocr_line' id='line_1_19' title="bbox 1940 1046 3433 1131; baseline 0 -22"><span class='ocrx_word' id='word_1_115' title='bbox 1940 1048 2071 1109; x_wconf 88' lang='lat' dir='ltr'><strong>vita</strong></span> <span class='ocrx_word' id='word_1_116' title='bbox 2097 1047 2402 1112; x_wconf 79' lang='lat' dir='ltr'><strong>doctrinae</strong></span> <span class='ocrx_word' id='word_1_117' title='bbox 2434 1049 2668 1113; x_wconf 84' lang='lat' dir='ltr'><strong>Christi</strong></span> <span class='ocrx_word' id='word_1_118' title='bbox 2706 1048 2986 1131; x_wconf 90' lang='lat' dir='ltr'><strong>amplius</strong></span> <span class='ocrx_word' id='word_1_119' title='bbox 3025 1046 3433 1111; x_wconf 87' lang='lat' dir='ltr'><strong>consonabat.</strong></span> 
     </span>
     <span class='ocr_line' id='line_1_20' title="bbox 1940 1144 3437 1229; baseline -0.001 -21"><span class='ocrx_word' id='word_1_120' title='bbox 1940 1144 2019 1208; x_wconf 88' lang='lat' dir='ltr'><strong>At</strong></span> <span class='ocrx_word' id='word_1_121' title='bbox 2048 1164 2203 1209; x_wconf 87' lang='lat' dir='ltr'><strong>vero</strong></span> <span class='ocrx_word' id='word_1_122' title='bbox 2231 1146 2391 1228; x_wconf 88' lang='lat' dir='ltr'><strong>fingi</strong></span> <span class='ocrx_word' id='word_1_123' title='bbox 2435 1164 2562 1210; x_wconf 91' lang='lat' dir='ltr'><strong>non</strong></span> <span class='ocrx_word' id='word_1_124' title='bbox 2602 1153 2829 1229; x_wconf 89' lang='lat' dir='ltr'><strong>potest,</strong></span> <span class='ocrx_word' id='word_1_125' title='bbox 2864 1146 3032 1229; x_wconf 90' lang='lat' dir='ltr'><strong>quod</strong></span> <span class='ocrx_word' id='word_1_126' title='bbox 3071 1145 3152 1207; x_wconf 89' lang='lat' dir='ltr'><strong>ab</strong></span> <span class='ocrx_word' id='word_1_127' title='bbox 3190 1144 3437 1208; x_wconf 88' lang='lat' dir='ltr'><strong>intelle-</strong></span> 
     </span>
     <span class='ocr_line' id='line_1_21' title="bbox 1941 1244 3438 1309; baseline 0 -3"><span class='ocrx_word' id='word_1_128' title='bbox 1941 1244 2135 1307; x_wconf 88' lang='lat' dir='ltr'><strong>ctuali</strong></span> <span class='ocrx_word' id='word_1_129' title='bbox 2201 1245 2556 1309; x_wconf 86' lang='lat' dir='ltr'><strong>substantia</strong></span> <span class='ocrx_word' id='word_1_130' title='bbox 2620 1246 2972 1309; x_wconf 89' lang='lat' dir='ltr'><strong>secundum</strong></span> <span class='ocrx_word' id='word_1_131' title='bbox 3046 1244 3438 1308; x_wconf 88' lang='lat' dir='ltr'><strong>voluntatem</strong></span> 
     </span>
     <span class='ocr_line' id='line_1_22' title="bbox 1942 1342 3439 1427; baseline 0.001 -22"><span class='ocrx_word' id='word_1_132' title='bbox 1942 1360 2069 1405; x_wconf 91' lang='lat' dir='ltr'><strong>non</strong></span> <span class='ocrx_word' id='word_1_133' title='bbox 2128 1342 2294 1405; x_wconf 91' lang='lat' dir='ltr'><strong>bene</strong></span> <span class='ocrx_word' id='word_1_134' title='bbox 2351 1342 2682 1427; x_wconf 88' lang='lat' dir='ltr'><strong>disposita,</strong></span> <span class='ocrx_word' id='word_1_135' title='bbox 2734 1343 2858 1418; x_wconf 90' lang='lat' dir='ltr'><strong>vel,</strong></span> <span class='ocrx_word' id='word_1_136' title='bbox 2914 1350 2986 1405; x_wconf 92' lang='lat' dir='ltr'><strong>ut</strong></span> <span class='ocrx_word' id='word_1_137' title='bbox 3043 1342 3298 1425; x_wconf 89' lang='lat' dir='ltr'><strong>planius</strong></span> <span class='ocrx_word' id='word_1_138' title='bbox 3351 1343 3439 1407; x_wconf 89' lang='lat' dir='ltr'><strong>lo-</strong></span> 
     </span>
     <span class='ocr_line' id='line_1_23' title="bbox 1941 1443 3441 1527; baseline 0.001 -23"><span class='ocrx_word' id='word_1_139' title='bbox 1941 1462 2119 1525; x_wconf 85' lang='lat' dir='ltr'><strong>quar,</strong></span> <span class='ocrx_word' id='word_1_140' title='bbox 2181 1443 2582 1527; x_wconf 90' lang='lat' dir='ltr'><strong>impossihile</strong></span> <span class='ocrx_word' id='word_1_141' title='bbox 2628 1450 2726 1507; x_wconf 88' lang='lat' dir='ltr'><strong>est</strong></span> <span class='ocrx_word' id='word_1_142' title='bbox 2779 1444 2950 1526; x_wconf 91' lang='lat' dir='ltr'><strong>quod</strong></span> <span class='ocrx_word' id='word_1_143' title='bbox 3007 1443 3254 1525; x_wconf 87' lang='lat' dir='ltr'><strong>magica</strong></span> <span class='ocrx_word' id='word_1_144' title='bbox 3307 1450 3441 1505; x_wconf 89' lang='lat' dir='ltr'><strong>arte</strong></span> 
     </span>
     <span class='ocr_line' id='line_1_24' title="bbox 1940 1540 3440 1625; baseline -0.002 -20"><span class='ocrx_word' id='word_1_145' title='bbox 1940 1542 2133 1623; x_wconf 81' lang='lat' dir='ltr'><strong>(quoe,</strong></span> <span class='ocrx_word' id='word_1_146' title='bbox 2169 1550 2240 1603; x_wconf 88' lang='lat' dir='ltr'><strong>ut</strong></span> <span class='ocrx_word' id='word_1_147' title='bbox 2266 1560 2459 1624; x_wconf 89' lang='lat' dir='ltr'><strong>supra</strong></span> <span class='ocrx_word' id='word_1_148' title='bbox 2488 1541 2828 1625; x_wconf 85' lang='lat' dir='ltr'><strong>probatum</strong></span> <span class='ocrx_word' id='word_1_149' title='bbox 2859 1547 2976 1616; x_wconf 89' lang='lat' dir='ltr'><strong>est,</strong></span> <span class='ocrx_word' id='word_1_150' title='bbox 2998 1540 3078 1604; x_wconf 90' lang='lat' dir='ltr'><strong>ab</strong></span> <span class='ocrx_word' id='word_1_151' title='bbox 3110 1541 3440 1603; x_wconf 90' lang='lat' dir='ltr'><strong>intellectu</strong></span> 
     </span>
     <span class='ocr_line' id='line_1_25' title="bbox 1943 1640 3441 1722; baseline 0 -21"><span class='ocrx_word' id='word_1_152' title='bbox 1943 1640 2194 1715; x_wconf 89' lang='lat' dir='ltr'><strong>vitioso,</strong></span> <span class='ocrx_word' id='word_1_153' title='bbox 2235 1659 2430 1722; x_wconf 89' lang='lat' dir='ltr'><strong>quem</strong></span> <span class='ocrx_word' id='word_1_154' title='bbox 2468 1641 2824 1704; x_wconf 79' lang='lat' dir='ltr'><strong>daemonem</strong></span> <span class='ocrx_word' id='word_1_155' title='bbox 2865 1640 3292 1703; x_wconf 87' lang='lat' dir='ltr'><strong>communiter</strong></span> <span class='ocrx_word' id='word_1_156' title='bbox 3333 1657 3441 1721; x_wconf 88' lang='lat' dir='ltr'><strong>ap-</strong></span> 
     </span>
     <span class='ocr_line' id='line_1_26' title="bbox 1944 1724 3442 1821; baseline -0.001 -21"><span class='ocrx_word' id='word_1_157' title='bbox 1944 1737 2283 1819; x_wconf 77' lang='lat' dir='ltr'><strong>pellamuS,</strong></span> <span class='ocrx_word' id='word_1_158' title='bbox 2336 1738 2599 1802; x_wconf 87' lang='lat' dir='ltr'><strong>sortitur</strong></span> <span class='ocrx_word' id='word_1_159' title='bbox 2646 1738 3005 1802; x_wconf 78' lang='lat' dir='ltr'><strong>efficaciam</strong></span> <span class='ocrx_word' id='word_1_160' title='bbox 3057 1724 3122 1800; x_wconf 82' lang='lat' dir='ltr'><strong>et</strong></span> <span class='ocrx_word' id='word_1_161' title='bbox 3161 1738 3442 1821; x_wconf 88' lang='lat' dir='ltr'><strong>comple·</strong></span> 
     </span>
    </p>
   </div>
   <div class='ocr_carea' id='block_1_7' title="bbox 320 1833 3444 1919">
    <p class='ocr_par' dir='ltr' id='par_1_7' title="bbox 320 1833 3444 1919">
     <span class='ocr_line' id='line_1_27' title="bbox 320 1833 3444 1919; baseline 0.001 -26"><span class='ocrx_word' id='word_1_162' title='bbox 320 1838 559 1894; x_wconf 88' lang='lat' dir='ltr'><strong>contra</strong></span> <span class='ocrx_word' id='word_1_163' title='bbox 584 1833 757 1895; x_wconf 91' lang='lat' dir='ltr'><strong>hunc</strong></span> <span class='ocrx_word' id='word_1_164' title='bbox 787 1833 979 1915; x_wconf 87' lang='lat' dir='ltr'><strong>paulo</strong></span> <span class='ocrx_word' id='word_1_165' title='bbox 1006 1841 1151 1896; x_wconf 89' lang='lat' dir='ltr'><strong>ante</strong></span> <span class='ocrx_word' id='word_1_166' title='bbox 1180 1840 1505 1895; x_wconf 90' lang='lat' dir='ltr'><strong>ostensum</strong></span> <span class='ocrx_word' id='word_1_167' title='bbox 1534 1833 1833 1915; x_wconf 87' lang='lat' dir='ltr'><strong>est,quod</strong></span> <span class='ocrx_word' id='word_1_168' title='bbox 1864 1838 1913 1902; x_wconf 91' lang='lat' dir='ltr'>B</span> <span class='ocrx_word' id='word_1_169' title='bbox 1946 1836 2266 1915; x_wconf 89' lang='lat' dir='ltr'><strong>mentum)</strong></span> <span class='ocrx_word' id='word_1_170' title='bbox 2280 1836 2440 1899; x_wconf 86' lang='lat' dir='ltr'><strong>fiant</strong></span> <span class='ocrx_word' id='word_1_171' title='bbox 2469 1854 2544 1899; x_wconf 89' lang='lat' dir='ltr'><strong>ea</strong></span> <span class='ocrx_word' id='word_1_172' title='bbox 2571 1854 2714 1919; x_wconf 80' lang='lat' dir='ltr'><strong>quae</strong></span> <span class='ocrx_word' id='word_1_173' title='bbox 2745 1835 3056 1899; x_wconf 83' lang='lat' dir='ltr'><strong>voluntati</strong></span> <span class='ocrx_word' id='word_1_174' title='bbox 3088 1835 3231 1897; x_wconf 89' lang='lat' dir='ltr'><strong>talis</strong></span> <span class='ocrx_word' id='word_1_175' title='bbox 3263 1834 3444 1898; x_wconf 87' lang='lat' dir='ltr'><strong>intel-</strong></span> 
     </span>
    </p>
   </div>
   <div class='ocr_carea' id='block_1_8' title="bbox 318 1931 1845 3002">
    <p class='ocr_par' dir='ltr' id='par_1_8' title="bbox 318 1931 1845 3002">
     <span class='ocr_line' id='line_1_28' title="bbox 321 1931 1837 2014; baseline 0.001 -21"><span class='ocrx_word' id='word_1_176' title='bbox 321 1947 459 1993; x_wconf 86' lang='lat' dir='ltr'><strong>non</strong></span> <span class='ocrx_word' id='word_1_177' title='bbox 492 1932 704 2013; x_wconf 90' lang='lat' dir='ltr'><strong>potuit</strong></span> <span class='ocrx_word' id='word_1_178' title='bbox 733 1938 863 1994; x_wconf 89' lang='lat' dir='ltr'><strong>tam</strong></span> <span class='ocrx_word' id='word_1_179' title='bbox 903 1931 1220 1995; x_wconf 89' lang='lat' dir='ltr'><strong>mirabilis</strong></span> <span class='ocrx_word' id='word_1_180' title='bbox 1258 1939 1323 1995; x_wconf 92' lang='lat' dir='ltr'><strong>et</strong></span> <span class='ocrx_word' id='word_1_181' title='bbox 1360 1932 1837 2014; x_wconf 89' lang='lat' dir='ltr'><strong>superhumana</strong></span> 
     </span>
     <span class='ocr_line' id='line_1_29' title="bbox 318 2029 1836 2094; baseline 0.001 -3"><span class='ocrx_word' id='word_1_182' title='bbox 318 2029 496 2092; x_wconf 87' lang='lat' dir='ltr'><strong>fides</strong></span> <span class='ocrx_word' id='word_1_183' title='bbox 529 2030 849 2094; x_wconf 83' lang='lat' dir='ltr'><strong>introduci</strong></span> <span class='ocrx_word' id='word_1_184' title='bbox 878 2031 945 2093; x_wconf 91' lang='lat' dir='ltr'><strong>in</strong></span> <span class='ocrx_word' id='word_1_185' title='bbox 978 2030 1295 2093; x_wconf 87' lang='lat' dir='ltr'><strong>mundum</strong></span> <span class='ocrx_word' id='word_1_186' title='bbox 1324 2031 1463 2093; x_wconf 92' lang='lat' dir='ltr'><strong>sine</strong></span> <span class='ocrx_word' id='word_1_187' title='bbox 1492 2029 1836 2094; x_wconf 88' lang='lat' dir='ltr'><strong>evidentis·-</strong></span> 
     </span>
     <span class='ocr_line' id='line_1_30' title="bbox 318 2127 1838 2212; baseline 0.001 -23"><span class='ocrx_word' id='word_1_188' title='bbox 318 2127 515 2191; x_wconf 86' lang='lat' dir='ltr'><strong>simis</strong></span> <span class='ocrx_word' id='word_1_189' title='bbox 568 2128 791 2209; x_wconf 75' lang='lat' dir='ltr'><strong>signiS,</strong></span> <span class='ocrx_word' id='word_1_190' title='bbox 842 2129 1084 2212; x_wconf 86' lang='lat' dir='ltr'><strong>talique</strong></span> <span class='ocrx_word' id='word_1_191' title='bbox 1130 2128 1289 2192; x_wconf 89' lang='lat' dir='ltr'><strong>fidei</strong></span> <span class='ocrx_word' id='word_1_192' title='bbox 1336 2129 1838 2211; x_wconf 86' lang='lat' dir='ltr'><strong>corresponden-</strong></span> 
     </span>
     <span class='ocr_line' id='line_1_31' title="bbox 320 2226 1837 2291; baseline 0.001 -2"><span class='ocrx_word' id='word_1_193' title='bbox 320 2227 507 2289; x_wconf 90' lang='lat' dir='ltr'><strong>tibus</strong></span> <span class='ocrx_word' id='word_1_194' title='bbox 538 2226 947 2291; x_wconf 86' lang='lat' dir='ltr'><strong>mirabilibus</strong></span> <span class='ocrx_word' id='word_1_195' title='bbox 980 2245 995 2290; x_wconf 75' lang='grc' dir='ltr'>ε</span> <span class='ocrx_word' id='word_1_196' title='bbox 1028 2228 1199 2291; x_wconf 90' lang='lat' dir='ltr'><strong>unde</strong></span> <span class='ocrx_word' id='word_1_197' title='bbox 1228 2228 1295 2291; x_wconf 92' lang='lat' dir='ltr'><strong>in</strong></span> <span class='ocrx_word' id='word_1_198' title='bbox 1326 2228 1673 2291; x_wconf 81' lang='lat' dir='ltr'><strong>effectibus</strong></span> <span class='ocrx_word' id='word_1_199' title='bbox 1702 2228 1837 2291; x_wconf 87' lang='lat' dir='ltr'><strong>suis</strong></span> 
     </span>
     <span class='ocr_line' id='line_1_32' title="bbox 320 2326 1835 2409; baseline 0.001 -20"><span class='ocrx_word' id='word_1_200' title='bbox 320 2327 485 2389; x_wconf 89' lang='lat' dir='ltr'><strong>satis</strong></span> <span class='ocrx_word' id='word_1_201' title='bbox 526 2326 821 2390; x_wconf 86' lang='lat' dir='ltr'><strong>relucent</strong></span> <span class='ocrx_word' id='word_1_202' title='bbox 863 2328 1045 2409; x_wconf 89' lang='lat' dir='ltr'><strong>signa</strong></span> <span class='ocrx_word' id='word_1_203' title='bbox 1087 2328 1243 2391; x_wconf 92' lang='lat' dir='ltr'><strong>olim</strong></span> <span class='ocrx_word' id='word_1_204' title='bbox 1285 2327 1475 2391; x_wconf 90' lang='lat' dir='ltr'><strong>facta.</strong></span> <span class='ocrx_word' id='word_1_205' title='bbox 1508 2327 1835 2403; x_wconf 79' lang='lat' dir='ltr'><strong>Praeterea,</strong></span> 
     </span>
     <span class='ocr_line' id='line_1_33' title="bbox 320 2425 1839 2509; baseline 0.001 -22"><span class='ocrx_word' id='word_1_206' title='bbox 320 2442 461 2488; x_wconf 91' lang='lat' dir='ltr'><strong>non</strong></span> <span class='ocrx_word' id='word_1_207' title='bbox 492 2426 713 2508; x_wconf 87' lang='lat' dir='ltr'><strong>potius</strong></span> <span class='ocrx_word' id='word_1_208' title='bbox 754 2427 1179 2509; x_wconf 85' lang='lat' dir='ltr'><strong>quorumdam</strong></span> <span class='ocrx_word' id='word_1_209' title='bbox 1213 2425 1663 2490; x_wconf 87' lang='lat' dir='ltr'><strong>defunctorum</strong></span> <span class='ocrx_word' id='word_1_210' title='bbox 1707 2444 1839 2489; x_wconf 90' lang='lat' dir='ltr'><strong>cor-</strong></span> 
     </span>
     <span class='ocr_line' id='line_1_34' title="bbox 322 2524 1841 2607; baseline 0.002 -23"><span class='ocrx_word' id='word_1_211' title='bbox 322 2541 491 2604; x_wconf 87' lang='lat' dir='ltr'><strong>pora</strong></span> <span class='ocrx_word' id='word_1_212' title='bbox 518 2524 695 2607; x_wconf 88' lang='lat' dir='ltr'><strong>apud</strong></span> <span class='ocrx_word' id='word_1_213' title='bbox 724 2542 841 2587; x_wconf 90' lang='lat' dir='ltr'><strong>nos</strong></span> <span class='ocrx_word' id='word_1_214' title='bbox 880 2524 948 2587; x_wconf 92' lang='lat' dir='ltr'><strong>in</strong></span> <span class='ocrx_word' id='word_1_215' title='bbox 986 2532 1163 2587; x_wconf 86' lang='lat' dir='ltr'><strong>tanta</strong></span> <span class='ocrx_word' id='word_1_216' title='bbox 1204 2526 1613 2589; x_wconf 89' lang='lat' dir='ltr'><strong>veneratione</strong></span> <span class='ocrx_word' id='word_1_217' title='bbox 1654 2524 1841 2587; x_wconf 87' lang='lat' dir='ltr'><strong>habe-</strong></span> 
     </span>
     <span class='ocr_line' id='line_1_35' title="bbox 322 2623 1839 2704; baseline 0.002 -22"><span class='ocrx_word' id='word_1_218' title='bbox 322 2630 581 2695; x_wconf 84' lang='lat' dir='ltr'><strong>rentur,</strong></span> <span class='ocrx_word' id='word_1_219' title='bbox 616 2640 825 2704; x_wconf 89' lang='lat' dir='ltr'><strong>neque</strong></span> <span class='ocrx_word' id='word_1_220' title='bbox 864 2630 997 2685; x_wconf 85' lang='lat' dir='ltr'><strong>tam</strong></span> <span class='ocrx_word' id='word_1_221' title='bbox 1044 2623 1319 2688; x_wconf 88' lang='lat' dir='ltr'><strong>celebris</strong></span> <span class='ocrx_word' id='word_1_222' title='bbox 1356 2632 1525 2687; x_wconf 89' lang='lat' dir='ltr'><strong>esset</strong></span> <span class='ocrx_word' id='word_1_223' title='bbox 1562 2641 1839 2687; x_wconf 86' lang='lat' dir='ltr'><strong>comme·</strong></span> 
     </span>
     <span class='ocr_line' id='line_1_36' title="bbox 322 2720 1845 2805; baseline 0.001 -23"><span class='ocrx_word' id='word_1_224' title='bbox 322 2720 609 2783; x_wconf 86' lang='lat' dir='ltr'><strong>moratio</strong></span> <span class='ocrx_word' id='word_1_225' title='bbox 648 2721 838 2784; x_wconf 90' lang='lat' dir='ltr'><strong>unius</strong></span> <span class='ocrx_word' id='word_1_226' title='bbox 868 2740 1001 2805; x_wconf 83' lang='lat' dir='ltr'><strong>prae</strong></span> <span class='ocrx_word' id='word_1_227' title='bbox 1038 2721 1188 2797; x_wconf 91' lang='lat' dir='ltr'><strong>alio,</strong></span> <span class='ocrx_word' id='word_1_228' title='bbox 1220 2722 1347 2785; x_wconf 91' lang='lat' dir='ltr'><strong>nisi</strong></span> <span class='ocrx_word' id='word_1_229' title='bbox 1377 2742 1493 2805; x_wconf 90' lang='lat' dir='ltr'><strong>per</strong></span> <span class='ocrx_word' id='word_1_230' title='bbox 1522 2722 1845 2785; x_wconf 80' lang='lat' dir='ltr'><strong>evidentia</strong></span> 
     </span>
     <span class='ocr_line' id='line_1_37' title="bbox 320 2819 1843 2902; baseline 0.001 -21"><span class='ocrx_word' id='word_1_231' title='bbox 320 2819 515 2901; x_wconf 87' lang='lat' dir='ltr'><strong>signa</strong></span> <span class='ocrx_word' id='word_1_232' title='bbox 572 2826 638 2881; x_wconf 89' lang='lat' dir='ltr'><strong>et</strong></span> <span class='ocrx_word' id='word_1_233' title='bbox 694 2819 985 2902; x_wconf 88' lang='lat' dir='ltr'><strong>prodigia</strong></span> <span class='ocrx_word' id='word_1_234' title='bbox 1032 2819 1415 2883; x_wconf 83' lang='lat' dir='ltr'><strong>mirificatus</strong></span> <span class='ocrx_word' id='word_1_235' title='bbox 1460 2828 1629 2884; x_wconf 89' lang='lat' dir='ltr'><strong>esset</strong></span> <span class='ocrx_word' id='word_1_236' title='bbox 1676 2839 1843 2883; x_wconf 89' lang='lat' dir='ltr'><strong>unus</strong></span> 
     </span>
     <span class='ocr_line' id='line_1_38' title="bbox 320 2916 1611 3002; baseline 0.002 -23"><span class='ocrx_word' id='word_1_237' title='bbox 320 2918 479 2999; x_wconf 88' lang='lat' dir='ltr'><strong>plus</strong></span> <span class='ocrx_word' id='word_1_238' title='bbox 508 2916 733 2995; x_wconf 88' lang='lat' dir='ltr'><strong>altero,</strong></span> <span class='ocrx_word' id='word_1_239' title='bbox 767 2926 831 2980; x_wconf 87' lang='lat' dir='ltr'><strong>et</strong></span> <span class='ocrx_word' id='word_1_240' title='bbox 861 2917 1261 2983; x_wconf 83' lang='lat' dir='ltr'><strong>mirabiliora</strong></span> <span class='ocrx_word' id='word_1_241' title='bbox 1292 2927 1611 3002; x_wconf 89' lang='lat' dir='ltr'><strong>operatus.</strong></span> 
     </span>
    </p>
   </div>
   <div class='ocr_carea' id='block_1_9' title="bbox 1944 1933 3450 3001">
    <p class='ocr_par' dir='ltr' id='par_1_9' title="bbox 1944 1933 3450 2489">
     <span class='ocr_line' id='line_1_39' title="bbox 1946 1933 3444 1997; baseline 0.001 -2"><span class='ocrx_word' id='word_1_242' title='bbox 1946 1933 2146 1997; x_wconf 89' lang='lat' dir='ltr'><strong>lectus</strong></span> <span class='ocrx_word' id='word_1_243' title='bbox 2176 1935 2440 1997; x_wconf 91' lang='lat' dir='ltr'><strong>omnino</strong></span> <span class='ocrx_word' id='word_1_244' title='bbox 2468 1934 2786 1997; x_wconf 89' lang='lat' dir='ltr'><strong>contraria</strong></span> <span class='ocrx_word' id='word_1_245' title='bbox 2813 1939 2981 1996; x_wconf 89' lang='lat' dir='ltr'><strong>sunt.</strong></span> <span class='ocrx_word' id='word_1_246' title='bbox 2997 1934 3112 1997; x_wconf 87' lang='lat' dir='ltr'><strong>Per</strong></span> <span class='ocrx_word' id='word_1_247' title='bbox 3140 1933 3444 1997; x_wconf 87' lang='lat' dir='ltr'><strong>virtutem</strong></span> 
     </span>
     <span class='ocr_line' id='line_1_40' title="bbox 1944 2031 3444 2115; baseline 0 -20"><span class='ocrx_word' id='word_1_248' title='bbox 1944 2041 2160 2096; x_wconf 88' lang='lat' dir='ltr'><strong>autem</strong></span> <span class='ocrx_word' id='word_1_249' title='bbox 2190 2032 2520 2115; x_wconf 91' lang='lat' dir='ltr'><strong>signorum</strong></span> <span class='ocrx_word' id='word_1_250' title='bbox 2551 2032 2916 2096; x_wconf 61' lang='lat' dir='ltr'><strong>christianas</strong></span> <span class='ocrx_word' id='word_1_251' title='bbox 2945 2032 3126 2113; x_wconf 89' lang='lat' dir='ltr'><strong>legis,</strong></span> <span class='ocrx_word' id='word_1_252' title='bbox 3150 2031 3444 2095; x_wconf 90' lang='lat' dir='ltr'><strong>omnium</strong></span> 
     </span>
     <span class='ocr_line' id='line_1_41' title="bbox 1945 2130 3445 2214; baseline -0.001 -19"><span class='ocrx_word' id='word_1_253' title='bbox 1945 2132 2214 2195; x_wconf 87' lang='lat' dir='ltr'><strong>deorum</strong></span> <span class='ocrx_word' id='word_1_254' title='bbox 2266 2130 2366 2194; x_wconf 87' lang='lat' dir='ltr'><strong>vel</strong></span> <span class='ocrx_word' id='word_1_255' title='bbox 2412 2132 2626 2214; x_wconf 89' lang='lat' dir='ltr'><strong>potius</strong></span> <span class='ocrx_word' id='word_1_256' title='bbox 2684 2130 3146 2195; x_wconf 83' lang='lat' dir='ltr'><strong>daemoniorum</strong></span> <span class='ocrx_word' id='word_1_257' title='bbox 3195 2130 3445 2193; x_wconf 89' lang='lat' dir='ltr'><strong>cultura</strong></span> 
     </span>
     <span class='ocr_line' id='line_1_42' title="bbox 1944 2228 3447 2312; baseline -0.001 -21"><span class='ocrx_word' id='word_1_258' title='bbox 1944 2247 2020 2292; x_wconf 93' lang='lat' dir='ltr'><strong>ac</strong></span> <span class='ocrx_word' id='word_1_259' title='bbox 2052 2228 2408 2292; x_wconf 86' lang='lat' dir='ltr'><strong>idololatria</strong></span> <span class='ocrx_word' id='word_1_260' title='bbox 2437 2229 2760 2291; x_wconf 82' lang='lat' dir='ltr'><strong>destructa</strong></span> <span class='ocrx_word' id='word_1_261' title='bbox 2789 2237 2905 2293; x_wconf 90' lang='lat' dir='ltr'><strong>est.</strong></span> <span class='ocrx_word' id='word_1_262' title='bbox 2931 2228 3233 2292; x_wconf 89' lang='lat' dir='ltr'><strong>Diabolus</strong></span> <span class='ocrx_word' id='word_1_263' title='bbox 3263 2228 3447 2312; x_wconf 88' lang='lat' dir='ltr'><strong>quip-</strong></span> 
     </span>
     <span class='ocr_line' id='line_1_43' title="bbox 1946 2326 3450 2409; baseline -0.001 -20"><span class='ocrx_word' id='word_1_264' title='bbox 1946 2346 2029 2409; x_wconf 92' lang='lat' dir='ltr'><strong>pe</strong></span> <span class='ocrx_word' id='word_1_265' title='bbox 2068 2344 2196 2391; x_wconf 90' lang='lat' dir='ltr'><strong>non</strong></span> <span class='ocrx_word' id='word_1_266' title='bbox 2235 2326 2464 2409; x_wconf 83' lang='lat' dir='ltr'><strong>satagit</strong></span> <span class='ocrx_word' id='word_1_267' title='bbox 2501 2328 2598 2389; x_wconf 91' lang='lat' dir='ltr'><strong>sui</strong></span> <span class='ocrx_word' id='word_1_268' title='bbox 2640 2327 2900 2390; x_wconf 87' lang='lat' dir='ltr'><strong>honoris</strong></span> <span class='ocrx_word' id='word_1_269' title='bbox 2931 2334 2995 2390; x_wconf 90' lang='lat' dir='ltr'><strong>et</strong></span> <span class='ocrx_word' id='word_1_270' title='bbox 3025 2326 3236 2389; x_wconf 90' lang='lat' dir='ltr'><strong>cultus</strong></span> <span class='ocrx_word' id='word_1_271' title='bbox 3266 2326 3450 2389; x_wconf 87' lang='lat' dir='ltr'><strong>anni-</strong></span> 
     </span>
     <span class='ocr_line' id='line_1_44' title="bbox 1946 2425 2694 2489; baseline -0.001 0"><span class='ocrx_word' id='word_1_272' title='bbox 1946 2425 2322 2489; x_wconf 85' lang='lat' dir='ltr'><strong>hilationem</strong></span> <span class='ocrx_word' id='word_1_273' title='bbox 2366 2426 2694 2489; x_wconf 88' lang='lat' dir='ltr'><strong>inducere.</strong></span> 
     </span>
    </p>

    <p class='ocr_par' dir='ltr' id='par_1_10' title="bbox 1948 2525 3450 3001">
     <span class='ocr_line' id='line_1_45' title="bbox 2027 2525 3443 2608; baseline 0 -21"><span class='ocrx_word' id='word_1_274' title='bbox 2027 2526 2344 2607; x_wconf 87' lang='lat' dir='ltr'><strong>Amplius,</strong></span> <span class='ocrx_word' id='word_1_275' title='bbox 2405 2525 2517 2607; x_wconf 93' lang='lat' dir='ltr'><strong>qui</strong></span> <span class='ocrx_word' id='word_1_276' title='bbox 2575 2526 2822 2607; x_wconf 87' lang='lat' dir='ltr'><strong>magica</strong></span> <span class='ocrx_word' id='word_1_277' title='bbox 2876 2532 3012 2587; x_wconf 89' lang='lat' dir='ltr'><strong>arte</strong></span> <span class='ocrx_word' id='word_1_278' title='bbox 3075 2532 3443 2608; x_wconf 86' lang='lat' dir='ltr'><strong>operantur,</strong></span> 
     </span>
     <span class='ocr_line' id='line_1_46' title="bbox 1948 2624 3450 2707; baseline -0.001 -21"><span class='ocrx_word' id='word_1_279' title='bbox 1948 2624 2244 2687; x_wconf 89' lang='lat' dir='ltr'><strong>homines</strong></span> <span class='ocrx_word' id='word_1_280' title='bbox 2283 2630 2432 2685; x_wconf 87' lang='lat' dir='ltr'><strong>sunt</strong></span> <span class='ocrx_word' id='word_1_281' title='bbox 2469 2624 2784 2697; x_wconf 87' lang='lat' dir='ltr'><strong>scelerati,</strong></span> <span class='ocrx_word' id='word_1_282' title='bbox 2816 2631 2883 2687; x_wconf 89' lang='lat' dir='ltr'><strong>et</strong></span> <span class='ocrx_word' id='word_1_283' title='bbox 2922 2641 2960 2686; x_wconf 89' lang='lat' dir='ltr'><strong>a</strong></span> <span class='ocrx_word' id='word_1_284' title='bbox 3003 2624 3172 2687; x_wconf 89' lang='lat' dir='ltr'><strong>malo</strong></span> <span class='ocrx_word' id='word_1_285' title='bbox 3215 2624 3450 2707; x_wconf 88' lang='lat' dir='ltr'><strong>princi·</strong></span> 
     </span>
     <span class='ocr_line' id='line_1_47' title="bbox 1949 2720 3446 2805; baseline 0.002 -23"><span class='ocrx_word' id='word_1_286' title='bbox 1949 2720 2059 2803; x_wconf 90' lang='lat' dir='ltr'><strong>pio</strong></span> <span class='ocrx_word' id='word_1_287' title='bbox 2087 2720 2448 2784; x_wconf 86' lang='lat' dir='ltr'><strong>efficaciam</strong></span> <span class='ocrx_word' id='word_1_288' title='bbox 2488 2721 2814 2804; x_wconf 80' lang='lat' dir='ltr'><strong>postulant</strong></span> <span class='ocrx_word' id='word_1_289' title='bbox 2851 2739 3119 2805; x_wconf 89' lang='lat' dir='ltr'><strong>operum</strong></span> <span class='ocrx_word' id='word_1_290' title='bbox 3157 2740 3446 2797; x_wconf 90' lang='lat' dir='ltr'><strong>suorum,</strong></span> 
     </span>
     <span class='ocr_line' id='line_1_48' title="bbox 1950 2818 3448 2901; baseline 0.001 -20"><span class='ocrx_word' id='word_1_291' title='bbox 1950 2818 2119 2881; x_wconf 90' lang='lat' dir='ltr'><strong>sicut</strong></span> <span class='ocrx_word' id='word_1_292' title='bbox 2146 2826 2294 2882; x_wconf 89' lang='lat' dir='ltr'><strong>ante</strong></span> <span class='ocrx_word' id='word_1_293' title='bbox 2323 2819 2550 2901; x_wconf 89' lang='lat' dir='ltr'><strong>patuit.</strong></span> <span class='ocrx_word' id='word_1_294' title='bbox 2585 2819 2703 2892; x_wconf 84' lang='lat' dir='ltr'><strong>Qui</strong></span> <span class='ocrx_word' id='word_1_295' title='bbox 2731 2828 2948 2883; x_wconf 89' lang='lat' dir='ltr'><strong>autem</strong></span> <span class='ocrx_word' id='word_1_296' title='bbox 2981 2821 3046 2883; x_wconf 93' lang='lat' dir='ltr'><strong>in</strong></span> <span class='ocrx_word' id='word_1_297' title='bbox 3084 2820 3448 2884; x_wconf 61' lang='lat' dir='ltr'><strong>christianae</strong></span> 
     </span>
     <span class='ocr_line' id='line_1_49' title="bbox 1950 2916 3450 3001; baseline 0.001 -22"><span class='ocrx_word' id='word_1_298' title='bbox 1950 2916 2107 2980; x_wconf 92' lang='lat' dir='ltr'><strong>fidei</strong></span> <span class='ocrx_word' id='word_1_299' title='bbox 2140 2918 2378 2980; x_wconf 86' lang='lat' dir='ltr'><strong>virtute</strong></span> <span class='ocrx_word' id='word_1_300' title='bbox 2410 2917 2731 2981; x_wconf 88' lang='lat' dir='ltr'><strong>mirabilia</strong></span> <span class='ocrx_word' id='word_1_301' title='bbox 2759 2919 3003 3001; x_wconf 88' lang='lat' dir='ltr'><strong>operati</strong></span> <span class='ocrx_word' id='word_1_302' title='bbox 3035 2927 3207 2995; x_wconf 89' lang='lat' dir='ltr'><strong>sunt,</strong></span> <span class='ocrx_word' id='word_1_303' title='bbox 3227 2938 3450 2983; x_wconf 91' lang='lat' dir='ltr'><strong>secun-</strong></span> 
     </span>
    </p>
   </div>
   <div class='ocr_carea' id='block_1_10' title="bbox 404 3016 3450 3102">
    <p class='ocr_par' dir='ltr' id='par_1_11' title="bbox 404 3016 3450 3102">
     <span class='ocr_line' id='line_1_50' title="bbox 404 3016 3450 3102; baseline 0.001 -24"><span class='ocrx_word' id='word_1_304' title='bbox 404 3017 707 3099; x_wconf 90' lang='lat' dir='ltr'><strong>Insuper,</strong></span> <span class='ocrx_word' id='word_1_305' title='bbox 748 3017 1183 3081; x_wconf 87' lang='lat' dir='ltr'><strong>institutiones</strong></span> <span class='ocrx_word' id='word_1_306' title='bbox 1222 3026 1285 3081; x_wconf 90' lang='lat' dir='ltr'><strong>et</strong></span> <span class='ocrx_word' id='word_1_307' title='bbox 1331 3036 1528 3102; x_wconf 89' lang='lat' dir='ltr'><strong>opera</strong></span> <span class='ocrx_word' id='word_1_308' title='bbox 1565 3037 1707 3101; x_wconf 78' lang='lat' dir='ltr'><strong>quae</strong></span> <span class='ocrx_word' id='word_1_309' title='bbox 1746 3035 1843 3082; x_wconf 87' lang='lat' dir='ltr'><strong>or·</strong></span> <span class='ocrx_word' id='word_1_310' title='bbox 1874 3025 1918 3090; x_wconf 83' lang='lat' dir='ltr'><strong>c</strong></span> <span class='ocrx_word' id='word_1_311' title='bbox 1952 3017 2110 3079; x_wconf 90' lang='lat' dir='ltr'><strong>dum</strong></span> <span class='ocrx_word' id='word_1_312' title='bbox 2167 3016 2576 3079; x_wconf 88' lang='lat' dir='ltr'><strong>traditionem</strong></span> <span class='ocrx_word' id='word_1_313' title='bbox 2634 3024 2827 3099; x_wconf 88' lang='lat' dir='ltr'><strong>atque</strong></span> <span class='ocrx_word' id='word_1_314' title='bbox 2875 3025 3196 3099; x_wconf 83' lang='lat' dir='ltr'><strong>praecepta</strong></span> <span class='ocrx_word' id='word_1_315' title='bbox 3243 3017 3450 3100; x_wconf 86' lang='lat' dir='ltr'><strong>ipsius</strong></span> 
     </span>
    </p>
   </div>
   <div class='ocr_carea' id='block_1_11' title="bbox 322 3114 1853 4186">
    <p class='ocr_par' dir='ltr' id='par_1_12' title="bbox 322 3114 1853 4186">
     <span class='ocr_line' id='line_1_51' title="bbox 322 3114 1845 3200; baseline 0.002 -24"><span class='ocrx_word' id='word_1_316' title='bbox 322 3114 727 3178; x_wconf 86' lang='lat' dir='ltr'><strong>dinaverunt</strong></span> <span class='ocrx_word' id='word_1_317' title='bbox 780 3123 847 3179; x_wconf 87' lang='lat' dir='ltr'><strong>et</strong></span> <span class='ocrx_word' id='word_1_318' title='bbox 898 3125 1169 3197; x_wconf 89' lang='lat' dir='ltr'><strong>egerunt</strong></span> <span class='ocrx_word' id='word_1_319' title='bbox 1225 3117 1293 3179; x_wconf 90' lang='lat' dir='ltr'><strong>hi</strong></span> <span class='ocrx_word' id='word_1_320' title='bbox 1349 3118 1462 3200; x_wconf 89' lang='lat' dir='ltr'><strong>qui</strong></span> <span class='ocrx_word' id='word_1_321' title='bbox 1520 3116 1845 3179; x_wconf 89' lang='lat' dir='ltr'><strong>mirabilia</strong></span> 
     </span>
     <span class='ocr_line' id='line_1_52' title="bbox 322 3212 1847 3297; baseline 0.002 -23"><span class='ocrx_word' id='word_1_322' title='bbox 322 3212 573 3277; x_wconf 79' lang='lat' dir='ltr'><strong>fecisse</strong></span> <span class='ocrx_word' id='word_1_323' title='bbox 603 3213 923 3296; x_wconf 87' lang='lat' dir='ltr'><strong>leguntur,</strong></span> <span class='ocrx_word' id='word_1_324' title='bbox 940 3234 1144 3297; x_wconf 90' lang='lat' dir='ltr'><strong>usque</strong></span> <span class='ocrx_word' id='word_1_325' title='bbox 1172 3215 1240 3277; x_wconf 89' lang='lat' dir='ltr'><strong>in</strong></span> <span class='ocrx_word' id='word_1_326' title='bbox 1271 3222 1648 3297; x_wconf 81' lang='lat' dir='ltr'><strong>proesentem</strong></span> <span class='ocrx_word' id='word_1_327' title='bbox 1676 3216 1847 3279; x_wconf 91' lang='lat' dir='ltr'><strong>diem</strong></span> 
     </span>
     <span class='ocr_line' id='line_1_53' title="bbox 324 3312 1844 3397; baseline 0.002 -23"><span class='ocrx_word' id='word_1_328' title='bbox 324 3312 413 3374; x_wconf 89' lang='lat' dir='ltr'><strong>ab</strong></span> <span class='ocrx_word' id='word_1_329' title='bbox 456 3330 689 3375; x_wconf 90' lang='lat' dir='ltr'><strong>eorum</strong></span> <span class='ocrx_word' id='word_1_330' title='bbox 726 3313 1129 3395; x_wconf 80' lang='lat' dir='ltr'><strong>sequacibuS‚</strong></span> <span class='ocrx_word' id='word_1_331' title='bbox 1162 3314 1313 3389; x_wconf 89' lang='lat' dir='ltr'><strong>vita,</strong></span> <span class='ocrx_word' id='word_1_332' title='bbox 1345 3314 1571 3377; x_wconf 88' lang='lat' dir='ltr'><strong>habitu</strong></span> <span class='ocrx_word' id='word_1_333' title='bbox 1597 3332 1671 3377; x_wconf 89' lang='lat' dir='ltr'><strong>ac</strong></span> <span class='ocrx_word' id='word_1_334' title='bbox 1701 3332 1844 3397; x_wconf 91' lang='lat' dir='ltr'><strong>pro-</strong></span> 
     </span>
     <span class='ocr_line' id='line_1_54' title="bbox 328 3410 1847 3495; baseline 0.001 -22"><span class='ocrx_word' id='word_1_335' title='bbox 328 3410 625 3474; x_wconf 86' lang='lat' dir='ltr'><strong>fessione</strong></span> <span class='ocrx_word' id='word_1_336' title='bbox 668 3410 799 3475; x_wconf 91' lang='lat' dir='ltr'><strong>illis</strong></span> <span class='ocrx_word' id='word_1_337' title='bbox 842 3411 1305 3487; x_wconf 79' lang='lat' dir='ltr'><strong>conformibuS,</strong></span> <span class='ocrx_word' id='word_1_338' title='bbox 1339 3418 1469 3475; x_wconf 88' lang='lat' dir='ltr'><strong>tam</strong></span> <span class='ocrx_word' id='word_1_339' title='bbox 1506 3412 1697 3495; x_wconf 88' lang='lat' dir='ltr'><strong>plene</strong></span> <span class='ocrx_word' id='word_1_340' title='bbox 1738 3412 1847 3475; x_wconf 92' lang='lat' dir='ltr'><strong>ob-</strong></span> 
     </span>
     <span class='ocr_line' id='line_1_55' title="bbox 328 3516 1849 3594; baseline -0.001 -21"><span class='ocrx_word' id='word_1_341' title='bbox 328 3516 683 3573; x_wconf 86' lang='lat' dir='ltr'><strong>servantur</strong></span> <span class='ocrx_word' id='word_1_342' title='bbox 710 3518 777 3573; x_wconf 91' lang='lat' dir='ltr'><strong>et</strong></span> <span class='ocrx_word' id='word_1_343' title='bbox 804 3518 1237 3593; x_wconf 83' lang='lat' dir='ltr'><strong>perseverant,</strong></span> <span class='ocrx_word' id='word_1_344' title='bbox 1270 3518 1343 3572; x_wconf 91' lang='lat' dir='ltr'><strong>ut</strong></span> <span class='ocrx_word' id='word_1_345' title='bbox 1383 3518 1514 3573; x_wconf 90' lang='lat' dir='ltr'><strong>tam</strong></span> <span class='ocrx_word' id='word_1_346' title='bbox 1554 3518 1849 3594; x_wconf 89' lang='lat' dir='ltr'><strong>patenter</strong></span> 
     </span>
     <span class='ocr_line' id='line_1_56' title="bbox 329 3607 1849 3692; baseline 0.001 -21"><span class='ocrx_word' id='word_1_347' title='bbox 329 3610 403 3671; x_wconf 88' lang='lat' dir='ltr'><strong>in</strong></span> <span class='ocrx_word' id='word_1_348' title='bbox 435 3608 829 3691; x_wconf 87' lang='lat' dir='ltr'><strong>sequacibus</strong></span> <span class='ocrx_word' id='word_1_349' title='bbox 857 3616 922 3671; x_wconf 90' lang='lat' dir='ltr'><strong>et</strong></span> <span class='ocrx_word' id='word_1_350' title='bbox 956 3607 1299 3672; x_wconf 83' lang='lat' dir='ltr'><strong>effectibus</strong></span> <span class='ocrx_word' id='word_1_351' title='bbox 1337 3610 1625 3692; x_wconf 89' lang='lat' dir='ltr'><strong>ipsorum</strong></span> <span class='ocrx_word' id='word_1_352' title='bbox 1662 3626 1849 3691; x_wconf 87' lang='lat' dir='ltr'><strong>agno-</strong></span> 
     </span>
     <span class='ocr_line' id='line_1_57' title="bbox 329 3706 1849 3791; baseline 0.001 -22"><span class='ocrx_word' id='word_1_353' title='bbox 329 3707 433 3769; x_wconf 87' lang='lat' dir='ltr'><strong>sei</strong></span> <span class='ocrx_word' id='word_1_354' title='bbox 474 3706 729 3789; x_wconf 87' lang='lat' dir='ltr'><strong>possint</strong></span> <span class='ocrx_word' id='word_1_355' title='bbox 758 3714 823 3769; x_wconf 92' lang='lat' dir='ltr'><strong>et</strong></span> <span class='ocrx_word' id='word_1_356' title='bbox 852 3706 977 3789; x_wconf 90' lang='lat' dir='ltr'><strong>ipsi</strong></span> <span class='ocrx_word' id='word_1_357' title='bbox 1020 3714 1084 3769; x_wconf 91' lang='lat' dir='ltr'><strong>et</strong></span> <span class='ocrx_word' id='word_1_358' title='bbox 1128 3707 1415 3789; x_wconf 91' lang='lat' dir='ltr'><strong>ipsorum</strong></span> <span class='ocrx_word' id='word_1_359' title='bbox 1444 3725 1659 3791; x_wconf 89' lang='lat' dir='ltr'><strong>opera,</strong></span> <span class='ocrx_word' id='word_1_360' title='bbox 1690 3727 1763 3771; x_wconf 88' lang='lat' dir='ltr'><strong>ac</strong></span> <span class='ocrx_word' id='word_1_361' title='bbox 1794 3708 1849 3770; x_wconf 91' lang='lat' dir='ltr'><strong>si</strong></span> 
     </span>
     <span class='ocr_line' id='line_1_58' title="bbox 326 3805 1849 3887; baseline 0 -18"><span class='ocrx_word' id='word_1_362' title='bbox 326 3806 555 3869; x_wconf 88' lang='lat' dir='ltr'><strong>adhuc</strong></span> <span class='ocrx_word' id='word_1_363' title='bbox 616 3805 1102 3887; x_wconf 68' lang='lat' dir='ltr'><strong>praesentialiter</strong></span> <span class='ocrx_word' id='word_1_364' title='bbox 1156 3806 1223 3868; x_wconf 90' lang='lat' dir='ltr'><strong>in</strong></span> <span class='ocrx_word' id='word_1_365' title='bbox 1281 3806 1400 3869; x_wconf 88' lang='lat' dir='ltr'><strong>hae</strong></span> <span class='ocrx_word' id='word_1_366' title='bbox 1458 3806 1590 3869; x_wconf 86' lang='lat' dir='ltr'><strong>vita</strong></span> <span class='ocrx_word' id='word_1_367' title='bbox 1642 3806 1849 3869; x_wconf 88' lang='lat' dir='ltr'><strong>subsi-</strong></span> 
     </span>
     <span class='ocr_line' id='line_1_59' title="bbox 330 3904 1853 3987; baseline 0.002 -21"><span class='ocrx_word' id='word_1_368' title='bbox 330 3911 639 3967; x_wconf 85' lang='lat' dir='ltr'><strong>sterent:</strong></span> <span class='ocrx_word' id='word_1_369' title='bbox 670 3904 1213 3987; x_wconf 86' lang='lat' dir='ltr'><strong>quemadmodum</strong></span> <span class='ocrx_word' id='word_1_370' title='bbox 1257 3904 1325 3967; x_wconf 91' lang='lat' dir='ltr'><strong>in</strong></span> <span class='ocrx_word' id='word_1_371' title='bbox 1367 3906 1641 3969; x_wconf 85' lang='lat' dir='ltr'><strong>diversis</strong></span> <span class='ocrx_word' id='word_1_372' title='bbox 1677 3905 1853 3970; x_wconf 84' lang='lat' dir='ltr'><strong>Ordi—</strong></span> 
     </span>
     <span class='ocr_line' id='line_1_60' title="bbox 332 4002 1852 4083; baseline 0.001 -18"><span class='ocrx_word' id='word_1_373' title='bbox 332 4003 565 4077; x_wconf 77' lang='lat' dir='ltr'><strong>nibuS,</strong></span> <span class='ocrx_word' id='word_1_374' title='bbox 600 4002 1047 4083; x_wconf 89' lang='lat' dir='ltr'><strong>religiosorum</strong></span> <span class='ocrx_word' id='word_1_375' title='bbox 1082 4002 1393 4067; x_wconf 86' lang='lat' dir='ltr'><strong>coenobiis</strong></span> <span class='ocrx_word' id='word_1_376' title='bbox 1423 4010 1486 4067; x_wconf 87' lang='lat' dir='ltr'><strong>et</strong></span> <span class='ocrx_word' id='word_1_377' title='bbox 1514 4003 1852 4068; x_wconf 89' lang='lat' dir='ltr'><strong>observan-</strong></span> 
     </span>
     <span class='ocr_line' id='line_1_61' title="bbox 332 4101 1849 4186; baseline 0.003 -23"><span class='ocrx_word' id='word_1_378' title='bbox 332 4101 451 4163; x_wconf 87' lang='lat' dir='ltr'><strong>tiis</strong></span> <span class='ocrx_word' id='word_1_379' title='bbox 504 4101 901 4164; x_wconf 88' lang='lat' dir='ltr'><strong>considerari</strong></span> <span class='ocrx_word' id='word_1_380' title='bbox 949 4109 1175 4184; x_wconf 87' lang='lat' dir='ltr'><strong>potest.</strong></span> <span class='ocrx_word' id='word_1_381' title='bbox 1230 4102 1321 4164; x_wconf 83' lang='lat' dir='ltr'><strong>Ex</strong></span> <span class='ocrx_word' id='word_1_382' title='bbox 1368 4102 1605 4185; x_wconf 89' lang='lat' dir='ltr'><strong>quibus</strong></span> <span class='ocrx_word' id='word_1_383' title='bbox 1655 4111 1849 4186; x_wconf 89' lang='lat' dir='ltr'><strong>patet,</strong></span> 
     </span>
    </p>
   </div>
   <div class='ocr_carea' id='block_1_12' title="bbox 1954 3114 3462 4180">
    <p class='ocr_par' dir='ltr' id='par_1_13' title="bbox 1954 3114 3462 4180">
     <span class='ocr_line' id='line_1_62' title="bbox 1954 3114 3454 3198; baseline 0.001 -20"><span class='ocrx_word' id='word_1_384' title='bbox 1954 3114 2187 3178; x_wconf 84' lang='lat' dir='ltr'><strong>Christi</strong></span> <span class='ocrx_word' id='word_1_385' title='bbox 2226 3114 2695 3178; x_wconf 89' lang='lat' dir='ltr'><strong>studiosissime</strong></span> <span class='ocrx_word' id='word_1_386' title='bbox 2733 3114 3031 3178; x_wconf 86' lang='lat' dir='ltr'><strong>vixerunt</strong></span> <span class='ocrx_word' id='word_1_387' title='bbox 3065 3131 3078 3177; x_wconf 90' lang='lat'><strong>:</strong></span> <span class='ocrx_word' id='word_1_388' title='bbox 3113 3117 3283 3197; x_wconf 91' lang='lat' dir='ltr'><strong>quod</strong></span> <span class='ocrx_word' id='word_1_389' title='bbox 3329 3115 3454 3198; x_wconf 89' lang='lat' dir='ltr'><strong>piis</strong></span> 
     </span>
     <span class='ocr_line' id='line_1_63' title="bbox 1954 3212 3453 3295; baseline 0.001 -21"><span class='ocrx_word' id='word_1_390' title='bbox 1954 3212 2328 3276; x_wconf 89' lang='lat' dir='ltr'><strong>hominibus</strong></span> <span class='ocrx_word' id='word_1_391' title='bbox 2385 3212 2972 3295; x_wconf 88' lang='lat' dir='ltr'><strong>experimentaliter</strong></span> <span class='ocrx_word' id='word_1_392' title='bbox 3039 3221 3307 3288; x_wconf 91' lang='lat' dir='ltr'><strong>constat,</strong></span> <span class='ocrx_word' id='word_1_393' title='bbox 3372 3213 3453 3276; x_wconf 89' lang='lat' dir='ltr'><strong>ab</strong></span> 
     </span>
     <span class='ocr_line' id='line_1_64' title="bbox 1956 3311 3457 3394; baseline 0.001 -21"><span class='ocrx_word' id='word_1_394' title='bbox 1956 3311 2176 3394; x_wconf 89' lang='lat' dir='ltr'><strong>impiis</strong></span> <span class='ocrx_word' id='word_1_395' title='bbox 2221 3328 2373 3374; x_wconf 92' lang='lat' dir='ltr'><strong>vero</strong></span> <span class='ocrx_word' id='word_1_396' title='bbox 2417 3311 2636 3392; x_wconf 88' lang='lat' dir='ltr'><strong>negari</strong></span> <span class='ocrx_word' id='word_1_397' title='bbox 2679 3329 2808 3375; x_wconf 91' lang='lat' dir='ltr'><strong>non</strong></span> <span class='ocrx_word' id='word_1_398' title='bbox 2854 3319 3080 3394; x_wconf 85' lang='lat' dir='ltr'><strong>potest.</strong></span> <span class='ocrx_word' id='word_1_399' title='bbox 3127 3312 3280 3375; x_wconf 89' lang='lat' dir='ltr'><strong>Nam</strong></span> <span class='ocrx_word' id='word_1_400' title='bbox 3320 3313 3457 3375; x_wconf 86' lang='lat' dir='ltr'><strong>zelo</strong></span> 
     </span>
     <span class='ocr_line' id='line_1_65' title="bbox 1955 3409 3460 3492; baseline 0.001 -20"><span class='ocrx_word' id='word_1_401' title='bbox 1955 3417 2021 3472; x_wconf 89' lang='lat' dir='ltr'><strong>et</strong></span> <span class='ocrx_word' id='word_1_402' title='bbox 2047 3427 2264 3473; x_wconf 89' lang='lat' dir='ltr'><strong>amore</strong></span> <span class='ocrx_word' id='word_1_403' title='bbox 2293 3409 2474 3485; x_wconf 89' lang='lat' dir='ltr'><strong>fidei,</strong></span> <span class='ocrx_word' id='word_1_404' title='bbox 2507 3418 2738 3472; x_wconf 87' lang='lat' dir='ltr'><strong>cuncta</strong></span> <span class='ocrx_word' id='word_1_405' title='bbox 2768 3429 2910 3492; x_wconf 82' lang='lat' dir='ltr'><strong>quae</strong></span> <span class='ocrx_word' id='word_1_406' title='bbox 2941 3410 3006 3473; x_wconf 92' lang='lat' dir='ltr'><strong>in</strong></span> <span class='ocrx_word' id='word_1_407' title='bbox 3041 3412 3281 3474; x_wconf 87' lang='lat' dir='ltr'><strong>mundo</strong></span> <span class='ocrx_word' id='word_1_408' title='bbox 3305 3418 3460 3473; x_wconf 87' lang='lat' dir='ltr'><strong>sunt</strong></span> 
     </span>
     <span class='ocr_line' id='line_1_66' title="bbox 1956 3507 3460 3591; baseline 0.001 -20"><span class='ocrx_word' id='word_1_409' title='bbox 1956 3516 2503 3591; x_wconf 90' lang='lat' dir='ltr'><strong>contempserunt,</strong></span> <span class='ocrx_word' id='word_1_410' title='bbox 2523 3516 2586 3571; x_wconf 89' lang='lat' dir='ltr'><strong>et</strong></span> <span class='ocrx_word' id='word_1_411' title='bbox 2617 3507 2881 3591; x_wconf 90' lang='lat' dir='ltr'><strong>plurimi</strong></span> <span class='ocrx_word' id='word_1_412' title='bbox 2914 3508 2982 3570; x_wconf 91' lang='lat' dir='ltr'><strong>in</strong></span> <span class='ocrx_word' id='word_1_413' title='bbox 3013 3516 3283 3573; x_wconf 89' lang='lat' dir='ltr'><strong>mortem</strong></span> <span class='ocrx_word' id='word_1_414' title='bbox 3315 3526 3460 3591; x_wconf 90' lang='lat' dir='ltr'><strong>pro-</strong></span> 
     </span>
     <span class='ocr_line' id='line_1_67' title="bbox 1956 3606 3462 3691; baseline 0 -20"><span class='ocrx_word' id='word_1_415' title='bbox 1956 3614 2101 3691; x_wconf 88' lang='lat' dir='ltr'><strong>pter</strong></span> <span class='ocrx_word' id='word_1_416' title='bbox 2135 3625 2277 3669; x_wconf 91' lang='lat' dir='ltr'><strong>eam</strong></span> <span class='ocrx_word' id='word_1_417' title='bbox 2321 3625 2462 3670; x_wconf 90' lang='lat' dir='ltr'><strong>sese</strong></span> <span class='ocrx_word' id='word_1_418' title='bbox 2500 3606 2918 3670; x_wconf 88' lang='lat' dir='ltr'><strong>tradiderunt.</strong></span> <span class='ocrx_word' id='word_1_419' title='bbox 2955 3606 3312 3671; x_wconf 88' lang='lat' dir='ltr'><strong>Christiana</strong></span> <span class='ocrx_word' id='word_1_420' title='bbox 3354 3627 3462 3671; x_wconf 87' lang='lat' dir='ltr'><strong>au-</strong></span> 
     </span>
     <span class='ocr_line' id='line_1_68' title="bbox 1958 3702 3461 3768; baseline 0 -1"><span class='ocrx_word' id='word_1_421' title='bbox 1958 3714 2088 3768; x_wconf 90' lang='lat' dir='ltr'><strong>tem</strong></span> <span class='ocrx_word' id='word_1_422' title='bbox 2128 3704 2294 3767; x_wconf 89' lang='lat' dir='ltr'><strong>fides</strong></span> <span class='ocrx_word' id='word_1_423' title='bbox 2337 3703 2554 3767; x_wconf 91' lang='lat' dir='ltr'><strong>omnia</strong></span> <span class='ocrx_word' id='word_1_424' title='bbox 2598 3704 2663 3766; x_wconf 91' lang='lat' dir='ltr'><strong>in</strong></span> <span class='ocrx_word' id='word_1_425' title='bbox 2709 3702 3002 3766; x_wconf 88' lang='lat' dir='ltr'><strong>divinum</strong></span> <span class='ocrx_word' id='word_1_426' title='bbox 3049 3704 3358 3767; x_wconf 90' lang='lat' dir='ltr'><strong>honorem</strong></span> <span class='ocrx_word' id='word_1_427' title='bbox 3397 3711 3461 3767; x_wconf 91' lang='lat' dir='ltr'><strong>et</strong></span> 
     </span>
     <span class='ocr_line' id='line_1_69' title="bbox 1960 3800 3459 3884; baseline -0.001 -19"><span class='ocrx_word' id='word_1_428' title='bbox 1960 3803 2151 3865; x_wconf 92' lang='lat' dir='ltr'><strong>unius</strong></span> <span class='ocrx_word' id='word_1_429' title='bbox 2179 3802 2292 3865; x_wconf 91' lang='lat' dir='ltr'><strong>Dei</strong></span> <span class='ocrx_word' id='word_1_430' title='bbox 2323 3801 2568 3863; x_wconf 91' lang='lat' dir='ltr'><strong>cultum</strong></span> <span class='ocrx_word' id='word_1_431' title='bbox 2597 3800 2948 3863; x_wconf 88' lang='lat' dir='ltr'><strong>ordinanda</strong></span> <span class='ocrx_word' id='word_1_432' title='bbox 2978 3800 3291 3883; x_wconf 65' lang='lat' dir='ltr'><strong>praecipit,</strong></span> <span class='ocrx_word' id='word_1_433' title='bbox 3319 3820 3459 3884; x_wconf 88' lang='lat' dir='ltr'><strong>pas-</strong></span> 
     </span>
     <span class='ocr_line' id='line_1_70' title="bbox 1960 3899 3460 3981; baseline -0.002 -17"><span class='ocrx_word' id='word_1_434' title='bbox 1960 3902 2214 3964; x_wconf 92' lang='lat' dir='ltr'><strong>sionum</strong></span> <span class='ocrx_word' id='word_1_435' title='bbox 2252 3908 2315 3963; x_wconf 89' lang='lat' dir='ltr'><strong>et</strong></span> <span class='ocrx_word' id='word_1_436' title='bbox 2357 3899 2660 3962; x_wconf 88' lang='lat' dir='ltr'><strong>vitiorum</strong></span> <span class='ocrx_word' id='word_1_437' title='bbox 2718 3899 3196 3961; x_wconf 89' lang='lat' dir='ltr'><strong>immunditiam</strong></span> <span class='ocrx_word' id='word_1_438' title='bbox 3244 3900 3460 3981; x_wconf 90' lang='lat' dir='ltr'><strong>prohi-</strong></span> 
     </span>
     <span class='ocr_line' id='line_1_71' title="bbox 1959 3995 3460 4078; baseline -0.001 -17"><span class='ocrx_word' id='word_1_439' title='bbox 1959 3999 2088 4073; x_wconf 91' lang='lat' dir='ltr'><strong>bet,</strong></span> <span class='ocrx_word' id='word_1_440' title='bbox 2120 4016 2194 4060; x_wconf 89' lang='lat' dir='ltr'><strong>ac</strong></span> <span class='ocrx_word' id='word_1_441' title='bbox 2223 3997 2590 4060; x_wconf 87' lang='lat' dir='ltr'><strong>divinorum</strong></span> <span class='ocrx_word' id='word_1_442' title='bbox 2622 3995 3173 4078; x_wconf 88' lang='lat' dir='ltr'><strong>contemplationi,</strong></span> <span class='ocrx_word' id='word_1_443' title='bbox 3207 3996 3460 4059; x_wconf 86' lang='lat' dir='ltr'><strong>veritati</strong></span> 
     </span>
     <span class='ocr_line' id='line_1_72' title="bbox 1958 4095 3460 4180; baseline -0.001 -20"><span class='ocrx_word' id='word_1_444' title='bbox 1958 4106 2153 4180; x_wconf 89' lang='lat' dir='ltr'><strong>atque</strong></span> <span class='ocrx_word' id='word_1_445' title='bbox 2208 4096 2519 4159; x_wconf 86' lang='lat' dir='ltr'><strong>virtutum</strong></span> <span class='ocrx_word' id='word_1_446' title='bbox 2585 4096 2796 4157; x_wconf 91' lang='lat' dir='ltr'><strong>studio</strong></span> <span class='ocrx_word' id='word_1_447' title='bbox 2861 4095 3246 4177; x_wconf 87' lang='lat' dir='ltr'><strong>professores</strong></span> <span class='ocrx_word' id='word_1_448' title='bbox 3311 4113 3460 4159; x_wconf 89' lang='lat' dir='ltr'><strong>suos</strong></span> 
     </span>
    </p>
   </div>
   <div class='ocr_carea' id='block_1_13' title="bbox 328 4193 3460 4283">
    <p class='ocr_par' dir='ltr' id='par_1_14' title="bbox 328 4193 3460 4283">
     <span class='ocr_line' id='line_1_73' title="bbox 328 4193 3460 4283; baseline -0.002 -20"><span class='ocrx_word' id='word_1_449' title='bbox 328 4199 521 4282; x_wconf 86' lang='lat' dir='ltr'><strong>quod</strong></span> <span class='ocrx_word' id='word_1_450' title='bbox 550 4198 676 4261; x_wconf 81' lang='lat' dir='ltr'><strong>viri</strong></span> <span class='ocrx_word' id='word_1_451' title='bbox 706 4199 802 4261; x_wconf 90' lang='lat' dir='ltr'><strong>illi</strong></span> <span class='ocrx_word' id='word_1_452' title='bbox 832 4216 994 4283; x_wconf 86' lang='lat' dir='ltr'><strong>quos</strong></span> <span class='ocrx_word' id='word_1_453' title='bbox 1022 4200 1432 4273; x_wconf 75' lang='lat' dir='ltr'><strong>honoramu3‚</strong></span> <span class='ocrx_word' id='word_1_454' title='bbox 1464 4202 1749 4264; x_wconf 87' lang='lat' dir='ltr'><strong>veritatis</strong></span> <span class='ocrx_word' id='word_1_455' title='bbox 1790 4210 1853 4265; x_wconf 91' lang='lat' dir='ltr'><strong>et</strong></span> <span class='ocrx_word' id='word_1_456' title='bbox 1882 4208 1931 4271; x_wconf 90' lang='lat' dir='ltr'>D</span> <span class='ocrx_word' id='word_1_457' title='bbox 1960 4196 2099 4259; x_wconf 88' lang='lat' dir='ltr'><strong>vult</strong></span> <span class='ocrx_word' id='word_1_458' title='bbox 2128 4214 2267 4259; x_wconf 91' lang='lat' dir='ltr'><strong>esse</strong></span> <span class='ocrx_word' id='word_1_459' title='bbox 2298 4195 2592 4257; x_wconf 90' lang='lat' dir='ltr'><strong>intentos.</strong></span> <span class='ocrx_word' id='word_1_460' title='bbox 2623 4194 2700 4255; x_wconf 93' lang='lat' dir='ltr'><strong>Et</strong></span> <span class='ocrx_word' id='word_1_461' title='bbox 2729 4193 2839 4277; x_wconf 91' lang='lat' dir='ltr'><strong>qui</strong></span> <span class='ocrx_word' id='word_1_462' title='bbox 2870 4194 2962 4256; x_wconf 86' lang='lat' dir='ltr'><strong>sic</strong></span> <span class='ocrx_word' id='word_1_463' title='bbox 2993 4194 3224 4257; x_wconf 86' lang='lat' dir='ltr'><strong>ceteris</strong></span> <span class='ocrx_word' id='word_1_464' title='bbox 3253 4194 3460 4258; x_wconf 84' lang='lat' dir='ltr'><strong>excel·</strong></span> 
     </span>
    </p>
   </div>
   <div class='ocr_carea' id='block_1_14' title="bbox 324 4297 1856 5370">
    <p class='ocr_par' dir='ltr' id='par_1_15' title="bbox 324 4297 1856 5370">
     <span class='ocr_line' id='line_1_74' title="bbox 332 4297 1853 4373; baseline 0.001 -12"><span class='ocrx_word' id='word_1_465' title='bbox 332 4298 666 4361; x_wconf 83' lang='lat' dir='ltr'><strong>virtutum</strong></span> <span class='ocrx_word' id='word_1_466' title='bbox 696 4297 903 4361; x_wconf 90' lang='lat' dir='ltr'><strong>seduli</strong></span> <span class='ocrx_word' id='word_1_467' title='bbox 934 4306 1275 4361; x_wconf 88' lang='lat' dir='ltr'><strong>sectatores</strong></span> <span class='ocrx_word' id='word_1_468' title='bbox 1316 4298 1601 4373; x_wconf 89' lang='lat' dir='ltr'><strong>fuerunt,</strong></span> <span class='ocrx_word' id='word_1_469' title='bbox 1632 4300 1853 4363; x_wconf 87' lang='lat' dir='ltr'><strong>divino</strong></span> 
     </span>
     <span class='ocr_line' id='line_1_75' title="bbox 328 4396 1854 4481; baseline 0.001 -21"><span class='ocrx_word' id='word_1_470' title='bbox 328 4414 568 4461; x_wconf 87' lang='lat' dir='ltr'><strong>amore</strong></span> <span class='ocrx_word' id='word_1_471' title='bbox 596 4396 912 4471; x_wconf 89' lang='lat' dir='ltr'><strong>ardentes,</strong></span> <span class='ocrx_word' id='word_1_472' title='bbox 943 4404 1137 4479; x_wconf 81' lang='lat' dir='ltr'><strong>atque</strong></span> <span class='ocrx_word' id='word_1_473' title='bbox 1166 4398 1232 4460; x_wconf 89' lang='lat' dir='ltr'><strong>in</strong></span> <span class='ocrx_word' id='word_1_474' title='bbox 1264 4405 1638 4481; x_wconf 87' lang='lat' dir='ltr'><strong>contemptu</strong></span> <span class='ocrx_word' id='word_1_475' title='bbox 1670 4418 1854 4461; x_wconf 89' lang='lat' dir='ltr'><strong>mun·-</strong></span> 
     </span>
     <span class='ocr_line' id='line_1_76' title="bbox 330 4494 1851 4580; baseline 0.001 -21"><span class='ocrx_word' id='word_1_476' title='bbox 330 4496 403 4559; x_wconf 86' lang='lat' dir='ltr'><strong>di</strong></span> <span class='ocrx_word' id='word_1_477' title='bbox 450 4494 989 4577; x_wconf 85' lang='lat' dir='ltr'><strong>voluptatumque</strong></span> <span class='ocrx_word' id='word_1_478' title='bbox 1031 4495 1385 4560; x_wconf 87' lang='lat' dir='ltr'><strong>carnalium</strong></span> <span class='ocrx_word' id='word_1_479' title='bbox 1432 4496 1584 4577; x_wconf 89' lang='lat' dir='ltr'><strong>fuga</strong></span> <span class='ocrx_word' id='word_1_480' title='bbox 1631 4499 1851 4580; x_wconf 82' lang='lat' dir='ltr'><strong>praeci·</strong></span> 
     </span>
     <span class='ocr_line' id='line_1_77' title="bbox 330 4592 1849 4678; baseline 0.002 -21"><span class='ocrx_word' id='word_1_481' title='bbox 330 4594 481 4678; x_wconf 89' lang='lat' dir='ltr'><strong>pui.</strong></span> <span class='ocrx_word' id='word_1_482' title='bbox 550 4592 645 4657; x_wconf 90' lang='lat' dir='ltr'><strong>Ab</strong></span> <span class='ocrx_word' id='word_1_483' title='bbox 714 4593 860 4656; x_wconf 91' lang='lat' dir='ltr'><strong>aliis</strong></span> <span class='ocrx_word' id='word_1_484' title='bbox 929 4594 1334 4676; x_wconf 88' lang='lat' dir='ltr'><strong>suscepimus</strong></span> <span class='ocrx_word' id='word_1_485' title='bbox 1408 4596 1849 4660; x_wconf 90' lang='lat' dir='ltr'><strong>testimonium</strong></span> 
     </span>
     <span class='ocr_line' id='line_1_78' title="bbox 332 4692 1849 4778; baseline 0.001 -21"><span class='ocrx_word' id='word_1_486' title='bbox 332 4692 823 4778; x_wconf 79' lang='lat' dir='ltr'><strong>praeteritorum</strong></span> <span class='ocrx_word' id='word_1_487' title='bbox 862 4692 1259 4756; x_wconf 87' lang='lat' dir='ltr'><strong>mirabilium</strong></span> <span class='ocrx_word' id='word_1_488' title='bbox 1312 4710 1325 4755; x_wconf 79' lang='lat' dir='ltr'><strong>t</strong></span> <span class='ocrx_word' id='word_1_489' title='bbox 1376 4701 1439 4757; x_wconf 88' lang='lat' dir='ltr'><strong>et</strong></span> <span class='ocrx_word' id='word_1_490' title='bbox 1476 4694 1588 4776; x_wconf 91' lang='lat' dir='ltr'><strong>qui</strong></span> <span class='ocrx_word' id='word_1_491' title='bbox 1630 4696 1695 4757; x_wconf 91' lang='lat' dir='ltr'><strong>in</strong></span> <span class='ocrx_word' id='word_1_492' title='bbox 1734 4696 1849 4758; x_wconf 91' lang='lat' dir='ltr'><strong>hu-</strong></span> 
     </span>
     <span class='ocr_line' id='line_1_79' title="bbox 324 4792 1847 4875; baseline 0.001 -20"><span class='ocrx_word' id='word_1_493' title='bbox 324 4792 713 4875; x_wconf 82' lang='lat' dir='ltr'><strong>juscemodi</strong></span> <span class='ocrx_word' id='word_1_494' title='bbox 780 4792 908 4855; x_wconf 81' lang='lat' dir='ltr'><strong>vita</strong></span> <span class='ocrx_word' id='word_1_495' title='bbox 972 4811 1104 4875; x_wconf 78' lang='lat' dir='ltr'><strong>prae</strong></span> <span class='ocrx_word' id='word_1_496' title='bbox 1168 4793 1399 4856; x_wconf 89' lang='lat' dir='ltr'><strong>ceteris</strong></span> <span class='ocrx_word' id='word_1_497' title='bbox 1456 4794 1847 4871; x_wconf 89' lang='lat' dir='ltr'><strong>eminebant,</strong></span> 
     </span>
     <span class='ocr_line' id='line_1_80' title="bbox 330 4889 1851 4974; baseline 0.001 -19"><span class='ocrx_word' id='word_1_498' title='bbox 330 4889 751 4955; x_wconf 77' lang='lat' dir='ltr'><strong>mirabiliora</strong></span> <span class='ocrx_word' id='word_1_499' title='bbox 778 4892 1019 4973; x_wconf 87' lang='lat' dir='ltr'><strong>operati</strong></span> <span class='ocrx_word' id='word_1_500' title='bbox 1049 4898 1221 4965; x_wconf 87' lang='lat' dir='ltr'><strong>sunt,</strong></span> <span class='ocrx_word' id='word_1_501' title='bbox 1251 4890 1432 4974; x_wconf 89' lang='lat' dir='ltr'><strong>quasi</strong></span> <span class='ocrx_word' id='word_1_502' title='bbox 1473 4892 1673 4973; x_wconf 89' lang='lat' dir='ltr'><strong>signis</strong></span> <span class='ocrx_word' id='word_1_503' title='bbox 1710 4912 1851 4957; x_wconf 90' lang='lat' dir='ltr'><strong>san-</strong></span> 
     </span>
     <span class='ocr_line' id='line_1_81' title="bbox 326 4990 1853 5076; baseline 0.001 -22"><span class='ocrx_word' id='word_1_504' title='bbox 326 4992 641 5055; x_wconf 84' lang='lat' dir='ltr'><strong>ctitatem</strong></span> <span class='ocrx_word' id='word_1_505' title='bbox 690 5007 765 5052; x_wconf 89' lang='lat' dir='ltr'><strong>ac</strong></span> <span class='ocrx_word' id='word_1_506' title='bbox 802 4990 1145 5072; x_wconf 87' lang='lat' dir='ltr'><strong>puritatem</strong></span> <span class='ocrx_word' id='word_1_507' title='bbox 1188 4991 1475 5073; x_wconf 89' lang='lat' dir='ltr'><strong>ipsorum</strong></span> <span class='ocrx_word' id='word_1_508' title='bbox 1522 4993 1853 5076; x_wconf 89' lang='lat' dir='ltr'><strong>propalan-</strong></span> 
     </span>
     <span class='ocr_line' id='line_1_82' title="bbox 330 5090 1851 5174; baseline 0.002 -21"><span class='ocrx_word' id='word_1_509' title='bbox 330 5091 549 5157; x_wconf 90' lang='lat' dir='ltr'><strong>tibus.</strong></span> <span class='ocrx_word' id='word_1_510' title='bbox 614 5090 865 5152; x_wconf 87' lang='lat' dir='ltr'><strong>Etenim</strong></span> <span class='ocrx_word' id='word_1_511' title='bbox 932 5091 1102 5173; x_wconf 91' lang='lat' dir='ltr'><strong>quod</strong></span> <span class='ocrx_word' id='word_1_512' title='bbox 1168 5109 1341 5153; x_wconf 91' lang='lat' dir='ltr'><strong>nunc</strong></span> <span class='ocrx_word' id='word_1_513' title='bbox 1408 5108 1665 5174; x_wconf 90' lang='lat' dir='ltr'><strong>quoque</strong></span> <span class='ocrx_word' id='word_1_514' title='bbox 1724 5111 1851 5156; x_wconf 91' lang='lat' dir='ltr'><strong>non</strong></span> 
     </span>
     <span class='ocr_line' id='line_1_83' title="bbox 333 5187 1855 5264; baseline -0.001 -11"><span class='ocrx_word' id='word_1_515' title='bbox 333 5198 531 5253; x_wconf 85' lang='lat' dir='ltr'><strong>tanta</strong></span> <span class='ocrx_word' id='word_1_516' title='bbox 558 5188 940 5253; x_wconf 87' lang='lat' dir='ltr'><strong>efficiuntur</strong></span> <span class='ocrx_word' id='word_1_517' title='bbox 980 5187 1297 5251; x_wconf 86' lang='lat' dir='ltr'><strong>mirabilia</strong></span> <span class='ocrx_word' id='word_1_518' title='bbox 1336 5195 1406 5250; x_wconf 90' lang='lat' dir='ltr'><strong>ut</strong></span> <span class='ocrx_word' id='word_1_519' title='bbox 1442 5188 1621 5264; x_wconf 91' lang='lat' dir='ltr'><strong>olim,</strong></span> <span class='ocrx_word' id='word_1_520' title='bbox 1652 5189 1855 5253; x_wconf 87' lang='lat' dir='ltr'><strong>aliun-</strong></span> 
     </span>
     <span class='ocr_line' id='line_1_84' title="bbox 332 5287 1856 5370; baseline -0.002 -15"><span class='ocrx_word' id='word_1_521' title='bbox 332 5292 427 5355; x_wconf 89' lang='lat' dir='ltr'><strong>de</strong></span> <span class='ocrx_word' id='word_1_522' title='bbox 459 5307 599 5353; x_wconf 89' lang='lat' dir='ltr'><strong>non</strong></span> <span class='ocrx_word' id='word_1_523' title='bbox 636 5287 855 5351; x_wconf 84' lang='lat' dir='ltr'><strong>evenit</strong></span> <span class='ocrx_word' id='word_1_524' title='bbox 887 5288 1011 5369; x_wconf 82' lang='lat' dir='ltr'><strong>nisi</strong></span> <span class='ocrx_word' id='word_1_525' title='bbox 1049 5288 1203 5370; x_wconf 89' lang='lat' dir='ltr'><strong>quia</strong></span> <span class='ocrx_word' id='word_1_526' title='bbox 1246 5287 1503 5351; x_wconf 90' lang='lat' dir='ltr'><strong>illorum</strong></span> <span class='ocrx_word' id='word_1_527' title='bbox 1548 5289 1747 5353; x_wconf 85' lang='lat' dir='ltr'><strong>vitam</strong></span> <span class='ocrx_word' id='word_1_528' title='bbox 1790 5296 1856 5353; x_wconf 88' lang='lat' dir='ltr'><strong>et</strong></span> 
     </span>
    </p>
   </div>
   <div class='ocr_carea' id='block_1_15' title="bbox 1959 4291 3463 5352">
    <p class='ocr_par' dir='ltr' id='par_1_16' title="bbox 1959 4291 3460 4874">
     <span class='ocr_line' id='line_1_85' title="bbox 1962 4291 3460 4375; baseline -0.001 -19"><span class='ocrx_word' id='word_1_529' title='bbox 1962 4294 2198 4356; x_wconf 91' lang='lat' dir='ltr'><strong>lentius</strong></span> <span class='ocrx_word' id='word_1_530' title='bbox 2245 4300 2533 4373; x_wconf 89' lang='lat' dir='ltr'><strong>egerunt,</strong></span> <span class='ocrx_word' id='word_1_531' title='bbox 2585 4292 2652 4355; x_wconf 91' lang='lat' dir='ltr'><strong>in</strong></span> <span class='ocrx_word' id='word_1_532' title='bbox 2711 4292 2946 4354; x_wconf 87' lang='lat' dir='ltr'><strong>virtute</strong></span> <span class='ocrx_word' id='word_1_533' title='bbox 3001 4291 3158 4354; x_wconf 91' lang='lat' dir='ltr'><strong>fidei</strong></span> <span class='ocrx_word' id='word_1_534' title='bbox 3215 4294 3460 4375; x_wconf 87' lang='lat' dir='ltr'><strong>operati</strong></span> 
     </span>
     <span class='ocr_line' id='line_1_86' title="bbox 1959 4390 3458 4473; baseline -0.001 -17"><span class='ocrx_word' id='word_1_535' title='bbox 1959 4400 2110 4456; x_wconf 91' lang='lat' dir='ltr'><strong>sunt</strong></span> <span class='ocrx_word' id='word_1_536' title='bbox 2138 4390 2460 4455; x_wconf 87' lang='lat' dir='ltr'><strong>mirabilia</strong></span> <span class='ocrx_word' id='word_1_537' title='bbox 2493 4408 2506 4452; x_wconf 91' lang='lat'>:</span> <span class='ocrx_word' id='word_1_538' title='bbox 2540 4390 2777 4473; x_wconf 90' lang='lat' dir='ltr'><strong>quibus</strong></span> <span class='ocrx_word' id='word_1_539' title='bbox 2805 4390 3160 4471; x_wconf 79' lang='lat' dir='ltr'><strong>gloriantur</strong></span> <span class='ocrx_word' id='word_1_540' title='bbox 3197 4390 3458 4455; x_wconf 87' lang='lat' dir='ltr'><strong>Christi·</strong></span> 
     </span>
     <span class='ocr_line' id='line_1_87' title="bbox 1959 4489 3458 4573; baseline -0.001 -19"><span class='ocrx_word' id='word_1_541' title='bbox 1959 4492 2065 4554; x_wconf 90' lang='lat' dir='ltr'><strong>ani</strong></span> <span class='ocrx_word' id='word_1_542' title='bbox 2098 4492 2304 4572; x_wconf 90' lang='lat' dir='ltr'><strong>legem</strong></span> <span class='ocrx_word' id='word_1_543' title='bbox 2335 4509 2516 4552; x_wconf 92' lang='lat' dir='ltr'><strong>suam</strong></span> <span class='ocrx_word' id='word_1_544' title='bbox 2547 4509 2584 4551; x_wconf 90' lang='lat' dir='ltr'><strong>a</strong></span> <span class='ocrx_word' id='word_1_545' title='bbox 2611 4490 2740 4553; x_wconf 90' lang='lat' dir='ltr'><strong>Deo</strong></span> <span class='ocrx_word' id='word_1_546' title='bbox 2769 4489 3294 4573; x_wconf 89' lang='lat' dir='ltr'><strong>approbationem</strong></span> <span class='ocrx_word' id='word_1_547' title='bbox 3329 4508 3458 4553; x_wconf 91' lang='lat' dir='ltr'><strong>sor-</strong></span> 
     </span>
     <span class='ocr_line' id='line_1_88' title="bbox 1959 4589 3459 4672; baseline -0.001 -19"><span class='ocrx_word' id='word_1_548' title='bbox 1959 4590 2086 4653; x_wconf 87' lang='lat' dir='ltr'><strong>tiri.</strong></span> <span class='ocrx_word' id='word_1_549' title='bbox 2120 4590 2259 4653; x_wconf 91' lang='lat' dir='ltr'><strong>Non</strong></span> <span class='ocrx_word' id='word_1_550' title='bbox 2297 4606 2450 4669; x_wconf 92' lang='lat' dir='ltr'><strong>ergo</strong></span> <span class='ocrx_word' id='word_1_551' title='bbox 2478 4589 2842 4671; x_wconf 87' lang='lat' dir='ltr'><strong>deceptoria</strong></span> <span class='ocrx_word' id='word_1_552' title='bbox 2869 4596 2980 4651; x_wconf 91' lang='lat' dir='ltr'><strong>aut</strong></span> <span class='ocrx_word' id='word_1_553' title='bbox 3023 4589 3272 4671; x_wconf 84' lang='lat' dir='ltr'><strong>magica</strong></span> <span class='ocrx_word' id='word_1_554' title='bbox 3313 4607 3459 4672; x_wconf 87' lang='lat' dir='ltr'><strong>ope-</strong></span> 
     </span>
     <span class='ocr_line' id='line_1_89' title="bbox 1960 4688 3459 4770; baseline -0.001 -15"><span class='ocrx_word' id='word_1_555' title='bbox 1960 4691 2204 4755; x_wconf 89' lang='lat' dir='ltr'><strong>ratione</strong></span> <span class='ocrx_word' id='word_1_556' title='bbox 2233 4689 2384 4752; x_wconf 89' lang='lat' dir='ltr'><strong>talia</strong></span> <span class='ocrx_word' id='word_1_557' title='bbox 2410 4688 2578 4752; x_wconf 88' lang='lat' dir='ltr'><strong>facta</strong></span> <span class='ocrx_word' id='word_1_558' title='bbox 2609 4696 2778 4763; x_wconf 89' lang='lat' dir='ltr'><strong>sunt,</strong></span> <span class='ocrx_word' id='word_1_559' title='bbox 2811 4689 2922 4752; x_wconf 90' lang='lat' dir='ltr'><strong>sed</strong></span> <span class='ocrx_word' id='word_1_560' title='bbox 2954 4688 3021 4750; x_wconf 93' lang='lat' dir='ltr'><strong>in</strong></span> <span class='ocrx_word' id='word_1_561' title='bbox 3051 4689 3286 4752; x_wconf 86' lang='lat' dir='ltr'><strong>virtute</strong></span> <span class='ocrx_word' id='word_1_562' title='bbox 3315 4689 3459 4770; x_wconf 85' lang='lat' dir='ltr'><strong>ejus</strong></span> 
     </span>
     <span class='ocr_line' id='line_1_90' title="bbox 1961 4788 3111 4874; baseline -0.003 -21"><span class='ocrx_word' id='word_1_563' title='bbox 1961 4790 2072 4874; x_wconf 92' lang='lat' dir='ltr'><strong>qui</strong></span> <span class='ocrx_word' id='word_1_564' title='bbox 2114 4789 2272 4852; x_wconf 90' lang='lat' dir='ltr'><strong>fidei</strong></span> <span class='ocrx_word' id='word_1_565' title='bbox 2317 4788 2478 4852; x_wconf 83' lang='lat' dir='ltr'><strong>lator</strong></span> <span class='ocrx_word' id='word_1_566' title='bbox 2518 4794 2616 4851; x_wconf 91' lang='lat' dir='ltr'><strong>est</strong></span> <span class='ocrx_word' id='word_1_567' title='bbox 2656 4795 2722 4849; x_wconf 89' lang='lat' dir='ltr'><strong>et</strong></span> <span class='ocrx_word' id='word_1_568' title='bbox 2766 4788 3111 4850; x_wconf 90' lang='lat' dir='ltr'><strong>institutor.</strong></span> 
     </span>
    </p>

    <p class='ocr_par' dir='ltr' id='par_1_17' title="bbox 1959 4886 3463 5352">
     <span class='ocr_line' id='line_1_91' title="bbox 2037 4886 3460 4970; baseline -0.001 -18"><span class='ocrx_word' id='word_1_569' title='bbox 2037 4889 2286 4963; x_wconf 90' lang='lat' dir='ltr'><strong>Adhuc,</strong></span> <span class='ocrx_word' id='word_1_570' title='bbox 2337 4888 2403 4951; x_wconf 91' lang='lat' dir='ltr'><strong>in</strong></span> <span class='ocrx_word' id='word_1_571' title='bbox 2461 4886 2696 4950; x_wconf 86' lang='lat' dir='ltr'><strong>virtute</strong></span> <span class='ocrx_word' id='word_1_572' title='bbox 2753 4886 2894 4968; x_wconf 85' lang='lat' dir='ltr'><strong>ejus</strong></span> <span class='ocrx_word' id='word_1_573' title='bbox 2953 4887 3138 4967; x_wconf 90' lang='lat' dir='ltr'><strong>cujus</strong></span> <span class='ocrx_word' id='word_1_574' title='bbox 3189 4888 3460 4970; x_wconf 88' lang='lat' dir='ltr'><strong>patroci-</strong></span> 
     </span>
     <span class='ocr_line' id='line_1_92' title="bbox 1959 4986 3458 5071; baseline 0 -19"><span class='ocrx_word' id='word_1_575' title='bbox 1959 4990 2142 5052; x_wconf 89' lang='lat' dir='ltr'><strong>nium</strong></span> <span class='ocrx_word' id='word_1_576' title='bbox 2174 4988 2576 5071; x_wconf 88' lang='lat' dir='ltr'><strong>imploratur,</strong></span> <span class='ocrx_word' id='word_1_577' title='bbox 2607 4986 2738 5069; x_wconf 86' lang='lat' dir='ltr'><strong>agit</strong></span> <span class='ocrx_word' id='word_1_578' title='bbox 2785 4987 2838 5049; x_wconf 91' lang='lat' dir='ltr'><strong>is</strong></span> <span class='ocrx_word' id='word_1_579' title='bbox 2879 4988 2990 5068; x_wconf 89' lang='lat' dir='ltr'><strong>qui</strong></span> <span class='ocrx_word' id='word_1_580' title='bbox 3031 5006 3106 5051; x_wconf 89' lang='lat' dir='ltr'><strong>ea</strong></span> <span class='ocrx_word' id='word_1_581' title='bbox 3144 4988 3277 5067; x_wconf 87' lang='lat' dir='ltr'><strong>agit</strong></span> <span class='ocrx_word' id='word_1_582' title='bbox 3313 5006 3458 5071; x_wconf 82' lang='lat' dir='ltr'><strong>quae</strong></span> 
     </span>
     <span class='ocr_line' id='line_1_93' title="bbox 1959 5086 3456 5169; baseline 0 -19"><span class='ocrx_word' id='word_1_583' title='bbox 1959 5107 2089 5151; x_wconf 84' lang='lat' dir='ltr'><strong>suae</strong></span> <span class='ocrx_word' id='word_1_584' title='bbox 2119 5088 2375 5151; x_wconf 89' lang='lat' dir='ltr'><strong>virtutis</strong></span> <span class='ocrx_word' id='word_1_585' title='bbox 2405 5086 2841 5149; x_wconf 85' lang='lat' dir='ltr'><strong>causalitatem</strong></span> <span class='ocrx_word' id='word_1_586' title='bbox 2870 5088 3456 5169; x_wconf 90' lang='lat' dir='ltr'><strong>supergrediuntur.</strong></span> 
     </span>
     <span class='ocr_line' id='line_1_94' title="bbox 1961 5185 3463 5267; baseline -0.001 -16"><span class='ocrx_word' id='word_1_587' title='bbox 1961 5187 2214 5251; x_wconf 90' lang='lat' dir='ltr'><strong>Etenim</strong></span> <span class='ocrx_word' id='word_1_588' title='bbox 2272 5188 2444 5249; x_wconf 87' lang='lat' dir='ltr'><strong>hunc</strong></span> <span class='ocrx_word' id='word_1_589' title='bbox 2495 5186 2750 5249; x_wconf 88' lang='lat' dir='ltr'><strong>invocat</strong></span> <span class='ocrx_word' id='word_1_590' title='bbox 2796 5185 2862 5247; x_wconf 90' lang='lat' dir='ltr'><strong>in</strong></span> <span class='ocrx_word' id='word_1_591' title='bbox 2909 5186 3096 5266; x_wconf 88' lang='lat' dir='ltr'><strong>cujus</strong></span> <span class='ocrx_word' id='word_1_592' title='bbox 3143 5186 3463 5267; x_wconf 87' lang='lat' dir='ltr'><strong>adjutorio</strong></span> 
     </span>
     <span class='ocr_line' id='line_1_95' title="bbox 1962 5285 3462 5352; baseline -0.001 0"><span class='ocrx_word' id='word_1_593' title='bbox 1962 5288 2251 5352; x_wconf 88' lang='lat' dir='ltr'><strong>confidit.</strong></span> <span class='ocrx_word' id='word_1_594' title='bbox 2293 5286 2416 5350; x_wconf 90' lang='lat' dir='ltr'><strong>Sed</strong></span> <span class='ocrx_word' id='word_1_595' title='bbox 2462 5286 2654 5348; x_wconf 90' lang='lat' dir='ltr'><strong>unius</strong></span> <span class='ocrx_word' id='word_1_596' title='bbox 2701 5293 2766 5347; x_wconf 91' lang='lat' dir='ltr'><strong>et</strong></span> <span class='ocrx_word' id='word_1_597' title='bbox 2810 5286 3047 5349; x_wconf 89' lang='lat' dir='ltr'><strong>summi</strong></span> <span class='ocrx_word' id='word_1_598' title='bbox 3093 5285 3208 5349; x_wconf 90' lang='lat' dir='ltr'><strong>Dei</strong></span> <span class='ocrx_word' id='word_1_599' title='bbox 3255 5287 3462 5351; x_wconf 88' lang='lat' dir='ltr'><strong>subsi-</strong></span> 
     </span>
    </p>
   </div>
  </div>
 </body>
</html>
