4300 6259
994 511 1074 558 DE
1115 509 1342 558 mmm!
1384 509 1766 556 cumsrlANAE
1807 507 2108 564 Tamum,
2154 507 2331 554 unna
2372 509 2411 554 1.
2458 525 2539 538 ··-
2580 509 2718 554 Am.
2764 509 2799 555 G

3330 491 3447 556 361

344 686 642 768 organica
683 691 748 749 et
793 684 1138 748 materialis
1187 700 1201 746 :
1249 682 1520 765 ideoque
1562 699 1690 744 non
1734 700 1840 763 ap·
1871 679 1922 744 A
1952 679 2243 744 lectualis
2270 679 2501 745 animae
2532 697 2791 763 prorsus
2823 681 3133 765 ignorare,
3167 682 3277 765 qui
3308 701 3450 746 eam

345 787 503 869 petit
543 804 686 848 esse
727 783 1148 867 simpliciter3
1181 783 1292 846 sed
1332 782 1498 844 sicut
1539 780 1840 863 concipit,

341 886 434 947 sic
461 885 730 966 appetit.
764 882 1132 946 Intellectus
1165 899 1336 956 vere,
1371 880 1474 942 cui
1508 879 1838 962 proprium

341 989 434 1046 est
465 981 914 1045 universaliter
941 997 1348 1062 cognoscere,
1382 978 1710 1060 cognoscit
1747 997 1842 1040 es-

340 1099 408 1145 se
439 1088 826 1164 perpetuum
869 1079 1222 1142 secundum
1253 1077 1425 1160 quod
1455 1076 1581 1140 tale
1609 1085 1673 1139 et
1703 1077 1840 1139 sine

339 1178 872 1242 determinatione
915 1178 994 1240 ad
1037 1185 1313 1259 tempus.
1361 1175 1464 1239 Sic
1509 1191 1659 1256 ergo
1701 1193 1841 1257 pro-

339 1278 554 1361 prium
599 1283 698 1340 est
739 1277 862 1340 sibi
911 1283 1212 1360 appetere
1257 1275 1471 1357 ipsum
1514 1292 1654 1336 esse
1697 1279 1840 1336 :est

341 1395 492 1458 ergo
535 1394 798 1459 prorsus
843 1373 1394 1437 indestructibilis.

419 1476 608 1538 Porro
667 1491 926 1536 necesse
982 1479 1079 1535 est
1122 1471 1583 1554 perfectionem
1633 1487 1844 1532 corre-

341 1574 657 1655 spondere
703 1570 1089 1655 perfectibili
1133 1588 1148 1633 :
1192 1578 1256 1632 et
1299 1569 1440 1632 ideo
1482 1569 1652 1651 quod
1699 1585 1842 1630 con-

343 1671 516 1733 venit
557 1669 934 1752 perfectioni
979 1670 1046 1732 in
1085 1677 1396 1751 quantum
1442 1676 1538 1730 est
1577 1667 1842 1730 alterius

343 1768 672 1850 perfectio,
721 1775 968 1850 oportet
1010 1767 1202 1830 etiam
1253 1765 1642 1848 perfectibili
1691 1783 1840 1828 con·

1949 779 2461 843 destructibilem
2506 786 2750 864 putant.

2392 1051 2883 1118 ARTICULUS
2928 1054 3001 1118 C.

1947 1193 2044 1252 De
2113 1191 2485 1252 rationibus
2554 1193 2791 1271 quibus
2861 1194 3128 1253 videtur
3198 1196 3449 1252 ostenda

2019 1298 2228 1356 posse,
2270 1281 2562 1341 animam
2601 1283 2991 1342 rationalem
3034 1303 3239 1362 neque
3277 1301 3451 1359 sepa·

2032 1371 2303 1429 rabilem
2354 1389 2560 1450 neque
2608 1372 3039 1432 immortalem
3087 1392 3236 1432 esse.

2093 1566 2567 1630 ESPONDEBIT
2598 1567 2874 1650 denique
2914 1567 2991 1629 ad
3031 1585 3253 1630 omnes
3296 1587 3451 1649 prae-

2121 1665 2369 1727 habitas
2413 1665 2689 1728 rationes
2737 1665 2946 1729 forsan
2997 1665 3253 1748 aliquiS,
3299 1665 3453 1728 satis

1950 1763 2455 1826 demonstratum
2500 1783 2663 1838 esse,
2702 1765 3100 1827 intellectum
3141 1783 3268 1828 non
3308 1782 3453 1846 ope-

339 1867 558 1930 venire
591 1883 606 1928 :
641 1873 792 1930 sunt
829 1867 1002 1929 enim
1047 1865 1240 1927 unius
1283 1865 1556 1947 generis
1592 1864 1711 1926 Sed
1745 1863 1836 1926 in·
1875 1863 1921 1925 B
1952 1862 2076 1923 rari
2137 1881 2252 1944 per
2308 1881 2641 1945 organum,
2704 1882 2913 1945 neque
2975 1864 3253 1926 materiae
3312 1882 3451 1926 esse

339 1964 674 2045 telligibile
693 1972 788 2026 est
821 1963 1080 2048 propria
1110 1961 1418 2045 perfect10
1451 1961 1837 2035 intellectuS,

339 2062 503 2124 sicut
549 2063 878 2143 objectum
929 2062 1244 2144 potentiae.
1289 2059 1682 2141 lntelligibili
1731 2077 1838 2120 au-

339 2169 464 2224 tem
507 2161 864 2224 secundum
901 2160 1070 2244 quod
1115 2159 1509 2241 hujusmodi,
1541 2158 1842 2222 convenit

341 2279 476 2322 esse
525 2259 1016 2342 incorruptibile
1065 2267 1128 2320 et
1176 2277 1454 2322 necesse.
1503 2259 1660 2322 Nam
1709 2277 1840 2320 ma-

342 2358 586 2420 terialia
643 2365 707 2420 et
763 2357 1110 2440 singularia
1168 2375 1295 2420 non
1343 2364 1494 2420 sunt
1542 2356 1841 2437 intelligi-

339 2457 492 2519 bilia
538 2465 684 2519 actu
734 2464 796 2520 et
844 2456 1198 2519 secundum
1248 2475 1336 2528 se,
1381 2456 1490 2518 sed
1541 2474 1656 2538 per
1701 2453 1840 2517 abs-

341 2555 714 2618 tractionem
763 2574 800 2617 a
861 2561 1032 2617 motu
1095 2561 1160 2616 et
1219 2554 1504 2626 materia,
1557 2573 1700 2636 quae
1747 2561 1841 2616 est

338 2653 788 2734 contingentiae
818 2660 882 2715 et
923 2652 1488 2734 corruptibilitatis
1519 2652 1718 2726 radix,
1753 2670 1844 2714 se-

339 2752 622 2814 cundum
673 2750 1081 2814 Aristotelem
1131 2759 1313 2813 sexto
1360 2751 1584 2813 Primae
1644 2750 1846 2832 philo-

337 2849 596 2932 sophiae.
645 2850 916 2913 Necesse
965 2855 1062 2911 est
1108 2867 1260 2930 ergo
1309 2849 1708 2911 intellectum
1755 2849 1846 2910 in-

337 2947 826 3030 corruptibilem
868 2966 1032 3011 esse.

1951 1961 2341 2036 immixtum,
2357 1979 2480 2025 non
2504 1970 2717 2025 tamen
2750 1962 3329 2046 incorruptibilem,
3348 1964 3456 2025 du-

1949 2059 2102 2142 plici
2135 2060 2396 2124 ratione.
2430 2060 2643 2124 Primo
2684 2060 2942 2144 quidem
2980 2080 2995 2124 :
3030 2080 3176 2124 nam
3208 2063 3453 2124 destru-

1950 2164 2052 2221 cto
2088 2159 2321 2241 priore,
2354 2177 2561 2242 neque
2596 2168 2885 2222 remanet
2926 2179 3135 2242 neque
3174 2160 3305 2240 agit
3344 2177 3451 2242 po-

1949 2256 2202 2318 sterius.
2264 2257 2335 2319 In
2391 2257 2653 2322 homine
2712 2265 2923 2320 autem
2986 2258 3450 2321 intellectivum

1953 2354 2393 2437 praesupponit
2428 2357 2807 2419 sensitivum
2851 2364 2916 2418 et
2960 2357 3023 2418 in
3062 2356 3306 2438 agendo
3346 2357 3451 2419 de-

1953 2453 2191 2534 pendet
2232 2472 2309 2515 ex
2354 2472 2451 2527 eo,
2500 2455 2669 2518 sicut
2716 2457 2781 2517 in
2832 2456 3143 2536 prooemio
3186 2455 3453 2518 Posteri-

1951 2567 2137 2612 orum
2168 2559 2387 2633 aperte
2415 2552 2607 2614 tradit
2636 2552 3023 2615 Aristoteles
3060 2552 3317 2615 Constat
3344 2571 3453 2614 au-

1953 2657 2106 2722 tem,
2140 2667 2409 2731 corpore
2444 2641 2753 2731 pereunte
2792 2651 3171 2713 sensitivum
3204 2650 3451 2732 perire:

1953 2747 2046 2809 nil
2091 2765 2242 2828 ergo
2288 2748 2593 2829 deinceps
2652 2747 3021 2830 operabitur
3068 2748 3451 2812 intellectus,

1959 2881 2036 2892 -—-
2067 2847 2363 2908 Secundo
2411 2864 2425 2908 :
2476 2865 2621 2909 nam
2668 2847 3089 2929 Philosophus
3130 2853 3459 2930 comparat

1957 2944 2351 3007 intellectum
2393 2946 2469 3007 ad
2512 2945 2909 3027 phantasma,
2940 2947 3109 3008 sicut
3138 2945 3347 3008 visum
3379 2947 3455 3008 ad

418 3048 730 3130 Amplius,
777 3047 951 3110 entia
997 3046 1240 3110 ordinis
1291 3046 1629 3109 mediantis
1681 3047 1844 3110 inter
1882 3045 1924 3108 C
1956 3043 2257 3105 colorem.
2294 3044 2443 3106 Sine
2479 3043 2689 3106 colore
2729 3050 2944 3106 autem
2985 3061 3111 3106 non
3152 3043 3229 3106 fit
3257 3044 3452 3106 visuS.

340 3146 498 3208 duos
543 3145 802 3208 ordines
849 3153 1192 3218 extremoS,
1241 3163 1502 3207 necesse
1551 3151 1647 3206 est
1695 3163 1842 3206 cum

343 3245 679 3325 utriusque
735 3243 978 3305 ordinis
1046 3243 1304 3306 entibus
1363 3243 1606 3325 aliquid
1675 3261 1844 3304 com-

244 3367 268 3396 x
306 3360 540 3404 .mune
583 3340 820 3404 habere
863 3359 876 3402 :
925 3348 986 3403 et
1031 3341 1150 3403 hoc
1191 3341 1326 3421 jam
1370 3359 1564 3422 supra
1606 3340 1843 3403 diffuse

341 3447 680 3502 tractatum
713 3447 828 3502 est.
863 3440 1038 3502 Unde
1065 3439 1362 3502 videmus
1395 3438 1682 3520 quaedam
1714 3439 1846 3500 ani-

345 3538 530 3599 malia
574 3546 813 3600 tantam
853 3538 1248 3600 vicinitatem
1292 3556 1438 3599 cum
1473 3537 1708 3619 plantis
1739 3536 1844 3598 ha-

339 3635 512 3709 bere,
556 3643 626 3698 ut
669 3637 798 3699 sint
833 3635 1032 3698 affixa
1070 3636 1290 3717 petriS,
1322 3643 1386 3698 et
1423 3634 1708 3698 localiter
1747 3654 1841 3699 se-

337 3735 619 3797 cundum
669 3753 738 3798 se
785 3742 916 3797 tota
963 3753 1090 3797 non
1143 3735 1460 3797 moventia
1507 3753 1664 3796 sese.
1719 3733 1840 3796 Sed

337 3851 562 3896 omnes
608 3833 728 3895 hoc
767 3834 967 3907 aiunt,
1000 3833 1170 3915 quod
1217 3832 1668 3896 intellectualis
1711 3832 1843 3894 ani·

339 3951 442 3993 ma
479 3932 648 3994 inter
686 3930 924 3993 formas
963 3930 1227 3994 omnino
1267 3937 1586 4012 separatas
1626 3937 1689 3992 et
1733 3949 1840 4012 pe-

339 4031 510 4092 nitus
553 4030 930 4110 conjunctas
973 4029 1185 4092 media
1226 4035 1340 4091 est.
1377 4029 1624 4091 Dicitur
1664 4028 1838 4090 enim

337 4127 596 4190 horizon
656 4127 1033 4202 formarum,
1085 4134 1150 4190 et
1207 4127 1504 4208 cingulus
1561 4145 1634 4188 ac
1689 4125 1838 4208 liga-

1954 3141 2118 3222 Ergo
2168 3159 2287 3204 nec
2338 3141 2475 3204 sine
2524 3141 2965 3223 phantasmate
3007 3141 3129 3204 erit
3174 3143 3458 3223 operatio

1959 3239 2343 3302 intellectus.
2380 3239 2637 3304 Certum
2670 3249 2766 3303 est
2794 3249 3031 3313 autem,
3056 3248 3199 3324 post
3228 3259 3459 3324 corpus

1952 3354 2077 3399 non
2127 3356 2458 3400 remanere
2504 3339 2961 3421 phantasmata.
2996 3341 3324 3412 Praeterea,
3366 3340 3457 3402 vi-

1951 3435 2177 3498 demus
2246 3455 2505 3499 omnem
2584 3439 3020 3519 operationem
3094 3438 3455 3500 intellectus

1953 3533 2255 3615 impediri
2305 3554 2421 3618 per
2468 3534 2895 3599 turbationem
2956 3543 3017 3599 et
3068 3537 3453 3619 dyscrasiam

1951 3634 2209 3697 virtutis
2254 3635 2607 3716 cogitativae
2652 3642 2714 3698 et
2762 3635 3242 3700 memorativae:
3286 3636 3453 3698 unde

1949 3731 2371 3814 Philosophus
2402 3733 2577 3805 dicit,
2599 3735 2768 3815 quod
2799 3733 2959 3795 nihil
2994 3733 3290 3814 intelligit
3320 3733 3453 3795 ani-

1952 3850 2054 3892 ma
2084 3831 2223 3892 sine
2256 3830 2580 3893 intellectu
2612 3831 2885 3913 passim,
2908 3851 3096 3913 quem
3128 3840 3307 3894 vocat
3328 3831 3453 3892 vir-

1949 3937 2148 3990 tutem
2196 3929 2621 4009 cogitativam.
2657 3964 2736 3975 -
2768 3929 3095 4002 Praeterea,
3144 3929 3195 3990 si
3240 3929 3453 3992 anima

1946 4027 2293 4090 secundum
2325 4027 2727 4109 philosophos
2757 4029 2841 4090 sit
2870 4028 3262 4103 immortaliS,
3276 4047 3453 4111 opor·

1947 4131 2109 4188 teret
2154 4142 2262 4187 eos
2316 4125 2687 4199 concedere,
2734 4144 2873 4189 esse
2919 4125 3050 4207 jam
3102 4133 3247 4188 actu
3299 4125 3448 4188 infi-

337 4233 627 4288 mentum
677 4225 1081 4307 superiorum
1129 4244 1202 4288 ac
1253 4225 1651 4288 inferiorum.
1701 4225 1836 4288 Non
1867 4227 1918 4290 D
1950 4225 2112 4286 nitas
2142 4224 2387 4285 animas
2426 4242 2695 4287 numero
2728 4241 2743 4287 ε
2778 4232 3028 4307 ponunt
3064 4225 3235 4287 enim
3276 4233 3451 4288 aeter-

336 4331 428 4386 est
463 4342 612 4405 ergo
649 4324 930 4386 totaliter
971 4323 1326 4386 secundum
1371 4341 1510 4387 esse
1549 4331 1613 4386 et
1653 4342 1838 4406 posse

333 4441 402 4484 ac
445 4441 656 4502 agere,
703 4421 984 4486 materiae
1035 4421 1364 4504 impressa.
1411 4421 1834 4495 Quamobrem

335 4521 525 4582 etiam
566 4521 802 4582 dicitur
839 4520 1196 4582 similitudo
1235 4527 1298 4582 et
1327 4519 1611 4600 sigillum
1655 4521 1836 4582 intel-

335 4617 618 4680 lectuum
668 4618 1072 4700 superiorum
1109 4634 1124 4678 ε
1158 4616 1460 4699 quoniam
1503 4617 1670 4680 sicut
1717 4618 1834 4692 illi,

335 4717 422 4778 sic
465 4725 528 4779 et
573 4717 710 4798 ipsa
756 4715 985 4798 recipit
1033 4715 1272 4778 formas
1321 4735 1536 4778 rerum
1587 4717 1838 4780 univer-

333 4814 571 4888 saliter,
601 4833 716 4877 seu
749 4814 1102 4876 secundum
1135 4831 1274 4876 osse
1309 4813 1549 4896 ubique
1580 4821 1643 4877 et
1673 4833 1834 4878 sem-

333 4932 466 4994 per,
491 4919 754 4995 propter
783 4910 1276 4974 abstractionem
1299 4911 1380 4975 ab
1411 4912 1515 4974 hic
1545 4919 1609 4974 et
1639 4933 1829 4976 nunc.

331 5011 581 5074 Etenim
633 5010 1178 5092 quemadmodum
1237 5011 1464 5072 asserit
1511 5011 1832 5086 AlbertuS,

330 5111 418 5172 sic
475 5117 542 5172 et
597 5127 718 5190 ego
774 5108 1003 5182 sentio,
1055 5109 1224 5190 quod
1277 5108 1578 5172 videlicet
1624 5111 1834 5173 omnis

331 5207 394 5269 in
423 5208 524 5271 his
555 5206 974 5290 praeinductis
1019 5205 1372 5270 rationibus
1405 5225 1472 5269 se
1503 5226 1832 5283 exercens,

329 5305 768 5371 indubitanter
803 5313 1106 5387 agnoscet
1145 5322 1256 5368 eos
1303 5312 1598 5369 naturam
1649 5306 1833 5369 intel·

1949 4324 2211 4384 nitatem
2245 4323 2488 4395 mundi,
2526 4330 2737 4385 motus
2768 4331 2830 4386 et
2860 4324 3187 4405 temporiS.
3222 4360 3302 4370 —
3327 4324 3448 4386 Ad-

1946 4421 2094 4494 huc,
2131 4421 2351 4484 formae
2381 4421 2669 4501 ejusdem
2712 4422 2947 4504 speciei
2980 4441 3105 4486 non
3138 4423 3449 4486 differunt

1947 4519 2071 4581 nisi
2138 4537 2254 4601 per
2314 4520 2641 4582 materiam
2703 4541 2843 4603 quae
2902 4540 3007 4584 eas
3068 4521 3442 4584 individuat.

1945 4616 2101 4690 Quia
2132 4635 2283 4700 ergo
2326 4635 2592 4700 corpora
2635 4627 2785 4681 sunt
2828 4639 3032 4683 causae
3092 4620 3445 4683 individua·

1945 4715 2136 4777 tionis
2192 4716 2595 4779 rationalium
2645 4717 3027 4791 animarum,
3073 4735 3201 4781 non
3249 4737 3448 4780 rema-

1945 4813 2191 4876 nebunt
2219 4816 2319 4893 (ut
2366 4815 2647 4896 videtur)
2692 4817 2921 4878 animae
2972 4815 3449 4880 individualiter

1943 4912 2322 4975 exsistentes
2372 4921 2515 4994 post
2574 4931 2917 4994 corporum
2966 4914 3439 4978 resolutionem.

2023 5012 2142 5073 Sed
2177 5011 2692 5092 respondendum
2724 5011 3077 5074 rationibus
3107 5012 3231 5087 his,
3264 5020 3328 5075 et
3366 5015 3443 5076 ad

1943 5109 2219 5191 primam
2260 5109 2627 5182 dicendum,
2663 5108 3043 5172 sensitivum
3083 5129 3222 5173 esse
3264 5112 3443 5194 prius

1943 5207 2337 5270 intellectivo
2368 5208 2433 5269 in
2465 5207 2725 5270 homine
2756 5209 3111 5271 secundum
3142 5209 3309 5271 viam
3340 5227 3441 5291 ge-

1942 5306 2311 5381 nerationis,
2374 5324 2501 5369 non
2558 5315 2771 5369 autem
2843 5307 3197 5372 secundum
3266 5309 3437 5372 viam
