4300 6259
942 504 1023 551 ΒΕ
1062 506 1291 552 mmmm
1332 505 1715 553 cnmsrumz
1755 504 2059 563 Tnnonffl,
2103 506 2280 553 LIBER
2323 508 2386 553 u.
2432 524 2511 535 ·—
2552 508 2694 554 ΛΒΤ.
2739 508 2840 554 Lxl
2923 498 2930 503 ’

3323 486 3444 552 459

332 694 523 739 versa
564 695 709 759 quae
746 682 977 759 potest,
1008 696 1151 760 quae
1191 678 1292 759 (ut
1332 677 1575 741 dictum
1618 678 1742 760 est)
1772 677 1836 740 in
1867 678 1920 743 A
1953 678 2194 742 luntate
2225 680 2608 761 dependent.
2643 681 2817 744 Talia
2846 681 3040 762 igitur
3073 680 3292 743 omnia
3318 697 3446 742 non

335 775 467 838 Deo
494 784 649 838 sunt
676 783 741 839 et
777 776 837 839 ei
878 776 1306 850 innotescunt,
1338 777 1837 859 comprehende-

338 892 407 936 re
450 874 623 937 valet
666 875 1087 957 intelligentia
1126 882 1354 938 ereata.
1388 875 1633 949 Adhuc,
1667 895 1836 958 quae-

334 992 617 1055 cumque
660 992 739 1037 ex
783 974 1017 1037 divinae
1062 976 1355 1038 essentiae
1399 974 1838 1057 contemplati-

330 1090 457 1135 one
519 1072 843 1135 mentibus
892 1072 1093 1136 beatis
1144 1080 1381 1155 patent,
1431 1074 1525 1136 sic
1583 1073 1649 1136 in
1709 1075 1836 1137 Deo

329 1180 769 1252 agnoscuntur
809 1172 977 1233 sicut
1020 1180 1275 1234 causata
1322 1181 1432 1235 aut
1475 1180 1645 1235 certe
1690 1192 1835 1235 cau-

326 1269 562 1331 sabilia
604 1269 671 1331 in
713 1270 925 1351 primo
966 1268 1141 1331 fonte
1188 1270 1555 1352 causalique
1601 1269 1835 1352 princi-

329 1369 457 1450 pio.
513 1369 691 1431 Tunc
746 1376 961 1431 autem
1022 1386 1283 1431 necesse
1338 1376 1435 1431 est
1490 1386 1835 1451 agnoscere

328 1468 553 1531 omnia
601 1468 987 1551 principiata
1032 1486 1145 1529 seu
1196 1467 1674 1550 principiabilia
1719 1468 1831 1531 ali-

330 1566 523 1647 cujus
592 1566 919 1649 principii,
988 1566 1143 1628 dum
1214 1566 1607 1649 principium
1672 1567 1832 1629 illud

332 1665 621 1748 perfecte
677 1664 1259 1747 comprehenditur.
1313 1665 1489 1738 Quod
1548 1666 1602 1728 si
1660 1666 1833 1747 prin-

330 1764 581 1846 cipium
641 1782 767 1826 non
822 1764 1011 1846 plene
1078 1763 1665 1846 comprehenditur,
1726 1783 1833 1826 ne-

1949 778 2276 859 cognoscit
2323 788 2572 842 creatus
2623 779 2986 843 intellectus
3025 780 3092 841 in
3131 779 3244 842 Dei
3293 777 3448 840 frui·-

1946 876 2142 939 tione.

2026 975 2259 1038 Contra
2313 976 2706 1058 praeinducta
2762 985 2977 1039 autem
3036 975 3182 1057 quis
3241 981 3449 1057 potest

1947 1073 2250 1155 objicere.
2313 1075 2472 1138 Nam
2534 1075 2752 1137 videre
2810 1076 3013 1137 Deum
3071 1074 3260 1137 sicuti
3325 1081 3442 1147 est,

1950 1172 2160 1253 majus
2189 1180 2285 1235 est
2327 1192 2520 1254 quam
2554 1174 2770 1235 videre
2799 1173 2924 1235 alia
2952 1192 2989 1235 a
3019 1174 3165 1235 Deo.
3202 1172 3263 1235 Si
3296 1189 3447 1252 ergo

1948 1288 2130 1332 mens
2159 1277 2370 1333 creata
2398 1270 2678 1333 divinam
2708 1278 2996 1333 naturam
3029 1271 3447 1353 contemplari

1948 1374 2175 1450 potest,
2208 1368 2462 1431 videtur
2506 1369 2728 1451 utique
2769 1370 2938 1452 quod
2981 1369 3278 1431 universa
3318 1388 3448 1431 cre-

1946 1474 2049 1529 ata
2078 1474 2142 1528 et
2173 1466 2476 1529 creabilia
2507 1468 2570 1529 in
2605 1468 2715 1530 illa
2742 1486 3085 1549 agnoscere
3123 1476 3331 1550 queat.
3367 1502 3448 1513 -

1947 1564 2070 1627 Sed
2098 1565 2468 1639 dicendum,
2505 1567 2677 1647 quod
2715 1566 2890 1628 aliud
2930 1574 3026 1629 est
3065 1584 3446 1647 cognoscere

1945 1661 2255 1727 effectum
2290 1664 2352 1725 in
2393 1683 2460 1727 se
2499 1672 2564 1727 et
2604 1664 2666 1727 in
2709 1684 2821 1727 sua
2861 1683 3068 1727 causa.
3105 1665 3450 1745 Cognosce·

1946 1781 2017 1825 re
2054 1770 2269 1825 autem
2311 1762 2596 1825 divinam
2636 1764 2978 1826 essentiam
3029 1772 3093 1825 et
3132 1763 3446 1845 quidquid

332 1882 461 1945 que
492 1880 717 1927 omnes
756 1862 961 1945 ipsius
1001 1860 1273 1925 effectus
1303 1870 1551 1944 oportet
1580 1882 1659 1925 ex
1690 1863 1832 1943 ejus
1861 1858 1909 1922 B
1946 1862 2164 1924 divina
2202 1862 2406 1924 virtus
2448 1862 2800 1943 producere
2840 1870 3070 1945 potest,
3105 1862 3314 1942 majus
3352 1870 3450 1924 est

332 1961 681 2024 intuitione
751 1962 1068 2041 cognosci.
1132 1962 1253 2024 Sed
1321 1961 1540 2024 divina
1602 1962 1831 2035 vinna,

330 2079 479 2142 quae
522 2060 971 2123 universorum
1014 2059 1253 2122 fontale
1297 2060 1689 2142 principium
1740 2068 1837 2122 est

330 2165 395 2220 et
426 2158 637 2239 prima
666 2177 879 2231 causa,
904 2158 1508 2240 comprehensibilis
1538 2176 1665 2221 non
1696 2166 1830 2221 est:

328 2274 545 2337 neque
593 2256 805 2337 itaque
854 2255 994 2336 ejus
1040 2256 1289 2337 agnitor
1335 2256 1541 2338 ipsam
1588 2256 1834 2339 conspi-

329 2354 535 2427 cienS‚
586 2354 837 2435 singula
885 2354 951 2415 in
998 2372 1140 2435 quae
1190 2362 1397 2435 potest
1445 2354 1830 2437 speculatur.

412 2451 731 2534 AmpliuS‚
772 2452 951 2515 nulla
992 2453 1195 2514 virtus
1240 2452 1669 2533 cognoscitiva
1712 2453 1834 2515 fer-

331 2551 537 2613 turin
575 2552 927 2632 cognitum,
960 2550 1085 2613 nisi
1126 2551 1481 2614 secundum
1524 2552 1835 2614 rationem

334 2648 581 2731 proprii
612 2648 867 2729 objecti.
902 2649 1039 2712 Non
1080 2648 1255 2710 enim
1296 2648 1689 2731 percipimus
1727 2668 1837 2711 au-

332 2747 473 2810 ditu
523 2746 649 2808 nisi
698 2746 1009 2821 sonantia,
1049 2754 1162 2809 aut
1209 2747 1349 2809 visu
1390 2746 1513 2809 nisi
1562 2747 1839 2809 colorata

332 2846 439 2907 vel
499 2845 734 2907 lucida.
792 2844 1126 2925 Objectum
1194 2851 1411 2907 autem
1470 2844 1833 2907 intellectus

333 2952 435 3006 est
479 2946 655 3023 quod
695 2945 860 3023 quid
900 2954 1015 3013 est,
1061 2962 1174 3006 seu
1221 2944 1541 3025 quidditas
1582 2952 1645 3006 et
1690 2944 1837 3006 sub-

332 3042 571 3104 stantia
614 3041 725 3104 rei.
772 3042 1093 3124 Quidquid
1139 3041 1329 3123 igitur
1376 3042 1454 3103 de
1504 3061 1571 3105 re
1621 3042 1835 3123 aliqua
1870 3038 1913 3101 C

336 3160 521 3203 mens
566 3139 875 3221 agnoscit,
911 3158 1025 3222 per
1068 3139 1499 3220 cognitionem
1544 3140 1837 3202 substan-

328 3238 439 3302 tiae
482 3239 721 3319 cogniti
769 3238 1072 3318 agnoscit.
1122 3238 1277 3301 Nam
1330 3238 1395 3300 in
1446 3238 1837 3301 demonstra-

334 3336 619 3399 tionibus
676 3345 951 3413 propcer
1013 3338 1201 3415 quid,
1249 3336 1566 3417 accipitur
1625 3336 1835 3419 ipsum

332 3439 511 3517 quod
552 3437 717 3515 quid
762 3444 855 3495 esc
901 3452 1017 3517 pro
1068 3434 1279 3498 medio
1326 3435 1401 3497 ad
1450 3436 1840 3499 demonstra-

332 3536 579 3597 tionem
613 3532 927 3615 passionis
967 3532 1341 3615 propriique
1380 3534 1729 3595 accidentis
1759 3533 1837 3595 de

332 3633 649 3713 subJecto.
691 3631 849 3693 Nam
888 3631 941 3693 si
986 3630 1271 3693 vicissim
1314 3631 1667 3694 accidentia
1712 3650 1839 3694 ma-

330 3752 527 3813 gnam
559 3738 805 3813 partem
844 3728 1177 3793 conferant
1212 3731 1290 3792 ad
1332 3730 1701 3794 substantiae
1741 3749 1839 3794 co-

332 3831 716 3912 gnitionem,
748 3828 915 3891 sicut
956 3828 1164 3910 primo
1205 3829 1283 3890 de
1321 3829 1550 3890 Anima
1587 3829 1674 3890 ait
1704 3830 1840 3891 Phi-

334 3928 665 4011 losophus,
698 3926 819 3989 hoc
849 3943 975 3988 non
1014 3934 1111 3989 est
1150 3927 1502 3988 secundum
1545 3934 1837 3989 naturam

332 4029 449 4100 rei,
484 4026 597 4089 sed
637 4044 753 4106 per
791 4024 1112 4097 accidenS,
1147 4042 1223 4087 eo
1254 4024 1425 4106 quod
1464 4044 1499 4085 a
1538 4024 1837 4087 sensibus

334 4121 792 4188 intellectualis
858 4129 1073 4184 nostra
1140 4122 1419 4202 cognitio
1487 4122 1833 4185 derivetur.

1946 1978 2136 2041 quam
2168 1960 2588 2023 substantiam
2621 1960 2729 2022 Dei
2763 1960 3092 2023 dumtaxat
3121 1961 3450 2042 conspice-

1946 2076 2033 2120 re.
2080 2058 2310 2121 Videre
2348 2067 2559 2121 autem
2599 2059 2834 2121 divinae
2876 2058 3130 2121 virtutis
3174 2058 3448 2121 effectus

1948 2156 2011 2218 in
2058 2176 2126 2219 se
2171 2156 2350 2237 ipsis,
2395 2157 2516 2219 hoc
2561 2174 2820 2238 prorsus
2861 2156 3074 2218 minus
3121 2164 3219 2218 est
3255 2174 3446 2236 quam

1948 2254 2230 2317 divinam
2306 2263 2594 2317 naturam
2671 2256 2924 2317 intueri.
2993 2255 3219 2318 Divina
3299 2272 3450 2317 vero

1946 2352 2224 2415 essentia
2280 2354 2484 2416 videri
2543 2360 2749 2436 potest
2805 2353 3046 2436 absque
3095 2353 3216 2416 hoc
3275 2354 3447 2435 quod

1946 2452 2541 2533 comprehendatur.
2596 2452 2716 2514 Sed
2765 2452 2981 2514 omnia
3031 2453 3092 2513 in
3143 2472 3285 2533 quae
3336 2450 3444 2514 Dei

1947 2549 2284 2611 causalitas
2336 2556 2564 2631 potest,
2615 2567 2978 2630 agnoscere,
3021 2550 3158 2611 sine
3208 2549 3443 2613 divinae

1946 2648 2202 2710 virtutis
2235 2647 2648 2710 intellectuali
2681 2648 2995 2729 plenaque
3027 2648 3446 2729 comprehen-

1946 2747 2123 2810 sione
2155 2765 2282 2809 non
2327 2753 2534 2828 potest
2577 2747 2961 2827 contingere.

2342 3010 2830 3075 ARTICULUS
2879 3012 3054 3074 LXI.

2018 3153 2572 3219 Quemadmodum
2610 3152 2910 3211 divinam
2949 3152 3382 3211 substantiam

2111 3242 2425 3309 vidente&
2456 3242 2682 3309 omnia,
2711 3242 2934 3300 videre
2962 3242 3297 3301 dicantur.

2076 3436 2288 3497 ALAM
2340 3436 2581 3517 quippe
2629 3444 2747 3509 est,
2800 3437 2866 3498 in
2916 3437 3024 3499 illa
3074 3437 3184 3500 Dei
3235 3456 3451 3519 super-

2106 3534 2376 3596 naturali
2424 3535 2691 3609 visione,
2735 3536 2970 3598 nedum
3015 3535 3302 3599 naturale
3345 3538 3452 3598 de-

1950 3631 2260 3695 siderium
2303 3632 2656 3715 quiescere,
2703 3634 2810 3695 sed
2859 3634 3048 3695 etiam
3095 3633 3447 3695 naturalem

1950 3731 2364 3811 capacitatem
2397 3730 2600 3792 divini
2643 3730 2904 3793 luminis
2946 3731 3303 3793 influxione
3333 3731 3454 3793 ele·

1949 3828 2083 3890 vari
2133 3836 2198 3891 et
2247 3828 2606 3901 fortificari,
2651 3836 2720 3889 ut
2761 3830 2853 3890 sic
2898 3829 3122 3911 primae
3167 3829 3448 3891 veritatis

1949 3926 2486 4007 contemplatione
2543 3926 3101 4007 superimpleatur.
3155 3925 3448 4009 Impossi-

1948 4023 2077 4086 bile
2120 4031 2218 4085 est
2257 4032 2471 4085 autem
2517 4023 2968 4086 intellectualis
3009 4026 3299 4088 essentia)
3343 4044 3446 4086 na-

1949 4121 2154 4184 turale
2212 4121 2601 4184 desiderium
2662 4122 3014 4185 contentari
3081 4130 3144 4185 et
3202 4124 3447 4196 sistere,

332 4225 395 4287 Si
437 4223 597 4305 quid
639 4222 833 4303 igitur
872 4228 967 4281 est
1006 4220 1069 4281 in
1111 4220 1239 4282 Deo
1280 4219 1446 4303 quod
1492 4238 1615 4283 non
1658 4238 1837 4302 opor·
1868 4224 1919 4288 D
1952 4221 2073 4283 nisi
2104 4220 2298 4282 totius
2333 4220 2612 4283 universi
2653 4239 2886 4301 genera
2924 4228 2988 4283 et
3025 4222 3294 4303 species,
3328 4223 3450 4284 vir-

331 4332 425 4385 tet
470 4320 762 4401 agnitum
812 4335 952 4381 esse
1000 4336 1077 4380 ex
1125 4318 1495 4381 substantiae
1555 4318 1840 4400 specula-

331 4423 533 4492 tione,
583 4418 706 4481 hoc
753 4417 965 4479 evadit
1015 4416 1377 4478 intellectus
1437 4418 1631 4479 creati
1692 4435 1837 4479 con-

332 4516 843 4600 templationem.
878 4514 1001 4577 Sed
1038 4514 1193 4595 quid
1232 4513 1525 4576 voluntas
1557 4514 1727 4587 velit,
1761 4534 1837 4577 ex

332 4616 711 4683 substantiae
777 4614 1024 4675 visione
1090 4614 1376 4675 nondum
1452 4612 1757 4675 elucescit
1820 4631 1833 4675 :

334 4735 467 4779 non
526 4713 705 4776 enim
758 4717 1057 4793 operatur
1120 4710 1415 4773 voluntas
1484 4712 1835 4773 secundum

335 4814 603 4877 modum
652 4817 893 4872 naturae
936 4815 998 4871 et
1040 4826 1181 4871 esse
1226 4807 1399 4869 illius
1445 4808 1509 4870 in
1556 4826 1681 4889 quo
1719 4817 1836 4881 est,

334 4914 449 4977 sed
494 4908 848 4974 secundum
898 4908 1159 4969 modum
1204 4908 1302 4968 sui
1346 4906 1671 4988 propositi.
1704 4908 1838 4969 Non

334 5014 533 5094 igitur
566 5006 927 5072 intellectus
958 5014 1207 5068 creatus
1237 5005 1513 5067 videndo
1557 5004 1839 5068 divinam

333 5108 709 5178 essentiam,
758 5104 979 5166 videre
1035 5110 1245 5185 potest
1300 5102 1517 5165 omnia
1574 5122 1714 5185 quae
1774 5104 1839 5166 in

332 5210 447 5273 illa
477 5214 549 5269 ut
579 5205 645 5267 in
678 5203 937 5266 fontana
966 5200 1213 5281 origine
1242 5200 1669 5263 continentur.
1688 5202 1841 5263 Mul-

330 5317 397 5373 ta
441 5311 597 5369 sunt
640 5308 859 5365 autem
907 5318 1049 5383 quae
1096 5318 1175 5362 ex
1234 5297 1514 5382 simplici
1564 5300 1675 5363 Dei
1734 5318 1837 5365 vo-

1950 4326 2151 4381 tutem
2191 4326 2255 4381 et
2295 4318 2610 4391 ordinem,
2644 4325 2708 4380 et
2748 4318 3060 4400 quidquid
3106 4338 3221 4399 per
3265 4339 3332 4382 se
3373 4322 3448 4383 ad

1950 4417 2408 4499 perfectionem
2445 4415 2666 4479 mundi
2699 4416 2998 4499 pertinet,
3024 4426 3339 4498 agnoscat.
3358 4419 3450 4480 Ad

1948 4516 2164 4578 omnia
2212 4534 2489 4597 namque
2539 4516 2657 4576 ista
2704 4516 2987 4578 extendit
3036 4535 3103 4578 se
3146 4517 3452 4578 naturalis

1950 4614 2268 4695 capacitas
2335 4613 2699 4675 intellectus
2763 4631 2776 4675 τ
2837 4615 3006 4695 quod
3063 4615 3453 4677 demonstrat

1950 4712 2245 4775 humanae
2296 4711 2731 4794 inquisitionis
2775 4712 3058 4773 studium
3108 4714 3277 4774 circa
3324 4713 3451 4774 sin-

1948 4808 2098 4890 gula
2150 4809 2429 4871 illorum.
2485 4809 2741 4871 Constat
2791 4809 3003 4890 igitur,
3053 4810 3270 4871 omnia
3317 4811 3450 4872 haec

1950 4907 2274 4969 mentibus
2312 4907 2598 4970 divinam
2637 4907 2976 4969 essentiam
3019 4909 3452 4989 contemplan-

1947 5006 2143 5079 tibus,
2180 5005 2369 5088 plene
2408 5026 2481 5067 ac
2521 5005 2802 5088 perfecte
2846 5005 3261 5068 innotescere.
3298 5007 3446 5069 Tam

1951 5103 2163 5185 itaque
2222 5122 2300 5165 ex
2359 5103 2631 5166 naturali
2693 5103 3038 5183 capacitate
3096 5122 3286 5185 quam
3346 5104 3451 5166 de-

1946 5202 2182 5265 siderio
2211 5202 2483 5264 naturali
2532 5200 3035 5281 intelligentialis
3067 5201 3446 5283 hypostasiS,

1947 5300 2287 5385 probatum
2331 5308 2393 5363 et
2436 5307 2766 5363 ostensum
2809 5304 2928 5375 est,
2973 5298 3128 5382 quid
3175 5300 3253 5363 de
3302 5318 3449 5365 con-
