4300 6259
871 463 992 529 344

1501 487 1582 533 DE
1621 485 1849 532 LunlNE
1891 483 2274 530 CHRISTIANAE
2315 482 2616 539 TBEORIAE,
2663 483 2837 529 LIBER
2877 483 2915 528 1.
2962 502 3043 512 —
3081 484 3220 529 ΛΒΤ.
3265 483 3343 530 XC

871 673 976 716 ma
1003 654 1168 730 talis,
1181 655 1362 736 juxta
1389 656 1560 718 Isaac
1591 655 1656 717 in
1688 654 1852 716 libro
1881 653 2364 727 Definitionum,
2397 651 2449 714 A
2477 653 2637 718 tioni
2700 655 2951 718 videtur
3006 653 3217 717 favere
3262 653 3541 727 BoetiuS‚
3590 651 3696 734 qui
3739 651 3835 724 ait,
3882 649 3947 712 in

869 752 936 815 in
983 754 1210 816 umbra
1248 754 1682 836 intelligentiae
1721 759 1930 816 creata
1964 771 1978 814 ε
2014 753 2145 815 imo
2188 751 2367 815 intel-

871 851 1132 933 ligentia
1159 852 1538 915 obumbrata
1567 859 1685 925 est,
1718 852 2070 914 secundum
2103 851 2372 914 Avicen-

869 968 1018 1012 nam
1063 957 1124 1012 et
1165 950 1542 1030 Algazelem.
1587 950 1776 1013 Porro
1817 949 1999 1030 juxta
2044 956 2369 1012 auctorem

870 1046 1015 1109 libri
1051 1047 1396 1111 Causarum
1429 1055 1492 1110 et
1522 1048 1835 1121 Proclurn,
1870 1066 2009 1111 esse
2049 1048 2369 1130 superiuS,

869 1145 1038 1226 quod
1087 1145 1310 1227 utique
1359 1146 1792 1208 intellectuale
1840 1146 2221 1228 appellatur,
2274 1165 2369 1208 se-

869 1243 1152 1305 cundum
1209 1244 1532 1326 triplicem
1582 1244 1849 1324 gradum
1899 1235 2204 1326 partitum
2253 1251 2367 1305 est.

869 1339 994 1402 Aut
1039 1340 1214 1404 enim
1273 1349 1370 1404 est
1416 1361 1610 1424 supra
1667 1342 2108 1414 aeternitatem,
2170 1349 2234 1404 et
2282 1341 2373 1403 sic

870 1445 968 1499 est
995 1456 1136 1500 esse
1164 1437 1388 1520 primae
1419 1457 1654 1516 causae3
1685 1446 1796 1501 aut
1825 1447 1920 1502 est
1951 1458 2096 1500 cum
2129 1439 2379 1503 aeterni-

870 1542 1020 1610 tate,
1054 1544 1118 1598 et
1157 1537 1250 1598 sic
1295 1545 1392 1600 est
1433 1555 1574 1600 esse
1615 1536 2093 1618 intelligentiae3
2125 1546 2237 1599 aut
2279 1544 2376 1599 est

873 1633 938 1694 in
981 1634 1306 1697 horizonte
1346 1635 1716 1698 aeternitatis
1754 1642 1817 1697 et
1856 1655 2048 1717 supra
2091 1643 2369 1717 tempuS‚
2410 1685 2415 1690 .

871 1739 935 1794 et
977 1732 1069 1794 sic
1115 1740 1212 1795 est
1255 1752 1394 1796 esse
1429 1733 1658 1796 animae
1699 1733 2146 1795 intellectualis
2182 1751 2195 1794 ε
2231 1753 2371 1814 quae

2478 753 2650 815 omni
2694 760 2905 816 creato
2933 752 3357 816 diversificari
3400 754 3573 832 quod
3610 759 3699 810 est
3738 757 3795 812 et
3828 769 3949 830 quo

2478 861 2589 913 est.
2633 851 3145 933 Unumquodque
3186 850 3358 913 enim
3408 858 3507 912 est
3550 849 3807 911 maxime
3842 867 3953 910 sua

2480 949 2836 1012 substantia
2884 968 2995 1012 seu
3046 949 3323 1012 essentia
3374 966 3390 1010 ε
3442 955 3507 1010 et
3565 948 3649 1009 ita
3702 947 3958 1009 essentia

2482 1057 2553 1110 ut
2601 1047 2918 1130 recipiens
2968 1053 3181 1108 actum
3222 1045 3675 1118 subsistentiae,
3716 1063 3959 1126 congru-

2482 1154 2664 1209 enter
2706 1147 3073 1210 nominatur
3121 1149 3294 1225 quod
3340 1155 3482 1215 est,·
3518 1151 3583 1206 et
3628 1163 3761 1206 csse
3801 1144 3959 1224 ejus,

2492 1244 2654 1307 bene
2698 1249 2823 1324 quo
2865 1253 2957 1304 est
3009 1243 3267 1306 dicitur.
3317 1243 3427 1306 Est
3466 1242 3641 1306 enim
3678 1241 3823 1304 ratio
3860 1259 3960 1303 ex-

2482 1343 2772 1416 sistendi,
2828 1343 2957 1404 imo
3013 1350 3109 1404 est
3166 1341 3540 1403 exsistentia
3594 1340 3958 1402 exsistentis

2481 1441 2596 1502 Per
2647 1459 2787 1503 esse
2836 1459 3115 1521 namque
3159 1440 3290 1520 jam
3342 1439 3815 1520 intelligendum
3870 1444 3964 1500 est

2482 1555 2621 1599 esse
2666 1537 2934 1600 actualis
2978 1537 3365 1600 exsistentiae
3412 1554 3426 1598 :
3470 1545 3534 1598 et
3578 1536 3714 1598 ideo
3753 1553 3964 1597 secun-

2481 1635 2633 1697 dum
2677 1635 2990 1709 Boetium‚
3033 1655 3173 1698 esse
3220 1643 3317 1698 est
3362 1633 3853 1696 actualissimum
3904 1640 3965 1694 et

2482 1733 3029 1797 formalissimum.
3063 1734 3327 1808 RursuS,
3360 1733 3687 1796 sententiae
3725 1731 3821 1794 isti
3856 1751 3964 1792 au-

869 1829 1021 1910 quia
1066 1831 1315 1912 corpori
1357 1831 1658 1893 immersa
1701 1849 1828 1893 non
1873 1840 1971 1894 est
2011 1850 2222 1913 neque
2265 1833 2369 1894 de·
2408 1830 2453 1892 B
2486 1840 2621 1894 ctor
2652 1831 2799 1893 libri
2832 1833 3177 1894 Causarum
3219 1831 3528 1894 assentire
3572 1831 3831 1893 videtur.
3864 1829 3965 1891 Ait

869 1928 1271 2003 structibiliS,
1305 1949 1496 2011 supra
1535 1937 1790 2011 tempus
1833 1937 1930 1992 est
1957 1939 2021 1992 et
2051 1930 2117 1992 in
2147 1930 2370 1993 ordine

869 2028 1218 2108 superioris
1265 2046 1406 2090 esse
1445 2047 1844 2110 permanens.
1881 2027 2112 2091 Omnes
2158 2028 2370 2110 itaque

865 2132 1046 2186 actus
1077 2132 1140 2186 et
1169 2125 1466 2206 potentiae
1507 2125 2036 2206 compositionem
2080 2127 2144 2188 in
2188 2127 2369 2189 intel-

867 2221 1131 2302 ligentia
1174 2223 1589 2284 constituunt.

949 2319 1426 2394 Verumtamen,
1474 2339 1554 2382 an
1605 2320 1792 2382 realis
1837 2321 1920 2382 sit
1961 2322 2095 2385 haec
2143 2323 2368 2385 distin-

868 2416 1114 2490 ctio‚an
1144 2417 1435 2498 ejusdem
1457 2420 1810 2480 secundum
1830 2418 2116 2482 diversos
2149 2421 2368 2483 modos

869 2517 1136 2597 sumpti,
1172 2516 1526 2578 difficultas
1561 2534 1786 2597 magna
1826 2517 2228 2599 relinquitur.
2278 2519 2367 2580 Ex

868 2613 1153 2695 probatis
1197 2623 1412 2676 autem
1457 2633 1628 2676 nunc
1660 2614 1776 2676 fiat
1804 2615 2197 2698 hypothesiS‚
2240 2635 2365 2680 non

867 2730 1008 2775 esse
1038 2711 1438 2793 spiritualem
1483 2713 1811 2775 materiam
1854 2713 1920 2774 in
1953 2713 2367 2777 intellectuali

866 2809 1241 2872 substantia.
1303 2811 1493 2872 Porro
1551 2811 1906 2872 secundum
1963 2812 2367 2874 Aristotelem

867 2907 1150 2971 secundo
1179 2907 1258 2969 de
1287 2908 1517 2969 Anima
1555 2915 1619 2969 et
1659 2909 1934 2989 septimo
1964 2908 2187 2972 Primae
2230 2910 2367 2992 phi-

868 3006 1196 3087 losophiae,
1244 3013 1308 3068 et
1354 3006 1669 3079 Boetium,
1709 3015 1772 3069 et
1819 3025 2043 3070 omnes
2093 3008 2367 3089 philoso-
2403 3007 2445 3070 C
2478 3013 2638 3079 tum,
2683 3007 2744 3068 id
2786 3014 2902 3079 est,
2950 3007 3117 3087 quod
3162 3014 3257 3068 est
3300 3014 3364 3069 et
3407 3007 3751 3089 potentiale
3800 3007 3963 3088 prin·
3990 3017 4191 3077 cppzsr.

868 3105 1050 3187 phos,
1126 3103 1484 3166 substantia
1552 3103 1862 3166 dividitur
1931 3106 1994 3166 in
2067 3105 2363 3180 formam,

869 3201 1223 3276 materiam,
1271 3209 1334 3263 et
1379 3200 1828 3283 compositum.
1881 3203 2106 3265 Forma
2151 3212 2365 3266 autem

867 3300 1104 3381 duplex
1147 3307 1264 3372 est,
1301 3306 1519 3381 utpote
1551 3299 1706 3361 foris
1739 3319 2025 3376 manenS,
2067 3308 2131 3363 et
2171 3302 2367 3364 infor-

870 3415 1072 3460 mans.
1105 3397 1375 3458 Necesse
1420 3396 1614 3477 igitur
1652 3404 1749 3458 est
1785 3405 1984 3459 totam
2024 3399 2366 3462 essentiam

869 3512 982 3556 seu
1031 3492 1451 3555 substantiam
1505 3492 1959 3574 intelligentiae,
2009 3495 2184 3556 aliud
2241 3514 2367 3558 non

869 3609 1008 3654 esse
1041 3589 1162 3652 nisi
1194 3590 1468 3653 formam
1502 3591 1565 3652 in
1599 3610 1665 3652 se
1695 3591 2171 3654 subsistentem.
2194 3593 2367 3655 Unde

870 3690 937 3752 in
989 3689 1151 3751 libro
1201 3688 1548 3751 Causarum
1599 3689 1856 3762 dicitur,
1908 3691 2076 3770 quod
2137 3691 2368 3753 intelli·

869 3787 1084 3869 gentia
1112 3794 1209 3848 est
1247 3794 1420 3848 stans
1460 3806 1572 3868 per
1618 3806 1684 3849 se
1730 3787 1955 3869 ipsam.
1994 3788 2069 3849 Et
2112 3789 2368 3851 Procius

870 3887 980 3958 ait,
996 3885 1164 3966 quod
1186 3883 1396 3946 omnis
1426 3884 1782 3946 intellectus
1809 3892 1906 3946 est
1930 3885 2366 3960 αὐθυπόστατος,

872 3984 934 4045 id
967 3990 1064 4045 est
1095 4001 1206 4064 per
1235 4001 1303 4044 se
1334 3989 1506 4044 stans
1537 3989 1602 4044 et
1631 3982 1922 4064 simplex.
1961 3983 2022 4046 Si
2068 3984 2260 4064 igitur
2304 3987 2368 4047 in

869 4079 1291 4160 intelligentia
1363 4079 1524 4141 nihil
1598 4081 1765 4142 reale
1837 4082 2203 4162 ponendum
2276 4091 2371 4145 est

2482 1930 2678 2002 enim,
2712 1929 2880 2010 quod
2914 1928 3337 2011 intelligentia
3366 1937 3463 1991 est
3494 1929 3696 1991 forma
3722 1935 3782 1990 et
3808 1946 3962 1989 esse.

2483 2027 2829 2108 Distinguit
2896 2046 3046 2108 ergo
3112 2027 3457 2090 essentiam
3519 2026 3964 2107 intelligentiae,

2484 2143 2625 2206 quae
2658 2132 2754 2186 est
2794 2124 2994 2187 forma
3034 2125 3197 2206 ejus,
3232 2125 3311 2186 ab
3354 2143 3493 2187 esse
3541 2124 3759 2206 ipsius.
3792 2123 3967 2185 Deni-

2485 2241 2611 2303 que
2670 2223 2913 2285 clarum
2974 2231 3090 2296 est,
3146 2223 3359 2304 ipsum
3410 2241 3553 2285 esse
3611 2238 3739 2284 non
3794 2239 3968 2303 posse

2484 2321 2612 2382 dici
2672 2321 3023 2403 potentiam
3082 2339 3191 2382 seu
3253 2324 3427 2400 quod
3473 2331 3592 2391 est,
3643 2338 3832 2402 quum
3892 2319 3971 2379 sit

2482 2426 2661 2481 actus
2710 2419 3019 2482 essentiae.
3072 2418 3186 2480 Hic
3235 2435 3385 2499 ergo
3431 2426 3654 2480 auctor
3709 2417 3967 2480 formam

2483 2515 2547 2577 in
2598 2524 2908 2596 quantum
2958 2516 3275 2597 dependet
3322 2535 3359 2578 a
3410 2517 3617 2598 prima
3675 2514 3967 2586 bonitate,

2478 2621 2663 2676 vocat
2704 2617 2877 2692 quod
2914 2624 3006 2673 est
3054 2621 3116 2676 et
3166 2614 3517 2695 potentiam
3569 2631 3584 2676 :
3638 2631 3761 2676 non
3807 2613 3969 2694 quod

2479 2713 2563 2775 sit
2593 2713 2849 2795 proprie
2882 2713 3186 2794 potentia,
3222 2714 3333 2774 sed
3364 2713 3516 2795 quia
3547 2713 3737 2776 habet
3766 2732 3832 2775 56
3862 2731 3971 2794 per

2480 2811 2739 2872 modum
2773 2810 3139 2893 potentialis
3180 2810 3505 2893 principii.
3541 2811 3715 2874 Unde
3753 2829 3965 2872 rursus

2476 2908 2585 2983 ait,
2637 2911 2805 2989 quod
2858 2909 3281 2988 intelligentia
3327 2917 3423 2971 est
3471 2909 3713 2972 habens
3758 2909 3962 2992 hylea·

2478 3123 2740 3185 cipium.

2559 3202 2717 3264 Huic
2748 3218 3003 3283 quoque
3033 3202 3365 3265 sententiae
3396 3202 3599 3265 faveo,
3633 3202 3769 3265 Non
3798 3203 3965 3265 enim

2477 3301 2663 3363 video
2707 3299 2980 3382 qualiter
3022 3300 3086 3360 in
3127 3299 3547 3382 intelligentia
3587 3301 3786 3382 possit
3825 3301 3970 3383 poni

2479 3399 2804 3481 hyleatum
2857 3405 2920 3459 et
2964 3401 3137 3476 quod
3182 3407 3273 3458 esc
3324 3399 3459 3462 sive
3506 3397 3809 3480 potentia,
3850 3399 3970 3460 nisi

2480 3494 2834 3556 secundum
2882 3495 3144 3557 modum
3187 3496 3622 3578 explanatum,
3654 3505 3763 3559 aut
3804 3505 3971 3560 certe

2480 3591 2875 3654 admittendo
2923 3592 2988 3653 in
3029 3612 3102 3655 ea
3150 3593 3553 3675 spiritualem
3592 3595 3919 3656 materiam
3953 3611 3967 3654 ε

2484 3688 2652 3770 quod
2680 3689 2813 3769 jam
2852 3689 3265 3771 reprobatum
3302 3699 3415 3754 est.
3452 3691 3792 3754 Enimvero
3836 3710 3971 3754 esse

2482 3787 2835 3848 secundum
2887 3805 3021 3850 rem
3072 3786 3380 3869 distingui
3428 3789 3507 3852 ab
3555 3790 3853 3862 essentia,
3898 3809 3971 3852 ex

2480 3885 2601 3947 hoc
2645 3885 2976 3966 potissime
3006 3887 3331 3950 elucescit.
3366 3889 3523 3950 Nam
3553 3908 3695 3970 quae
3724 3889 3974 3952 realiter

2483 3983 2983 4058 identificantur,
3028 3997 3227 4047 unum
3279 3986 3550 4068 intelligi
3598 4005 3723 4049 non
3768 3994 3974 4069 potest

2481 4081 2619 4144 sine
2670 4080 2887 4145 altero.
2934 4083 3043 4144 Vel
3092 4083 3184 4145 sic
3234 4100 3248 4145 ε
3298 4085 3503 4146 Unum
3562 4103 3686 4148 non
3740 4085 3973 4148 intelli-

868 4178 1040 4262 quod
1088 4177 1311 4239 formae
1369 4177 1637 4251 substet,
1689 4196 1813 4241 non
1873 4177 2061 4241 facile
2119 4180 2371 4242 videtur
2400 4182 2449 4243 D
2479 4180 2651 4260 gitur
2692 4180 2849 4260 quin
2895 4179 3289 4260 intelligatur
3330 4181 3505 4244 aliud
3551 4200 3565 4243 ε
3608 4190 3755 4244 sunt
3794 4184 3969 4245 enim

869 4274 1190 4360 quomodo
1250 4275 1333 4336 sit
1384 4275 1448 4336 in
1499 4294 1574 4337 ea
1623 4275 2002 4357 compositio
2061 4285 2240 4340 actus
2308 4287 2372 4341 et

867 4373 1186 4460 potentiae.

949 4471 1025 4532 Et
1056 4469 1315 4552 quidem
1353 4469 1679 4532 Avicenna
1717 4478 1780 4532 et
1820 4471 2112 4546 ThomaS‚
2149 4474 2259 4555 qui
2302 4475 2365 4536 in

865 4571 1059 4634 rebus
1089 4569 1317 4632 creatis
1345 4568 1581 4631 realem
1613 4569 2089 4633 distinctionem
2121 4582 2369 4654 ponunt

867 4670 1034 4732 inter
1075 4686 1216 4731 esse
1259 4674 1322 4729 et
1363 4667 1729 4741 essentiam,
1785 4668 2009 4731 dicunt
2060 4670 2230 4751 quod
2274 4691 2368 4734 es-

864 4767 1069 4831 sentia
1113 4764 1552 4846 intelligentiae
1589 4766 1946 4828 secundum
1996 4767 2166 4849 quod
2214 4769 2367 4830 reci-

864 4866 960 4946 pit
1003 4882 1143 4928 esse
1185 4882 1220 4925 a
1264 4863 1474 4944 primo
1518 4871 1684 4937 ente,
1721 4863 1802 4925 sit
1847 4865 2150 4946 potentia.
2186 4865 2363 4928 Reci-

862 4982 1015 5045 pere
1055 4962 1229 5025 enim
1260 4969 1356 5024 est
1387 4961 1744 5043 proprietas
1789 4962 2107 5044 potentiae.
2145 4963 2361 5044 Ipsum

860 5070 1073 5124 autem
1119 5079 1258 5122 esse
1303 5060 1755 5141 participatum
1800 5060 1864 5122 in
1903 5078 2031 5142 quo
2069 5061 2362 5124 subsistit

860 5159 1159 5232 essentia,
1209 5157 1536 5239 appellant
1582 5164 1816 5220 actum.
1872 5159 2024 5221 Esse
2080 5179 2358 5241 namque

860 5266 958 5321 est
985 5255 1314 5320 actualitas
1343 5255 1653 5320 essentiae.
1675 5255 1834 5320 Huic
1861 5257 2161 5339 equidem
2193 5257 2358 5340 posi-

2480 4277 2673 4339 idem.
2734 4277 2868 4339 Jam
2928 4284 3141 4339 autem
3214 4278 3595 4360 intelligitur
3656 4287 3720 4343 et
3772 4281 3973 4343 scitur

2476 4376 2773 4450 essentia,
2835 4375 3098 4438 omnino
3158 4376 3443 4458 ignorato
3500 4397 3640 4441 esse
3698 4379 3905 4461 ipsius
3954 4399 3968 4441 z

2480 4475 2608 4536 imo
2650 4473 2972 4535 intellecto
3013 4473 3153 4555 ipso
3202 4476 3371 4556 quod
3421 4476 3797 4558 intelligitur
3844 4497 3971 4542 non

2478 4571 2631 4634 fore.
2666 4572 2910 4644 Adhuc,
2942 4572 3219 4634 essentia
3245 4572 3624 4655 intelligitur
3652 4583 3715 4638 et
3742 4575 3973 4640 defini·

2478 4678 2600 4742 tur,
2644 4677 2707 4732 et
2750 4669 2835 4731 ita
2884 4669 2949 4730 in
2998 4669 3222 4732 eodem
3272 4670 3654 4753 intelligitur
3698 4676 3975 4736 essentia

2476 4768 2613 4830 sine
2646 4767 2849 4849 ipsius
2888 4785 3027 4829 esse
3061 4785 3075 4828 ε
3111 4768 3262 4828 dum
3308 4769 3482 4831 enim
3524 4770 3772 4832 nullum
3810 4775 3976 4836 exsi-

2474 4866 2584 4928 stit
2611 4865 2987 4939 tonitruum,
3024 4864 3311 4946 intelligo
3353 4867 3775 4948 quidditatem
3812 4873 3975 4934 toni-

2471 4964 2621 5038 trui,
2656 4965 2808 5026 dum
2853 4962 3019 5036 dicO,
3053 4963 3258 5026 Sonus
3304 4963 3509 5027 factus
3553 4966 3619 5028 in
3665 4967 3968 5032 nubibus.

2471 5063 2614 5125 Haec
2644 5070 2857 5124 autem
2888 5060 3117 5123 salvari
3149 5079 3275 5122 non
3308 5070 3577 5143 possunt
3603 5083 3719 5146 per
3748 5067 3971 5130 distin-

2472 5160 2745 5222 ctionem
2797 5159 3061 5222 rationis
3096 5177 3111 5221 ε
3146 5159 3314 5221 sicut
3350 5179 3553 5242 genus
3592 5181 3720 5226 non
3762 5174 3971 5247 potest

2471 5258 2740 5340 intelligi
2782 5258 2921 5321 sine
2966 5257 3200 5341 specie.
3244 5259 3312 5320 In
3358 5260 3584 5324 eodem
3622 5262 3801 5326 enim
3840 5283 3967 5329 non
