4300 6259
961 517 1042 563 ne
1083 517 1310 564 nnuma
1353 517 1736 564 canisi-ratu:
1776 515 2079 573 raucam,
2124 517 2301 564 mam
2342 518 2383 562 ι.
2428 535 2508 546 -
2550 518 2690 564 aar.
2736 519 2881 564 mnu
3349 498 3467 562 307

371 707 516 749 cum
561 687 832 750 seientia
880 694 1108 760 creata,
1151 706 1270 750 nec
1315 706 1550 769 genere
1603 686 1863 770 quidem
1893 687 1944 750 A
1979 688 2040 750 in
2073 689 2327 751 illarum
2356 689 2681 770 agnitione
2710 709 2823 752 seu
2866 688 3141 751 factione
3181 687 3469 750 consistit

370 803 482 847 nec
513 785 760 868 specie3
795 785 1126 876 scientiam
1157 793 1370 848 autem
1405 785 1861 866 intelligentiae,
1974 786 2066 848 sic
2097 795 2167 848 ut
2196 787 2551 869 dependeat
2590 807 2665 850 ex
2708 789 2883 870 ipsiS.
2918 787 3217 860 Quamvis
3256 793 3469 849 autem

371 891 596 946 nostrae
653 883 938 946 scientiae
1003 883 1332 947 univocari
1399 903 1632 964 genere
1700 883 1862 946 nihil
1973 901 2102 947 uno
2145 891 2291 946 actu
2336 885 2503 947 Deus
2547 905 2615 949 se
2658 894 2720 948 et
2762 886 2885 948 alia
2933 891 3253 966 agnoscat,
3299 884 3471 964 agni-

369 981 679 1064 prohibet.
727 981 990 1064 Propter
1031 982 1202 1063 quod
1249 981 1494 1044 clarum
1547 982 1646 1056 fit,
1692 981 1862 1064 quod
1973 981 2062 1044 tio
2093 989 2303 1044 tamen
2338 1002 2463 1064 qua
2502 1003 2569 1046 se
2610 983 2944 1066 conspicit,
2978 981 3475 1063 contemplativa

366 1079 631 1140 scientia
673 1079 890 1161 primi,
925 1098 1036 1141 seu
1083 1079 1444 1142 intellectus
1487 1080 1651 1161 ejuS,
1687 1080 1864 1143 nullo
1973 1079 2229 1152 dicitur,
2265 1088 2330 1142 et
2358 1081 2635 1161 practica
2678 1081 2915 1143 dicitur
2954 1080 3063 1142 illa
3103 1098 3227 1161 qua
3266 1085 3475 1142 creata

367 1176 626 1239 nomine
663 1177 936 1239 univoce
973 1176 1294 1258 designari
1335 1185 1542 1260 potest
1581 1197 1728 1240 cum
1769 1197 1862 1240 se·
1972 1177 2311 1258 dignoscit,
2346 1185 2605 1260 propter
2642 1179 2960 1240 diversam
3004 1177 3377 1240 relationem
3412 1186 3476 1241 et

368 1275 612 1338 cundia.
1973 1275 2415 1337 habitudinem
2456 1285 2636 1339 actus
2674 1284 2737 1338 et
2778 1276 3013 1357 obJecti
3050 1275 3252 1338 divini
3294 1275 3475 1338 intel·

445 1373 762 1446 Quaeritur
806 1380 1020 1434 tamen
1079 1371 1380 1454 qualibus
1427 1372 1866 1456 appellationi·
1975 1373 2199 1447 lectus,
2234 1381 2425 1454 prout
2454 1373 2753 1436 videlieet
2786 1375 2987 1456 ipsius
3018 1374 3295 1436 essentia
3334 1373 3473 1455 plu-

371 1472 490 1534 bus
537 1471 751 1553 aptius
795 1471 1110 1533 nominari
1161 1469 1405 1532 debeat.
1457 1471 1532 1532 Et
1577 1471 1861 1553 quidem,
1976 1471 2140 1533 rium
2191 1471 2439 1554 species
2483 1479 2599 1546 est,
2640 1481 2702 1534 et
2740 1473 2881 1554 ejus
2927 1481 3105 1534 actus
3152 1471 3229 1534 ad
3276 1472 3477 1534 multa

370 1569 538 1652 quod
570 1569 830 1631 divinus
863 1568 1216 1631 intellectus
1249 1586 1374 1630 non
1405 1568 1487 1630 sit
1517 1569 1864 1650 possibiliS,
1976 1569 2471 1652 comparabilis3
2520 1571 2629 1632 sed
2680 1571 2813 1634 haec
2874 1572 2937 1632 in
2999 1589 3065 1632 re
3114 1569 3251 1652 ipsa
3299 1588 3475 1632 eom-

371 1676 614 1732 constat
663 1684 678 1728 ε
723 1666 886 1729 nihil
933 1667 1106 1728 enim
1155 1667 1256 1728 sui
1304 1666 1496 1729 habet
1542 1667 1752 1749 primo
1801 1668 1866 1731 in
1977 1669 2363 1751 positionem
2406 1687 2531 1731 non
2563 1669 2896 1742 inducunt,
2930 1669 3279 1731 secundum
3320 1688 3474 1750 prae-

374 1768 676 1851 potentia,
709 1773 774 1828 et
815 1766 1046 1828 dehinc
1087 1767 1152 1827 in
1195 1773 1365 1826 actu.
1399 1765 1656 1839 lterum,
1691 1765 1866 1828 habi·
1979 1775 2249 1830 ostensa.
2282 1803 2363 1812 ——
2393 1768 2709 1849 AmpliuS,
2752 1768 3057 1830 elucescit
3103 1767 3271 1850 quod
3315 1767 3475 1829 divi-

373 1865 560 1929 tualis
605 1882 746 1928 esse
791 1883 915 1927 non
962 1871 1168 1946 potest
1217 1881 1230 1925 :
1277 1864 1420 1926 talis
1466 1864 1638 1926 enim
1687 1865 1866 1926 intel·
1903 1861 1952 1925 B
1983 1886 2101 1928 nus
2144 1865 2505 1928 intellectus
2539 1867 2993 1928 convenienter
3032 1865 3479 1928 universaliter

371 1967 570 2028 lectus
633 1963 880 2026 medius
939 1970 1036 2024 est
1103 1963 1270 2024 inter
1335 1962 1746 2044 potentialem
1807 1969 1870 2025 et

371 2064 646 2126 totaliter
675 2062 990 2124 actualem
1011 2079 1028 2140 3
1051 2062 1332 2143 primum
1365 2078 1516 2124 vero
1547 2069 1642 2123 est
1673 2081 1870 2144 purus

369 2170 567 2226 actus.
605 2161 870 2234 Rursus,
903 2160 1048 2222 talis
1081 2159 1446 2222 intellectus
1475 2161 1606 2222 exit
1635 2159 1713 2221 de
1745 2177 1872 2222 non

371 2281 554 2344 agere
603 2261 668 2322 in
714 2277 949 2342 agere:
993 2259 1534 2340 quemadmodum
1581 2259 1871 2321 habitum

373 2360 656 2424 seientiae
703 2358 964 2431 habenS,
1011 2365 1074 2420 et
1117 2357 1450 2420 actualiter
1493 2375 1618 2420 non
1669 2357 1872 2420 consi-

374 2460 626 2530 deranS,
669 2457 992 2538 egreditur
1037 2457 1102 2518 in
1145 2464 1378 2518 actum.
1413 2457 1550 2518 Jam
1596 2475 1872 2539 namque

376 2557 728 2620 sumendus
759 2563 856 2618 est
885 2554 1140 2616 habitus
1172 2573 1288 2638 pro
1317 2553 1709 2638 perfectione
1740 2555 1876 2637 qui-

376 2656 640 2728 escenti,
672 2653 754 2716 ab
785 2661 926 2716 actu
969 2653 1229 2735 proprio
1271 2671 1594 2734 suspensa.
1627 2653 1873 2726 Adhuc,

380 2754 742 2816 intellectus
801 2751 894 2813 sic
952 2751 1296 2813 habitualis
1354 2751 1688 2824 exsistenS,
1749 2769 1876 2813 non

380 2871 635 2936 semper
685 2852 748 2913 in
799 2851 1042 2934 optima
1099 2851 1198 2912 sui
1256 2849 1676 2932 dispositione
1735 2849 1878 2912 sub-

379 2953 546 3013 sistit
577 2967 591 3011 :
626 2950 778 3031 quia
806 2948 1050 3028 agendo
1079 2947 1268 3010 habet
1306 2965 1374 3010 se
1415 2947 1646 3010 melius
1685 2965 1876 3029 quam

1979 1983 2172 2046 agens
2204 1964 2458 2037 dicitur,
2492 1973 2555 2026 et
2586 1971 2814 2026 cuncta
2844 1963 3192 2038 illustranS,
3224 1983 3261 2026 a
3300 1965 3479 2027 nullo

1979 2063 2397 2126 illustrabilis.
2448 2064 2707 2136 RursuS,
2754 2063 3041 2126 formalis
3086 2064 3328 2145 optime
3372 2081 3477 2127 vo·

1979 2171 2181 2235 eatur,
2214 2181 2290 2225 eo
2334 2162 2505 2244 quod
2549 2162 2633 2224 sit
2675 2162 2796 2224 sibi
2848 2163 2968 2244 ipsi
3016 2162 3221 2225 forma
3264 2163 3481 2225 omnia

1981 2260 2479 2343 contemplandi,
2530 2268 2592 2322 et
2651 2261 2825 2323 omni
2894 2261 3352 2342 potentialitate
3418 2266 3480 2322 et
3592 2311 3605 2326 .

1985 2359 2427 2423 materialitate
2476 2377 2699 2452 carens
2750 2377 2764 2421 ε
2819 2359 2949 2421 imo
3008 2359 3145 2441 ipse
3194 2358 3482 2421 substan-

1985 2459 2221 2520 tialiter
2262 2458 2465 2521 forma
2506 2466 2623 2532 est,
2666 2476 2792 2520 non
2840 2459 3061 2539 utique
3104 2457 3477 2532 informanS,

1985 2557 2094 2619 sed
2139 2556 2525 2638 exemplaris
2570 2565 2633 2618 et
2677 2556 2831 2618 soris
2878 2574 3163 2630 manenS,
3198 2563 3265 2616 ut
3302 2557 3481 2638 prius
3508 2583 3693 2624 unm.

1988 2655 2321 2738 probatum
2365 2663 2476 2716 est.

2342 2926 2834 2992 ARTICULUS
2881 2927 3126 2990 LXIII.

378 3067 506 3111 ¹¹⁰⁰
564 3047 828 3129 agendo·
882 3045 1164 3108 Primum
1225 3052 1462 3120 autem’
1525 3045 1877 3107 secundum
1911 3049 1956 3112 C
1989 3080 2082 3139 De
2133 3077 2457 3153 positione
2511 3075 2775 3137 Alberti
2826 3085 2885 3134 et
2944 3076 3259 3136 Averrois
3312 3077 3491 3134 cirea

375 3145 786 3209 Aristotelem
859 3143 1238 3206 duodecimo
1308 3143 1532 3205 Primae
1603 3143 1878 3224 philoso-

377 3245 574 3329 phiae,
605 3261 862 3326 semper
892 3243 956 3304 in
997 3242 1242 3323 optimo
1281 3242 1380 3303 sui
1419 3249 1562 3304 est:
1595 3243 1881 3323 operatio

376 3345 556 3408 enim
607 3343 718 3405 Dei
765 3350 864 3404 est
911 3339 1313 3414 immortaliS,
1357 3349 1426 3402 ut
1471 3340 1682 3422 primo
1723 3339 1880 3403 Coeli

373 3443 486 3505 ait.

461 3541 530 3604 Si
573 3537 850 3620 denique
893 3537 1150 3600 divinus
1195 3536 1560 3599 intellectus
1603 3545 1880 3599 contem-

375 3639 662 3722 plativus
719 3644 784 3700 et
839 3635 1296 3718 speculativuS,
1341 3653 1456 3696 seu
1514 3635 1880 3718 operativus

375 3746 442 3800 et
476 3736 798 3819 practicus
827 3735 1095 3808 dicatur,
1122 3752 1248 3796 non
1275 3733 1408 3814 jam
1439 3732 1561 3796 erit
1589 3733 1708 3796 hoc
1741 3733 1880 3795 uni-

375 3854 543 3899 voce
589 3853 738 3897 eum
783 3833 1112 3896 intellectu
1157 3839 1394 3906 nostro,
1442 3840 1514 3894 ut
1550 3839 1878 3895 ostensum

373 3943 502 3998 est.
573 3934 1026 3996 Verumtamen
1101 3929 1202 3993 his
1279 3929 1652 3994 nominibus
1728 3930 1880 3992 satis

373 4039 808 4112 congruenter
835 4030 1258 4112 appellandus
1288 4037 1402 4092 est.
1438 4029 1880 4111 Speculativus

371 4149 661 4212 namque
691 4129 1056 4191 intellectus
1085 4127 1342 4200 dieitur,
1377 4127 1564 4209 cujus
1595 4127 1746 4188 finis
1785 4133 1882 4189 est

2071 3166 2573 3241 appellationem
2640 3165 2927 3223 scientioe
2998 3173 3056 3224 et
3128 3165 3493 3224 intellectus

2062 3255 2279 3330 primi
2308 3253 2639 3329 principii
2672 3261 2731 3310 ec
2762 3253 3281 3312 substantiarum
3320 3271 3495 3328 sepa·

2073 3353 2397 3403 ratarum.

2130 3536 2495 3600 VERROEM
2535 3537 2775 3620 quippe
2818 3545 3075 3600 secutus
3113 3539 3213 3618 (ut
3248 3539 3365 3620 ait)
3393 3539 3495 3602 Al·

2161 3637 2403 3709 bertus,
2454 3635 2791 3698 scientiam
2842 3635 3277 3716 intelligentiae
3334 3637 3492 3700 dicit

1993 3755 2110 3798 nec
2160 3733 2587 3796 universalem
2640 3751 2801 3806 esse,
2848 3751 2965 3794 nec
3014 3735 3485 3816 particularem,

1994 3833 2102 3896 sed
2153 3851 2347 3894 unam
2390 3831 2455 3892 in
2500 3831 2953 3892 constitutione
2998 3831 3377 3894 universalis
3423 3833 3488 3894 in

1995 3929 2383 4014 particulari,
2416 3936 2479 3990 et
2510 3928 2908 4010 particularis
2938 3929 3058 3990 sub
3090 3929 3437 3992 universali
3470 3947 3485 3992 ε

1993 4030 2179 4110 cujus
2238 4027 2547 4089 rationem
2604 4025 2903 4107 assignat,
2957 4027 3109 4108 quia
3165 4027 3303 4108 ipsa
3362 4045 3489 4090 non

1993 4134 2289 4190 causatur
2318 4143 2355 4188 a
2392 4123 2592 4198 scitiS,
2626 4123 2756 4186 imo
2794 4125 3099 4187 scitorum
3142 4143 3333 4188 causa
3368 4132 3484 4190 est.

370 4230 550 4294 seire
577 4235 687 4290 aut
715 4227 1064 4310 speculari3
1093 4226 1458 4308 operativus
1489 4242 1661 4299 ver0,
1695 4225 1880 4305 cujus
1912 4227 1958 4290 D
1991 4222 2359 4290 Universale
2388 4229 2603 4285 autem
2643 4229 2705 4284 et
2746 4221 3151 4305 particulare,
3184 4222 3488 4287 differen-

371 4328 542 4392 l'inis
587 4335 684 4390 est
723 4325 958 4408 praxis.
993 4325 1066 4387 Et
1107 4324 1368 4406 quidem
1405 4325 1538 4406 jam
1578 4343 1746 4406 saepe
1785 4341 1884 4386 os-

371 4437 640 4491 tensum
669 4432 786 4498 est,
811 4423 978 4506 quod
1009 4423 1268 4487 divinus
1299 4423 1660 4486 intellectus
1691 4441 1759 4485 se
1790 4422 1882 4505 ip·

375 4545 555 4600 sum,
589 4531 654 4588 et
683 4523 886 4586 multa
915 4541 1056 4604 quae
1087 4541 1204 4584 nec
1235 4529 1384 4584 sunt
1425 4540 1632 4604 neque
1671 4530 1881 4598 erunt,

375 4627 578 4711 plene
633 4624 964 4705 dignoscat
1015 4639 1028 4682 :
1090 4621 1276 4702 cujus
1332 4620 1674 4701 agnitionis
1733 4621 1884 4683 finis

375 4744 514 4789 non
565 4732 664 4786 est
711 4721 926 4804 praxis
973 4728 1037 4783 et
1084 4719 1298 4792 factio,
1349 4719 1458 4781 sed
1509 4719 1882 4802 speculatio,

373 4843 532 4908 quae
575 4819 992 4901 intelligentis
1034 4826 1130 4881 est
1167 4816 1440 4880 felicitas
1483 4825 1547 4879 et
1587 4819 1882 4879 essentia.

373 4927 556 4988 Deus
598 4921 772 4984 enim
819 4918 1120 4998 intelligit
1162 4937 1230 4980 se
1273 4925 1536 5000 propter
1579 4935 1646 4980 se
1691 4935 1704 4978 :
1741 4935 1886 4978 nam

373 5020 638 5086 bonitas
681 5019 826 5098 ejus
869 5025 966 5078 est
1003 5017 1128 5078 sibi
1174 5016 1504 5078 ultimatus
1550 5015 1724 5077 tinia.
1775 5017 1887 5077 De-

1992 4323 2094 4387 tiae
2151 4329 2461 4385 vocantur
2516 4339 2655 4383 esse
2712 4320 2995 4384 scientiae
3038 4339 3075 4383 a
3124 4322 3299 4384 scitis
3349 4340 3493 4384 cau·

1993 4430 2161 4484 satae.
2196 4420 2305 4483 Est
2342 4427 2555 4482 autem
2597 4437 2769 4481 nunc
2810 4418 3001 4494 idem,
3044 4419 3368 4502 inquirere
3411 4421 3491 4484 de

1993 4519 2421 4602 appellatione
2466 4517 2749 4581 scientiae
2794 4517 2903 4580 Dei
2948 4526 3009 4581 et
3057 4519 3260 4581 divini
3312 4519 3491 4581 intel·

1995 4621 2197 4683 lectus
2252 4636 2266 4680 :
2319 4625 2448 4680 tam
2508 4617 2681 4678 enim
2742 4617 3009 4680 scientia
3057 4635 3245 4700 quam
3297 4617 3489 4680 etiam

1997 4718 2359 4782 intellectus
2386 4715 2881 4798 appellationem
2913 4715 3265 4779 sortiuntur
3294 4737 3329 4779 a
3358 4716 3493 4780 fine

1995 4827 2060 4881 et
2100 4817 2372 4898 objecto.

2078 4916 2181 4977 Ait
2212 4916 2425 4995 itaque
2453 4913 2771 4986 Albertus,
2807 4912 2972 4995 quod
3015 4912 3273 4976 divinus
3312 4913 3495 4978 intel·

2001 5017 2225 5088 lectus,
2245 5011 2571 5095 possibilis
2604 5029 2728 5074 non
2762 5019 2857 5073 est
2886 5029 3003 5073 nec
3034 5011 3375 5076 habitualis
3401 5022 3494 5078 :et

371 5137 538 5194 nuo,
586 5137 686 5180 res
733 5123 974 5178 creatas
1024 5116 1306 5199 practico
1350 5113 1676 5176 intellectu
1724 5115 1890 5177 Deus
2001 5117 2120 5178 hoc
2183 5111 2441 5195 quidem
2488 5111 2620 5191 jam
2672 5109 3011 5192 probatum
3062 5119 3175 5173 est.
3230 5113 3491 5188 RursuS,

373 5217 707 5299 conspicit
749 5223 815 5277 et
857 5213 1151 5298 producit
1196 5231 1210 5276 :
1257 5221 1356 5276 est
1401 5231 1680 5294 namque
1725 5215 1894 5276 circa
2001 5215 2271 5296 adeptus
2300 5229 2427 5273 non
2468 5218 2578 5284 est,
2612 5210 2915 5292 quoniam
2955 5210 3315 5274 intellectus
3352 5213 3497 5276 ade·

373 5339 494 5386 eas
543 5325 612 5380 ut
653 5314 1034 5400 operabileS.
1077 5313 1294 5394 Neque
1339 5312 1542 5395 ipsius
1585 5313 1894 5395 perfectio
2008 5321 2178 5400 ptuS,
2221 5318 2563 5390 antequam
2606 5308 2873 5390 adeptus
2910 5315 3026 5384 est,
3060 5309 3125 5372 in
3173 5317 3317 5373 actu
3367 5329 3495 5376 non
