4300 6259
930 472 1052 537 400
1562 491 1641 537 nr,-
1683 490 1911 536 mmm:
1952 488 2337 535 camsi-uua:
2379 488 2680 547 runcum,
2721 488 2898 535 maim
2943 490 3004 536 11.
3049 507 3131 520 —
3169 490 3312 538 aar.
3355 492 3422 537 11

931 658 1111 721 dium
1144 658 1635 743 implorant,qui
1667 660 1733 722 in
1763 659 1999 723 virtute
2028 657 2186 720 fidei
2217 675 2436 740 super·
2465 658 2518 723 A
2550 657 2615 730 li,
2637 656 3043 739 postmodum
3073 660 3264 722 talem
3299 659 3532 723 mentis
3563 658 4000 741 inspirationem

932 757 1246 819 naturalia
1289 766 1531 838 agunt:
1574 758 1745 821 bunc
1790 758 1965 819 enim
2010 756 2231 819 colunt
2272 761 2335 817 et
2373 754 2434 817 ei
2547 755 2934 837 acciperent,
2979 765 3048 818 ut
3095 758 3310 820 subito
3354 775 3616 821 omnem
3655 757 3997 829 facundiam,

932 854 1239 916 serviunt.
1258 854 1323 917 Si
1355 855 1548 936 igitur
1580 854 1741 917 fides
1773 854 1837 915 in
1870 873 1996 936 qua
2027 854 2087 915 ei
2118 852 2430 927 serviunt,
2548 852 2832 933 linguam
2861 872 3140 929 omnem,
3174 874 3566 939 omnemque
3602 854 3999 937 allegationem

934 952 994 1013 ei
1037 952 1427 1034 displiceret,
1460 960 1571 1016 aut
1613 970 1739 1015 non
1789 952 2119 1015 exaudiret
2163 967 2293 1023 eOS,
2325 957 2436 1011 aut
2547 950 2704 1031 legis
2735 958 2799 1013 et
2826 951 3300 1034 Prophetarum,
3333 973 3462 1015 una
3493 972 3639 1017 cum
3669 954 4003 1017 inconcussa

932 1049 1328 1113 exaudiendo
1370 1050 1694 1132 deciperet
1736 1068 1849 1113 nos
1898 1068 1911 1112 :
1955 1049 2125 1132 quod
2169 1046 2433 1129 cogitari
2545 1048 2743 1111 animi
2783 1048 3158 1113 fortitudine
3197 1051 3484 1133 fideique
3525 1052 3858 1115 constantia
3881 1068 4002 1111 con·

930 1147 1321 1210 horrendum
1370 1157 1485 1211 est.
1530 1149 1693 1211 Dum
1744 1166 1976 1230 nempe
2029 1147 2433 1210 invocantem
2547 1151 3011 1229 sequerentur?
3041 1148 3260 1231 Neque
3297 1150 3428 1211 dici
3467 1157 3675 1231 potest
3709 1150 3836 1212 haec
3863 1148 4000 1210 facta

931 1246 1210 1320 exaudit,
1280 1246 1719 1309 testimonium
1785 1243 2083 1328 perhibet
2147 1243 2302 1305 fidei
2372 1250 2437 1305 et
2543 1261 2670 1306 non
2701 1264 2863 1321 esse,
2899 1253 2967 1307 ut
2994 1255 3140 1309 ante
3177 1254 3508 1311 ostensum
3547 1256 3660 1311 est.
3689 1248 3818 1310 Non
3851 1245 3996 1307 enim
4017 1270 4208 1321 miii-u.

932 1344 1072 1426 spei
1123 1343 1314 1407 illius.
1367 1346 1542 1408 Unde
1587 1345 1781 1407 etiam
1825 1344 2217 1426 experimur,
2263 1341 2433 1423 quod
2543 1360 2868 1407 armorum
2928 1344 3253 1420 violentia,
3313 1345 3627 1429 prosapiae
3681 1344 3994 1419 nobilitate,

934 1459 1062 1503 non
1092 1459 1313 1505 omnes
1342 1443 1601 1505 exaudit
1632 1462 1797 1505 unus
1836 1461 1908 1503 ac
1948 1460 2239 1503 summus
2269 1440 2435 1501 Deus
2544 1441 2918 1506 fortitudine
2947 1443 3369 1518 exercituum,
3399 1453 3511 1508 aut
3547 1444 3881 1508 carnalium
3913 1460 3998 1506 vo-

934 1538 1045 1621 qui
1090 1539 1148 1601 ei
1195 1540 1434 1602 servire
1479 1558 1546 1601 se
1593 1546 2045 1603 contestantur.
2089 1538 2248 1600 Nam
2299 1535 2436 1599 illo·
2547 1540 2862 1622 luptatum
2905 1542 3262 1624 promissis,
3303 1542 3692 1606 induxerunt
3730 1542 3911 1604 fidem
3947 1542 4000 1603 in

935 1655 1080 1698 rum
1113 1638 1213 1700 vel
1244 1638 1375 1701 vita
1403 1638 1507 1701 vel
1538 1638 1639 1700 lex
1680 1638 1805 1719 ipsi
1835 1636 2133 1719 displicet
2166 1652 2179 1697 ε
2215 1652 2436 1717 quem·
2543 1638 2766 1701 orbem
2799 1648 3112 1703 terrarum
3137 1659 3154 1721 ;
3188 1649 3253 1703 et
3297 1642 3424 1704 nisi
3463 1659 3720 1705 omnem
3759 1642 4004 1722 linguam

934 1735 1279 1798 admodum
1321 1737 1388 1798 in
1421 1736 1655 1800 Judaeis
1696 1735 1884 1798 facile
1924 1742 2020 1797 est
2064 1734 2435 1816 conspicere
2544 1737 2896 1813 novissent,
2931 1740 3045 1801 toti
3092 1740 3332 1803 mundo
3381 1740 3725 1822 praedicare
3766 1757 3881 1802 non
3919 1756 4006 1819 pe

934 1844 999 1897 et
1055 1836 1240 1897 malis
1300 1836 1692 1899 Christianis.
1745 1834 1839 1897 Ab
1898 1834 2145 1915 origine
2195 1832 2436 1915 quippe
2468 1838 2514 1900 B
2545 1836 2839 1898 tuissent.
2875 1838 3238 1913 Enimver0,
3269 1838 3573 1921 quoniam
3616 1857 3858 1902 omnem
3899 1838 4006 1900 ido-

935 1934 1353 1997 institutionis
1384 1934 1745 1997 christianae
1776 1932 2246 2014 legiS,cessavit
2273 1931 2436 1993 Deus
2548 1936 2861 2000 lolatriam
2911 1946 2975 2000 ct
3030 1940 3296 2001 deorum
3353 1938 3671 2000 culturam
3727 1937 4006 1997 destruxe-

935 2033 1258 2095 consuetis
1324 2033 1478 2095 olim
1548 2031 1953 2094 mirabilibus
2021 2029 2306 2093 stabilire
2375 2035 2439 2090 et
2546 2042 2716 2110 runt,
2755 2036 3228 2120 daemonesqu0‚
3272 2038 3337 2098 in
3380 2037 3618 2099 virtute
3665 2035 3800 2116 ejus
3842 2050 4005 2115 quem

933 2130 1289 2213 approhare
1320 2138 1601 2193 veterem
1642 2130 1846 2210 legem
1892 2147 1906 2191 z
1952 2130 2018 2192 in
2058 2145 2186 2210 quo
2227 2127 2435 2209 palam
2545 2135 3011 2197 annuntiabant
3055 2135 3378 2216 gentibus,
3421 2134 3788 2215 ejecerunt3
3827 2131 4002 2213 palam

935 2230 1302 2304 innotescit,
1343 2248 1421 2291 ex
1470 2236 1624 2291 tunc
1674 2236 2180 2291 consummatam
2232 2227 2437 2306 legem
2545 2232 2715 2314 quod
2783 2233 3097 2296 diabolica
3166 2234 3584 2316 inspiratione
3647 2230 3840 2293 afflati
3899 2246 4004 2291 non

937 2335 1241 2403 veterem,
1294 2347 1371 2391 ex
1421 2344 1548 2410 quo
1598 2326 1843 2388 initiata
1890 2334 1985 2388 est
2034 2326 2135 2389 lex
2187 2324 2436 2387 christi·
2546 2338 2726 2393 erant
2760 2349 2773 2393 ε
2808 2332 2918 2394 sed
2950 2332 3168 2395 hocin
3199 2331 3586 2415 praecedenti
3619 2329 3872 2394 articulo
3899 2327 4004 2409 ple·

934 2446 1075 2501 ana,
1110 2426 1463 2510 praesertim
1504 2444 1705 2509 quum
1745 2427 1989 2488 eisdem
2028 2423 2436 2486 mirabilibus
2547 2430 2694 2492 nius
2736 2439 3064 2493 ostensum
3107 2438 3223 2493 est,

936 2527 1020 2588 sit
1083 2524 1349 2588 fundata
1417 2524 1519 2587 lex
1584 2543 1748 2588 nova
1814 2523 2051 2605 quibus
2111 2522 2432 2606 quondam
2625 2530 2834 2592 Tertio
2878 2530 3148 2612 suscipit
3185 2529 3348 2593 fides
3387 2528 3675 2592 veritatis
3710 2544 4001 2607 argumen-

940 2624 1343 2708 resplenduit
1383 2625 1669 2705 antiqua.
2545 2634 2684 2689 tum
2727 2627 2808 2690 ab
2861 2628 2961 2689 his
3007 2648 3152 2710 quae
3200 2628 3370 2691 circa
3417 2635 3725 2711 martyres
3769 2625 4004 2705 contige·

2548 2732 2717 2801 runt,
2760 2734 2825 2788 et
2868 2745 2946 2788 ex
2991 2726 3363 2790 eorumdem
3413 2724 3753 2807 martyriis.
3785 2724 3898 2785 Hoc
3935 2730 4005 2783 et-

2545 2824 2720 2885 enim
2788 2823 3086 2888 mirabile
3143 2841 3406 2906 prorsus
3473 2830 3597 2898 est,
3656 2822 3819 2905 quod
3870 2820 4007 2882 inter

1355 2886 1843 2953 ARTICULUS
1888 2886 2011 2949 XI·
2547 2930 3029 3002 persecutorum
3079 2922 3508 3005 tyrannidem,
3559 2936 3638 2983 eo
3685 2919 3880 2984 fidelis
3923 2934 4006 2999 po·

938 3034 1025 3094 Et
1064 3039 1155 3090 est
1200 3030 1578 3105 explanacio
1626 3046 1849 3087 eorum
1899 3046 1979 3084 cx
2023 3026 2258 3103 quibus
2297 3044 2434 3084 sor·
2465 3025 2510 3091 C
2547 3020 2683 3101 puli
2715 3019 2902 3083 turba
2929 3020 3208 3102 amplius
3238 3027 3600 3101 augeretur,
3635 3036 3760 3102 quo
3788 3017 4004 3079 illorum

1008 3122 1179 3181 titur
1206 3122 1369 3197 fides
1408 3119 1849 3179 testimonium
1880 3134 2014 3175 suoe
2044 3115 2362 3174 veritatis.
2547 3136 2713 3181 saeva
2758 3117 2967 3181 rabies
3027 3117 3412 3181 terribiliora
3467 3125 3782 3181 tormenta
3823 3114 4005 3195 exqui-

2548 3224 2715 3279 reret
2761 3233 2774 3277 :
2828 3224 3091 3279 eatenus
3149 3224 3221 3278 ut
3266 3216 3348 3278 ad
3403 3214 3607 3278 fidem
3663 3212 4002 3283 convolaret,

1092 3317 1290 3381 ABET
1322 3315 1600 3397 denique
1631 3314 1818 3387 fides,
1852 3332 1995 3397 quae
2026 3312 2299 3375 naturali
2344 3331 2438 3374 ra·
2549 3333 2676 3378 non
2723 3322 2972 3377 tantum
3023 3314 3386 3378 communis
3435 3313 3660 3396 populi
3709 3312 3878 3375 turba
3927 3326 4006 3371 co-

1120 3415 1291 3478 tione
1336 3421 1527 3489 caret,
1564 3412 1899 3494 multiplex
1936 3418 2385 3492 argumentum
2419 3428 2433 3472 :
2548 3413 2749 3494 piosa,
2784 3413 2893 3475 sed
2937 3414 3130 3476 etiam
3174 3412 3792 3495 sapientissimorum
3831 3418 3888 3471 et
3917 3425 4004 3469 no-

940 3534 1069 3578 non
1130 3514 1351 3596 utique
1408 3514 1703 3575 humanae
1761 3510 2131 3572 subtilitatis
2198 3528 2270 3571 ac
2335 3509 2440 3571 ad·
2547 3511 2779 3574 hilium
2808 3528 2935 3575 non
2966 3530 3169 3594 pauca
3201 3510 3660 3574 multitudotin
3689 3528 3809 3592 qua
3833 3515 4004 3569 tamen

939 3612 1351 3687 inventionis,
1392 3611 1502 3673 sed
1543 3611 1667 3673 sibi
1716 3610 2242 3691 correspondenS,
2284 3608 2438 3670 dum
2548 3610 2680 3672 fide
2747 3618 2874 3672 tam
2947 3608 3625 3691 incomprehensibilia
3700 3602 4005 3669 intellectui

940 3710 1448 3794 supernaturalia
1480 3708 1632 3771 fidei
1664 3708 2030 3771 testimonia
2068 3725 2184 3788 per
2221 3724 2441 3788 super·
2548 3716 2612 3771 et
2669 3708 2982 3771 voluntati
3042 3707 3353 3790 perardua
3407 3712 3859 3789 proponuntur.
3905 3702 4006 3763 Hoc

941 3808 1255 3873 naturalia
1284 3814 1657 3887 argumenta
1687 3804 2204 3887 comprobantur.
2231 3804 2440 3867 Primo
2551 3807 2745 3888 igitur
2789 3806 2932 3869 fieri
2975 3823 3102 3869 non
3147 3806 3481 3887 potuisset,
3526 3805 3653 3868 nisi
3699 3804 3752 3867 is
3791 3820 3894 3885 pro
3925 3818 4008 3862 cu·

942 3908 1135 3990 igitur
1166 3906 1359 3968 habet
1386 3904 1549 3967 fides
1580 3904 2021 3966 testimonium
2060 3921 2137 3965 ex
2169 3902 2440 3984 Prophe·
2546 3906 2654 3986 jus
2711 3905 2974 3968 nomine
3033 3912 3096 3966 et
3145 3904 3274 3967 fide
3324 3921 3392 3966 se
3443 3904 3618 3985 ipsos
3667 3904 3732 3965 in
3777 3908 4006 3963 mortem

939 4015 1150 4070 tarum
1189 4002 1531 4067 vaticiniis.
1567 4002 1795 4064 Divina
1832 4019 2067 4082 nempe
2105 4000 2440 4082 sapientia,
2550 4004 2969 4078 tradiderunt,
3015 4002 3179 4065 inter
3216 4010 3534 4065 tormenta
3573 4010 3638 4064 et
3675 4002 3856 4065 etiam
3893 4004 4008 4080 post

942 4104 1128 4185 cujus
1196 4110 1293 4166 est
1349 4101 1564 4164 omnia
1620 4100 1936 4173 ordinare,
1996 4118 2033 4161 a
2092 4097 2314 4160 multis
2378 4106 2443 4161 et
2553 4102 2810 4165 illorum
2866 4101 3279 4174 occisionem,
3332 4100 3562 4163 fideles
3621 4118 3767 4162 suos
3823 4094 4009 4159 mirifi-

940 4203 1221 4285 antiquis
1253 4199 1651 4282 temporibus
1682 4198 1989 4280 quosdam
2032 4198 2202 4260 viros
2242 4199 2440 4281 inspi-
2473 4206 2522 4267 D
2553 4208 2778 4271 casset‚
2825 4208 2901 4262 et·
2932 4198 3087 4262 fidei
3132 4198 3390 4261 illorum
3435 4197 3862 4260 testimonium
3901 4212 4010 4275 per-

940 4301 1124 4376 ravit,
1186 4300 1296 4383 qui
1356 4316 1429 4361 ea
1488 4304 1755 4361 ventura
1810 4296 2244 4379 praedixerunt
2298 4316 2440 4378 quae
2554 4298 2886 4361 hibuisset.
2951 4298 3277 4370 Praeterea,
3340 4296 3512 4378 quod
3581 4295 3806 4359 ceteris
3857 4292 4010 4355 mira-

938 4400 1105 4463 fides
1145 4399 1490 4462 christiana
1532 4396 1937 4460 evidentibus
1982 4395 2183 4476 signis
2226 4403 2291 4457 et
2327 4396 2440 4458 mi-
2554 4397 2747 4460 bilius
2795 4405 2913 4471 est,
2967 4397 3034 4459 in
3083 4395 3470 4479 quibusdam
3521 4395 3760 4458 teneris
3813 4389 4009 4475 puellis

939 4498 1172 4561 raculis
1218 4497 1501 4579 suscepit
1544 4504 1607 4559 et
1647 4494 1918 4558 credidit
1957 4494 2327 4575 adimpleta,
2361 4512 2441 4557 ne
2551 4515 2624 4559 ac
2655 4495 3074 4558 nobilissimis
3118 4493 3497 4574 virginibus,
3531 4493 3598 4555 in
3639 4491 3866 4575 quibus
3901 4493 4010 4551 erat

936 4598 1151 4661 forsan
1189 4617 1228 4660 a
1266 4616 1417 4659 casu
1457 4595 1557 4659 vel
1597 4595 1809 4657 subito
1852 4594 2292 4657 existimarent
2333 4592 2443 4657 ho-
2551 4613 2740 4658 sexus
2772 4593 3080 4675 fragilitas
3107 4601 3172 4656 et
3205 4593 3674 4655 mundanarum
3711 4608 3909 4654 rerum
3937 4586 4010 4649 af·

940 4697 1149 4760 mines
1197 4696 1309 4759 illa
1356 4694 1699 4775 contigisse
1739 4701 1803 4755 et
1839 4693 2131 4755 evenisse
2183 4711 2325 4775 quae
2374 4692 2439 4754 in
2552 4693 2821 4757 fluentia
2873 4692 3308 4775 naturalisque
3360 4690 3868 4774 pusillanimitas,
3904 4696 4009 4749 tam

940 4795 1192 4860 Christo
1221 4794 1387 4857 facta
1417 4812 1557 4856 esse
1590 4792 1868 4855 mundus
1900 4791 2187 4854 credidit.
2552 4792 2953 4856 immobilem
3000 4791 3155 4853 fidei
3213 4790 3658 4855 fortitudinem
3705 4798 3769 4853 et
3811 4784 4009 4851 mentis

1022 4895 1317 4959 Secundo
1356 4892 1549 4955 habet
1587 4891 1752 4953 fides
1794 4891 2234 4954 testimonium
2275 4910 2312 4953 a
2354 4891 2442 4953 di·
2553 4891 2958 4954 securitatem
3030 4889 3254 4963 fuisse,
3328 4897 3400 4951 ut
3466 4888 3646 4951 nulla
3714 4900 4008 4971 poenarum

940 4995 1105 5059 vinae
1135 4993 1389 5056 virtutis
1432 4990 1758 5055 miraculis
1792 5007 1806 5051 z
1842 4990 1918 5052 de
1959 5008 2079 5073 quo
2113 4989 2247 5071 jam
2289 4990 2442 5052 satis
2550 4990 2893 5054 acerbitate
2934 4988 3366 5063 flecterentur,
3401 4988 3725 5072 nullisque
3761 4988 4009 5068 volupta-

940 5094 1232 5158 hahitum
1262 5101 1377 5155 est.
1412 5090 1573 5165 Quid
1604 5108 1883 5171 namque
1918 5088 2276 5151 mirabilius
2307 5088 2440 5163 illo,
2551 5099 2690 5153 tum
2737 5087 3066 5152 blanditiis
3109 5096 3585 5171 superarentur,
3633 5088 4006 5152 manifestum

942 5204 1013 5258 ut
1044 5195 1255 5258 idiotae
1284 5202 1349 5257 et
1376 5190 1789 5276 simpliciani,
1824 5198 1887 5253 et
1927 5209 2129 5271 usque
2167 5191 2245 5253 ad
2278 5207 2441 5253 mor·
2552 5196 2808 5273 praestat
2846 5186 3002 5250 fidei
3045 5188 3509 5262 testimonium,
3541 5188 3714 5269 quod
3751 5206 3788 5249 a
3823 5186 4006 5249 divina

942 5306 1075 5363 tem
1105 5296 1339 5361 Christi
1371 5291 1727 5357 imbecilles
1762 5289 2120 5372 trepidique
2159 5289 2439 5372 discipu·
2551 5289 2785 5352 virtute
2846 5286 3078 5369 puellae
3134 5286 3260 5351 illae
3315 5286 3764 5369 hujuscemodi
3823 5300 4004 5369 super·
