4300 6259
191 4481 250 4513 m,
265 4481 304 4508 c.
317 4469 372 4508 38

1067 539 1148 584 ΒΕ
1188 537 1416 584 Loium!
1460 535 1844 584 cnutsTiANAE
1883 534 2189 592 Tamum,
2236 535 2409 583 LIBER
2453 539 2495 583 l.
2542 556 2621 568 -
2665 539 2803 584 Aur.
2850 539 2905 585 Ll

3416 519 3537 586 293

427 714 650 770 autem
680 716 926 772 naturai
967 709 1029 770 in
1073 715 1322 770 tantum
1363 707 1695 790 proprium
1739 707 1936 768 finem
1969 705 2016 766 A
2047 705 2335 788 suscipit.
2383 707 2503 770 Sed
2548 727 2758 790 neque
2802 710 3072 773 Thomas
3116 710 3393 772 admittit
3434 709 3545 772 ali·

425 817 888 888 assequuntur,
923 815 994 870 ut
1033 807 1320 870 naturale
1364 808 1646 889 ipsarum
1693 805 1936 868 deside-

425 903 606 966 rium
647 905 934 987 quiescat
981 907 1042 968 in
1093 905 1218 968 illo.
1273 905 1543 968 Necesse
1599 903 1792 984 igitur
1842 909 1939 964 est

429 1000 498 1064 id
535 1003 744 1084 ipsum
779 1004 1132 1067 intellectui
1167 1004 1380 1086 potius
1417 1003 1780 1066 convenire.
1815 1001 1936 1064 Sed

425 1119 610 1162 nunc
669 1121 864 1184 supra
917 1102 1362 1184 multipliciter
1419 1099 1755 1183 probatum
1815 1107 1933 1172 est,

423 1199 934 1264 intellectualem
964 1201 1322 1282 appetitum
1353 1217 1480 1262 non
1513 1199 1784 1281 quietari
1829 1216 1938 1260 ne-

423 1315 564 1378 que
613 1298 838 1361 sistere
890 1299 952 1360 in
1005 1298 1544 1381 contemplatione
1593 1297 1744 1360 huic
1794 1297 1934 1378 ejus

421 1395 626 1456 statui
677 1403 1100 1478 competente.
1149 1396 1518 1460 Necessario
1557 1395 1752 1476 igitur
1791 1412 1936 1459 con-

419 1511 710 1574 sequens
757 1502 854 1556 est
898 1503 966 1556 ut
1007 1495 1070 1556 in
1116 1494 1246 1556 vita
1289 1493 1412 1557 alia
1451 1493 1570 1556 hoc
1609 1494 1668 1556 ei
1707 1511 1935 1556 conve-

419 1590 571 1652 niat
613 1607 628 1652 ε
668 1593 1021 1674 praesertim
1065 1612 1265 1674 quum
1297 1600 1522 1654 natura
1563 1609 1687 1654 non
1721 1591 1936 1654 tendat

417 1689 510 1750 ad
547 1689 968 1771 impossibile,
995 1709 1204 1773 neque
1234 1693 1334 1770 (ut
1371 1691 1460 1753 ait
1487 1689 1937 1770 Philosophus)

419 1787 746 1868 possibile
803 1787 886 1850 sit
945 1788 1230 1850 naturale
1291 1787 1684 1850 desiderium
1745 1787 1932 1850 inane

417 1884 573 1947 fore
615 1893 678 1947 et
721 1884 974 1948 frustra.

507 1984 806 2066 Amplius
835 1993 1055 2047 contra
1085 1985 1198 2046 has
1235 1984 1571 2067 opiniones
1603 2003 1776 2047 nunc
1815 1984 1936 2046 dis-

413 2083 788 2164 putandum
849 2101 976 2146 non
1033 2091 1128 2146 est
1188 2101 1203 2145 :
1267 2092 1415 2146 sunt
1473 2083 1646 2146 enim
1704 2082 1770 2146 in
1839 2083 1933 2146 eis

415 2180 636 2242 multa
697 2190 956 2263 propter
1009 2200 1152 2263 quae
1219 2179 1536 2264 posterius
1595 2181 1784 2244 latius
1845 2181 1932 2244 lo·

411 2279 758 2360 quendum
803 2287 901 2342 est
943 2279 1022 2342 de
1065 2279 1176 2342 eis,
1213 2279 1388 2354 Quod
1433 2279 1606 2342 enim
1649 2279 1928 2341 animam

411 2375 886 2439 intellectivam
939 2377 1098 2439 dixit
1145 2377 1502 2440 Alexander
1549 2376 1932 2459 corruptibi-

407 2475 580 2548 lem,
641 2475 904 2538 omnino
963 2475 1396 2557 perniciosum
1455 2483 1568 2538 est.
1624 2475 1745 2538 Sed
1806 2494 1930 2538 non

407 2573 644 2636 minus
689 2573 1090 2637 intolerabile
1136 2582 1252 2648 est,
1301 2575 1470 2656 quod
1513 2575 1822 2638 Averroes
1871 2581 1934 2636 et

405 2670 796 2735 Ababather
813 2673 1186 2743 ‚finxerunt

501 2769 749 2842 Denuo,
811 2769 966 2852 quid
1023 2771 1106 2832 sit
1172 2771 1250 2832 de
1319 2770 1440 2832 hoc
1499 2769 1928 2844 sentiendum,

407 2868 598 2948 quod
629 2886 854 2930 omnes
875 2869 1097 2930 dicunt
1121 2869 1200 2931 de
1223 2867 1762 2950 contemplatione
1784 2867 1930 2930 sub-

405 2966 806 3028 stantiarum
857 2975 1290 3048 separatarum
1335 2967 1398 3028 in
1439 2967 1556 3028 hac
1597 2967 1748 3038 vita,
1793 2965 1930 3028 loco

2047 803 2232 885 cujus
2292 807 2483 868 creati
2548 807 2907 870 intellectus
2970 808 3255 871 naturale
3305 808 3547 871 deside-

2047 902 2213 964 rium
2247 903 2517 985 quietari
2551 923 2737 987 posse
2770 908 2927 970 citra
2967 927 3106 970 eam
3139 908 3371 970 divinae
3402 925 3547 970 con-

2044 1002 2529 1083 templationem
2554 1005 2865 1079 essentiae,
2899 1025 3025 1089 qua
3064 1006 3319 1068 videtur
3356 1005 3547 1068 sicuti

2045 1107 2163 1172 est,
2198 1101 2553 1164 secundum
2592 1105 2917 1185 propriam
2957 1105 3259 1167 videlicet
3296 1103 3395 1166 sui
3440 1123 3550 1165 na-

2043 1204 2277 1272 turam,
2325 1207 2389 1261 et
2432 1207 2502 1262 ut
2546 1201 2611 1262 in
2658 1203 2999 1284 semetipsa
3042 1202 3352 1266 subsistit.
3399 1202 3547 1264 Ideo

2043 1297 2399 1359 secundum
2450 1317 2621 1372 eum,
2675 1301 2981 1362 naturalis
3030 1300 3303 1363 felicitas
3350 1299 3545 1362 creati

2045 1392 2409 1457 intellectus
2441 1395 2505 1457 in
2548 1397 3085 1479 contemplatione
3126 1397 3318 1461 creati
3361 1397 3545 1458 intel-

2045 1491 2309 1572 ligibilis
2340 1511 2464 1556 non
2499 1501 2617 1568 est,
2652 1513 2859 1577 neque
2892 1495 2954 1558 in
2996 1496 3317 1576 agnitione
3350 1495 3541 1578 primi

2042 1592 2176 1652 veri
2224 1599 2293 1652 ut
2333 1593 2397 1654 in
2438 1593 2735 1655 secundis
2778 1594 3019 1656 relucet
3052 1612 3065 1657 ε
3099 1595 3401 1676 quoniam
3446 1611 3539 1655 se·

2043 1689 2327 1752 eundum
2360 1710 2529 1752 nunc
2561 1699 2833 1766 ostensa,
2868 1700 2931 1754 et
2972 1701 3038 1754 ut
3070 1693 3207 1774 ipse
3237 1691 3535 1767 admittit,
3564 1715 3647 1756 m.
3672 1725 3768 1756 m.

2041 1789 2389 1870 cujuslibet
2428 1797 2689 1862 naturae,
2721 1799 2783 1854 et
2816 1791 3143 1873 potissime
3188 1791 3541 1854 intellectu-

1958 1886 2005 1950 B
2039 1885 2157 1948 alis
2217 1887 2609 1962 substantiae,
2654 1888 2939 1952 naturale
2996 1889 3384 1952 desiderium
3430 1889 3541 1953 illo

2040 1984 2317 2066 quiescit
2345 1985 2595 2067 adept0,
2620 1987 2791 2067 quod
2823 1987 2946 2050 sibi
2988 1987 3141 2050 linis
3172 1995 3269 2050 est
3298 1994 3405 2050 aut
3436 2007 3541 2048 na·

2043 2082 2265 2145 turalis
2298 2082 2587 2146 felicitas.
2625 2085 2687 2146 Si
2718 2103 2869 2166 ergo
2902 2085 3403 2166 intelligentialis
3434 2086 3540 2168 hy·

2047 2182 2317 2263 postasis
2356 2182 2663 2244 naturalis
2702 2183 3047 2264 appetituS,
3084 2185 3147 2246 in
3176 2203 3249 2247 ea
3290 2192 3535 2247 tantum

2046 2279 2269 2360 primae
2322 2279 2605 2342 veritatis
2662 2281 3099 2363 speculatione
3142 2282 3399 2364 quietus
3444 2289 3541 2344 est

2044 2395 2171 2458 qua
2206 2379 2571 2459 agnoscitur
2602 2379 2953 2442 secundum
2990 2380 3087 2442 sui
3120 2381 3538 2462 quidditatcm

2043 2483 2108 2538 et
2137 2494 2254 2557 per
2281 2477 2647 2546 essentiam,
2682 2485 2835 2539 tunc
2866 2478 3089 2560 utique
3129 2479 3249 2541 hoc
3279 2479 3399 2541 erit
3438 2497 3543 2541 na-

2041 2573 2265 2636 turalis
2305 2573 2516 2636 omnis
2558 2576 2751 2637 creati
2798 2575 3161 2638 intellectus
3192 2575 3535 2640 beatitudo.

2123 2671 2573 2752 Hujuscemodi
2608 2690 2799 2754 porro
2831 2674 3209 2754 positionem
3243 2674 3343 2736 his
3386 2682 3543 2736 sata-

2039 2769 2130 2849 git
2178 2769 2529 2831 rationibus
2580 2769 2829 2832 fulcire.
2866 2771 3156 2852 Cognitio
3206 2790 3334 2854 qua
3374 2772 3542 2834 Deus

2041 2868 2445 2948 cognoscitur
2504 2886 2618 2948 per
2676 2869 2959 2950 speciem
3019 2877 3315 2940 creatam,
3360 2877 3425 2932 et
3474 2877 3545 2932 ut

2042 2965 2106 3027 in
2153 2966 2452 3028 secundis
2498 2966 2782 3038 resultat,
2820 2967 3195 3048 imperfecta
3232 2975 3327 3030 est
3360 2985 3375 3030 t
3408 2986 3541 3030 orn-

408 3081 546 3126 suo
587 3073 648 3126 et
686 3064 995 3145 singulari
1041 3064 1440 3146 inquisitioni
1475 3064 1928 3126 reservandum
1961 3069 2004 3130 G
2041 3063 2139 3126 nis
2182 3063 2353 3126 enim
2396 3071 2605 3126 creata
2642 3065 2869 3139 virtus,
2902 3073 3127 3128 natura
3165 3073 3357 3148 atque
3398 3085 3539 3149 per·

409 3170 524 3226 est
563 3162 996 3225 :altissimum
1047 3163 1219 3224 enim
1271 3170 1366 3224 est
1417 3163 1534 3224 hoc
1578 3162 1924 3242 negotium.

857 3380 1346 3444 ARTICULUS
1393 3381 1503 3444 LI.

405 3516 518 3574 De
545 3513 868 3587 positione
905 3513 1158 3572 Thomoe
1187 3520 1246 3570 et
1285 3513 1552 3586 ,Εςιίιῑίί
1579 3513 1660 3570 de
1695 3513 1926 3578 Roma,

493 3610 564 3660 et
614 3601 1049 3678 quorumdam
1097 3601 1384 3659 aliorum
1434 3603 1770 3659 doctorum
1820 3619 1926 3658 ηο-

495 3699 662 3749 stroe
706 3689 1048 3764 relt‘yiom's
1085 3707 1212 3748 non
1259 3689 1606 3748 mediocris
1643 3690 1926 3747 auetori-

497 3781 688 3846 tacis,
718 3779 894 3836 circa
929 3781 1302 3837 naturalem
1343 3779 1584 3836 auimoe
1613 3786 1929 3852 separata)

491 3869 912 3945 felicitatem.

549 4043 846 4107 ANCTUS
887 4043 1158 4105 Thomas
1191 4043 1255 4104 in
1288 4042 1566 4106 editione
1607 4061 1798 4124 quam
1849 4043 1926 4104 de

581 4143 728 4205 Fide
760 4141 1066 4205 catholica
1109 4141 1380 4214 induxit,
1414 4149 1476 4203 et
1508 4141 1718 4223 ipsum
1751 4160 1930 4203 secu-

2039 3162 2253 3233 fecti0,
2298 3181 2333 3224 a
2376 3161 2775 3245 plenitudine
2814 3183 2886 3226 ac
2934 3164 3323 3246 supervivali
3373 3164 3539 3228 exal-

2037 3260 2277 3322 tatione
2326 3259 2528 3321 divini
2582 3278 2721 3322 esse
2770 3261 3029 3324 infinite
3077 3262 3425 3336 occumbit,
3476 3269 3541 3324 ct

2039 3357 2231 3438 igitur
2295 3357 2579 3420 divinam
2654 3359 2999 3440 puritatem
3066 3378 3189 3423 non
3256 3360 3382 3422 nisi
3446 3361 3539 3422 in-

2037 3454 2355 3537 complete
2388 3464 2816 3536 repraesentat.
2841 3456 3041 3520 Omne
3072 3465 3277 3520 autem
3314 3457 3543 3540 imper-

2037 3553 2277 3615 fectum
2316 3553 2561 3634 appetit
2592 3553 2839 3634 perfici.
2876 3555 2990 3627 Qui
3022 3572 3170 3635 ergo
3200 3556 3393 3618 talem
3428 3557 3535 3618 Dei

2037 3651 2458 3732 cognitionem
2496 3649 2861 3724 habet‚eam
2892 3653 3209 3714 desiderat
3239 3672 3375 3734 quae
3408 3673 3541 3736 per-

2037 3748 2205 3811 fecta
2234 3756 2329 3811 est
2362 3767 2375 3810 :
2412 3767 2537 3811 non
2566 3748 2760 3828 igitur
2790 3749 2947 3811 citra
2980 3749 3181 3830 ipsam
3216 3751 3383 3812 sistit
3412 3771 3537 3833 qua

2038 3847 2293 3909 videtur
2320 3846 2539 3909 divina
2570 3855 2793 3908 natura
2826 3854 2895 3908 ut
2926 3847 2989 3908 in
3023 3867 3089 3910 se
3120 3846 3430 3910 subsistit.
3458 3885 3534 3896 —-

2036 3945 2355 4017 Praeterea,
2372 3964 2447 4006 ex
2479 3944 2799 4025 agnitione
2830 3953 3221 4008 causatorum
3251 3949 3537 4010 accendi-

2035 4053 2140 4105 tur
2182 4043 2568 4105 desiderium
2616 4043 2690 4105 ad
2731 4044 3120 4123 agnitionem
3162 4062 3385 4108 causae.
3422 4047 3535 4109 Per

2037 4144 2157 4205 hoc
2188 4159 2337 4222 ergo
2366 4141 2533 4224 quod
2576 4141 2769 4204 creati
2800 4141 3159 4204 intellectus
3190 4143 3533 4206 substanti-

407 4254 528 4306 tus
566 4241 868 4321 AEgidius,
893 4241 1062 4302 circa
1093 4239 1446 4302 naturalem
1474 4241 1703 4303 animae
1737 4240 1930 4303 felici·
1957 4239 2006 4300 D
2036 4260 2137 4302 am
2172 4258 2384 4302 rerum
2418 4247 2769 4301 creatarum
2803 4240 3371 4321 conspiciunt,n0n
3402 4241 3536 4322 qui-

407 4351 624 4404 tatem
657 4339 838 4402 aliter
879 4338 1074 4401 locuti
1116 4343 1284 4400 sunt.
1319 4337 1422 4400 Ait
1460 4356 1736 4420 namque
1773 4338 1930 4400 Tho-

411 4460 568 4504 mas
619 4439 682 4500 in
732 4439 996 4501 Summa
1045 4445 1262 4499 contra
1305 4437 1598 4518 gentileS,
1643 4437 1928 4499 naturale

403 4545 862 4621 separatorum
899 4535 1340 4598 intellectuum
1373 4535 1782 4610 desiderium,
1815 4555 1926 4598 seu

401 4639 618 4702 etiam
653 4635 940 4707 humani,
975 4653 1092 4695 nec
1131 4635 1354 4696 sistere
1395 4652 1601 4714 neque
1640 4634 1926 4714 quiesce-

405 4755 482 4798 re
529 4735 602 4796 in
644 4731 1182 4813 contemplatione
1214 4731 1436 4813 primae
1467 4730 1770 4802 veritatis,
1804 4749 1929 4812 qua

403 4835 756 4897 dumtaxat
777 4829 1144 4910 agnoscitur
1167 4829 1518 4890 secundum
1545 4829 1714 4910 quod
1739 4829 1800 4890 in
1825 4847 1930 4890 en-

411 4932 604 4996 tibus
635 4929 866 4992 creatis
900 4927 1264 5009 resplendet
1301 4933 1494 5008 atquc
1535 4925 1928 5006 cognoscibi-

409 5032 502 5096 lis
551 5029 862 5092 consistit.
899 5026 1236 5107 Propterea
1273 5043 1508 5106 nempe
1546 5026 1926 5106 positionem

2037 4347 2263 4402 escunt
2309 4339 2511 4400 donec
2560 4337 2870 4401 Creatoris
2920 4337 3339 4400 substantiam
3388 4358 3533 4403 con-

2037 4444 2353 4499 tueantur.
2378 4471 2457 4480 —-
2478 4436 2793 4518 AmpliuS,
2828 4444 3279 4516 cognoscentes
3310 4439 3389 4500 de
3418 4439 3531 4500 ali-

2038 4553 2165 4618 quo
2205 4535 2354 4616 quia
2394 4541 2509 4607 est,
2544 4535 2917 4596 naturaliter
2958 4535 3321 4616 appetimus
3366 4537 3531 4599 scire

2036 4635 2114 4696 de
2162 4633 2385 4695 eodem
2429 4633 2580 4713 quid
2622 4641 2745 4709 est;
2778 4633 3056 4713 cognitio
3084 4641 3296 4695 autem
3330 4634 3527 4696 divini

2036 4750 2175 4792 esse
2220 4749 2345 4811 qua
2390 4731 2453 4791 in
2500 4729 2797 4792 secundis
2840 4729 3228 4811 speculabile
3271 4738 3387 4804 est,
3439 4741 3535 4794 cst

2037 4835 2285 4890 tantum
2336 4827 2487 4908 quia
2534 4834 2629 4888 est
2675 4844 2689 4888 ε
2744 4844 2868 4888 non
2920 4844 3070 4906 ergo
3120 4827 3181 4888 in
3234 4847 3307 4890 ca
3356 4837 3533 4891 natu-

2040 4925 2257 4988 raliter
2306 4923 2721 5006 quiescimuS,
2770 4924 2877 4985 scd
2924 4931 3075 4985 tunc
3126 4924 3333 4986 solum
3382 4927 3535 4989 dum

2040 5024 2193 5107 quid
2245 5031 2338 5084 est
2388 5041 2501 5104 per
2548 5021 2912 5094 essentiam,
2958 5021 3255 5084 videlicet
3300 5025 3533 5106 ipsum,

136 5160 212 5196 m.
233 5165 376 5196 mut
407 5128 766 5194 Avicennae
791 5143 964 5188 nunc
983 5131 1130 5186 ante
1153 5123 1468 5186 laudatam
1491 5123 1772 5203 AEgidius
1803 5140 1930 5184 non
2043 5123 2370 5184 intuemur
2394 5121 2512 5180 ¹....

519 5347 538 5384 ¹
579 5339 687 5393 Hic
719 5339 930 5392 desunt
959 5337 1244 5391 nonnulla.
1279 5337 1365 5402 Cf.
1397 5340 1530 5390 tom.
1563 5337 1604 5393 1,
1635 5351 1689 5402 p.
1720 5351 1851 5398 ινιι,
1884 5348 1938 5388 n·
1968 5338 2046 5388 55.
