4300 6259
916 536 997 582 DE
1038 536 1265 583 Lunum
1305 534 1686 581 cnalsnANAE
1727 534 2028 591 rumam,
2072 534 2248 581 LIBER
2278 534 2317 580 1.
2350 552 2430 563 —
2470 534 2608 579 ΛΒΤ.
2655 534 2775 590 Glx,
2821 532 2898 579 CX

3337 508 3456 576 375

354 712 565 768 tutum
614 712 683 768 et
729 705 797 768 in
836 704 1121 788 potentia
1158 704 1513 778 infinitum,
1546 710 1855 787 praestans
1884 702 1936 766 A
1964 724 2103 769 esse
2148 705 2435 776 induere,
2469 724 2680 787 neque
2725 722 2957 787 corpus
2998 702 3167 777 fieri,
3199 720 3318 765 nec
3355 701 3460 765 de-

355 804 625 884 singulis
688 802 999 867 fixionem
1058 812 1121 867 et
1177 803 1605 867 subsistentias
1669 801 1855 864 fulci-

356 909 646 965 mentum
682 919 699 965 :
743 903 1045 984 quoniam
1090 902 1227 964 sine
1272 901 1477 983 ipsius
1522 900 1857 982 praesentia

354 1019 471 1064 nec
503 1001 569 1063 in
602 1000 736 1063 ictu
766 1000 936 1063 oculi
968 1000 1223 1063 duraret
1250 1017 1441 1063 omne
1470 1007 1773 1063 creatum.

748 1262 1239 1328 ARTICULUS
1285 1264 1457 1327 CIX.

358 1405 915 1473 Quemadmodum
955 1404 1151 1472 DeuS,
1192 1404 1312 1481 qui
1357 1405 1579 1463 omnia
1620 1410 1851 1478 potest,

602 1494 861 1553 dicitur
900 1494 1199 1571 quoedam
1242 1512 1367 1551 non
1404 1510 1605 1567 posse.

524 1688 1152 1751 'IVERSALISSlMAE
1198 1705 1273 1749 ac
1322 1686 1545 1769 primoe
1604 1694 1667 1748 et
1720 1704 1853 1749 om-

522 1788 681 1849 nino
728 1786 1065 1850 illimitatae
1122 1804 1349 1859 causae,
1400 1786 1855 1867 correspondet

1962 803 1991 866 s
1994 804 2182 876 icere,
2217 818 2426 886 neque
2454 804 2694 885 augeri,
2727 812 2846 867 ete.
2879 804 3309 884 Quaecumque
3347 800 3460 862 ita-

1965 922 2089 986 que
2134 904 2496 986 passionem
2537 911 2602 965 et
2639 902 2960 965 desectum
3001 901 3358 982 designant,
3389 906 3462 961 ut

1964 1002 2270 1083 fatigatio,
2304 1001 2567 1075 oblivio,
2609 1002 2943 1083 poenitere,
2982 999 3171 1062 irasci
3210 1006 3275 1061 et
3312 1016 3460 1061 con·

1964 1100 2226 1173 tristari,
2257 1119 2294 1162 a
2321 1100 2452 1163 Deo
2481 1100 2666 1181 longe
2697 1099 2972 1180 relegata
3001 1104 3168 1159 sunt.

2043 1201 2255 1272 Perre,
2317 1198 2494 1261 nulla
2549 1200 2756 1261 virtus
2813 1197 3098 1261 extendit
3163 1214 3230 1258 se
3296 1193 3462 1255 ultra

1966 1297 2370 1361 latitudinem
2419 1298 2517 1359 sui
2567 1297 2823 1378 objecti.
2879 1295 2996 1358 Ubi
3043 1312 3195 1375 ergo
3240 1291 3464 1355 deficit

1963 1405 2028 1459 et
2068 1396 2316 1460 tollitur
2363 1396 2522 1459 ratio
2570 1396 2738 1459 entis
2786 1393 3092 1457 factibilis
3135 1392 3236 1455 vel
3285 1390 3458 1463 facti,

1962 1496 2083 1558 hoc
2130 1493 2368 1557 dicitur
2413 1494 2580 1557 Deus
2624 1511 2751 1557 non
2797 1510 3004 1575 posse,
3049 1508 3177 1553 non
3219 1490 3462 1552 ratione

1962 1612 2094 1656 suae
2148 1592 2564 1675 impotentiae,
2613 1592 2722 1654 sed
2781 1598 3040 1673 propter
3087 1587 3466 1669 incapacita-

1964 1700 2090 1754 tem
2144 1692 2444 1774 potentiae
2491 1690 2760 1773 passivae
2809 1689 2974 1751 entis
3021 1687 3191 1750 facti.
3235 1685 3328 1749 Ob
3372 1686 3460 1757 id,

1964 1788 2455 1853 contradictoria
2479 1806 2620 1851 esse
2651 1786 2982 1860 simul,vel
3014 1784 3306 1868 opposita
3335 1783 3462 1845 dici

356 1885 633 1949 effectus
679 1884 1249 1947 communissimus
1290 1892 1354 1946 et
1396 1884 1484 1945 nil
1530 1884 1652 1945 nisi
1708 1902 1852 1946 cau·
1890 1888 1937 1951 B
1964 1889 2043 1951 de
2073 1888 2321 1961 eodem,
2343 1886 2580 1949 dicitur
2610 1886 2772 1949 Deus
2802 1903 2930 1948 non
2961 1901 3148 1966 posse
3177 1882 3462 1955 efficere,

356 2004 489 2047 sam
520 1992 669 2047 ante
700 2002 769 2046 se
800 2000 1304 2066 praesupponens
1339 2000 1353 2044 t
1390 1983 1659 2064 ideoque
1690 2001 1851 2057 esse,

354 2082 525 2165 quod
554 2082 847 2145 omnium
874 2080 1431 2162 generalissimum
1473 2088 1589 2154 est,
1624 2080 1859 2143 dicitur

354 2181 659 2263 proprius
713 2180 987 2243 effeetus
1055 2180 1281 2261 primae
1346 2198 1572 2241 causae.
1636 2178 1857 2241 Causis

352 2279 657 2361 equidem
697 2278 999 2341 secundis
1036 2296 1165 2340 non
1202 2277 1503 2340 convenit
1538 2296 1677 2339 esse
1725 2295 1859 2340 cre-

352 2397 483 2451 are,
535 2378 648 2441 sed
694 2377 1145 2439 determinare.
1196 2376 1358 2437 Dum
1418 2393 1569 2456 ergo
1625 2376 1861 2438 dicitur

354 2477 523 2538 Deus
553 2493 747 2538 causa
775 2475 941 2537 entis
982 2474 1047 2536 in
1090 2481 1403 2555 quantum
1444 2482 1540 2535 est
1569 2493 1705 2547 em,
1738 2474 1857 2537 hoc

350 2594 581 2637 verum
640 2581 735 2636 est
790 2573 869 2635 de
927 2580 1073 2635 ente
1118 2572 1289 2654 quod
1338 2571 1530 2634 habet
1575 2591 1715 2635 esse
1764 2592 1859 2635 re-

352 2681 641 2756 ceptum,
694 2672 865 2753 quod
920 2672 1115 2734 etiam
1166 2669 1475 2733 dividitur
1522 2670 1587 2732 in
1636 2671 1859 2733 decem

350 2772 871 2855 praedicamenta.
932 2770 1001 2832 In
1066 2770 1186 2832 hoc
1247 2769 1487 2851 quippe
1542 2776 1635 2831 est
1694 2770 1861 2831 Deus

350 2871 785 2952 omnipotenS‚
819 2868 969 2951 quia
999 2868 1076 2930 ad
1117 2886 1541 2949 quaecumque
1580 2868 1865 2930 extendit

350 2988 423 3033 se
456 2968 775 3050 capacitas
804 2974 869 3029 et
908 2966 1158 3049 passiva
1201 2966 1485 3047 potentia
1524 2964 1733 3027 taliter
1770 2964 1861 3026 di-

1966 1995 2027 2049 et
2060 1986 2528 2058 universaliter,
2561 2001 2982 2067 quaecumque
3021 1979 3465 2044 contradictio-

1968 2103 2113 2147 nem
2177 2083 2514 2165 implicant
2572 2098 2586 2144 ε
2648 2083 2814 2144 sicut
2869 2078 3264 2162 praeteritum
3335 2095 3466 2141 non

1967 2182 2208 2260 fuisse3
2254 2181 2424 2263 quod
2469 2187 2586 2253 est,
2634 2198 2760 2243 non
2805 2198 2944 2241 esse
2986 2178 3140 2240 dum
3185 2183 3321 2253 est3
3361 2182 3472 2237 aut

1967 2280 2137 2363 quod
2187 2279 2429 2361 aliquid
2480 2278 2563 2341 sit
2612 2278 2750 2341 sine
2797 2278 2900 2340 his
2948 2295 3090 2359 quae
3137 2275 3214 2337 ad
3265 2292 3474 2337 essen·

1966 2379 2185 2442 tialem
2228 2378 2535 2441 rationem
2579 2396 2757 2440 suam
2800 2376 3140 2459 pertinent.
3176 2373 3336 2436 Hinc
3367 2392 3474 2455 pa-

1968 2484 2082 2552 tet,
2125 2476 2296 2559 quod
2347 2477 2514 2538 Deus
2563 2492 2686 2537 non
2733 2481 2942 2556 potest
2989 2490 3204 2535 creare
3246 2472 3469 2533 Deum.

1970 2576 2127 2639 Nam
2173 2576 2254 2637 de
2297 2575 2542 2637 ratione
2584 2573 2750 2635 entis
2795 2572 2989 2634 creati
3032 2578 3131 2633 est
3170 2569 3250 2631 ad
3298 2569 3470 2630 aliud

1972 2674 2207 2738 habere
2245 2672 2761 2754 dependentiam‚
2795 2678 2856 2732 et
2897 2669 3099 2731 finitae
3139 2666 3474 2750 perfeetio-

1970 2773 2073 2835 nis
2103 2770 2538 2852 essezalioqui
2569 2786 2696 2831 non
2727 2767 3022 2830 differret
3049 2786 3083 2828 a
3113 2766 3260 2829 Deo.
3295 2764 3472 2827 Unde

1971 2872 2162 2933 etiam
2195 2887 2323 2931 non
2354 2874 2564 2951 potest
2582 2868 2747 2931 Deus
2779 2885 2848 2929 se
2878 2866 3090 2947 ipsum
3122 2864 3469 2933 destruere,

1970 2970 2073 3032 vel
2122 2968 2287 3031 velle
2335 2984 2462 3029 non
2509 2984 2673 3028 esse.
2719 2964 2862 3027 Haec
2913 2980 3063 3043 ergo
3111 2962 3252 3033 tria,
3298 2960 3472 3023 vide-

352 3069 441 3130 cti
498 3067 689 3141 entis,
742 3066 997 3129 illorum
1056 3065 1277 3127 divina
1328 3064 1662 3127 causalitas
1721 3081 1863 3146 pro·
1893 3068 1938 3131 C
1971 3070 2122 3131 licet
2165 3064 2500 3148 privativa,
2555 3064 2720 3125 mala
2770 3069 2834 3125 et
2885 3060 3250 3131 materialia,
3296 3078 3331 3121 a
3382 3058 3474 3120 di-

348 3166 612 3227 ductiva
643 3164 1004 3227 est.Omnia
1032 3171 1247 3225 autem
1278 3182 1421 3245 quoe
1452 3162 1865 3244 excipiuntur

348 3284 389 3326 a
418 3264 657 3325 virtute
690 3262 925 3325 divinae
956 3262 1279 3344 potentiae,
1310 3260 1413 3323 vel
1445 3260 1859 3343 capacitatem

346 3381 481 3426 non
532 3362 771 3425 habent
822 3362 887 3423 in
938 3380 1005 3423 re
1053 3368 1283 3432 creata,
1339 3360 1438 3422 vel
1488 3360 1865 3439 derogarent

348 3460 619 3544 puritati
694 3466 761 3521 et
830 3458 1209 3541 perfectioni
1280 3458 1535 3520 virtutis
1604 3456 1857 3520 divinae.

348 3559 532 3633 Quod
564 3559 657 3621 sie
690 3557 937 3620 ostendi
974 3563 1199 3639 potest.
1234 3554 1391 3617 Nam
1430 3556 1595 3617 sicut
1636 3555 1863 3635 quinto

346 3658 583 3721 Primoe
628 3655 1052 3738 philosophiae
1095 3653 1463 3717 Aristoteles
1506 3654 1712 3726 docet,
1756 3671 1862 3735 po-

346 3756 554 3819 tentia
590 3754 830 3835 duplex
874 3761 991 3827 est,
1024 3752 1323 3815 videlicet
1365 3753 1571 3814 activa
1614 3759 1679 3814 et
1723 3771 1861 3833 pas·

346 3855 511 3917 siva.
536 3854 763 3917 Activa
790 3859 908 3925 est,
932 3870 1075 3933 quae
1104 3858 1201 3913 est
1232 3850 1623 3933 principium
1659 3856 1861 3912 trans-

346 3952 647 4014 mutandi
678 3951 781 4013 vel
814 3948 1207 4031 producendi
1239 3948 1411 4011 aliud
1446 3948 1511 4009 in
1550 3956 1859 4029 quantum

346 4051 549 4113 aliud.
586 4050 763 4113 Unde
802 4048 997 4111 etiam
1037 4066 1227 4109 causa
1266 4046 1575 4109 definitur
1612 4066 1753 4109 esse
1797 4047 1859 4108 id

346 4150 429 4212 ad
468 4149 655 4229 cujus
694 4166 837 4211 esse
876 4146 1169 4229 sequitur
1203 4144 1397 4208 aliud.
1432 4145 1681 4208 Passiva
1712 4162 1863 4207 vero

346 4248 643 4331 potentia
688 4254 785 4309 est
828 4245 1222 4327 principium
1269 4244 1736 4307 transmutandi
1780 4244 1861 4306 ab
1892 4248 1939 4308 D

344 4346 557 4408 altero
596 4344 663 4406 in
704 4351 1015 4425 quantum
1056 4342 1275 4405 altero.
1309 4342 1519 4404 Primo
1552 4342 1739 4405 modo
1768 4342 1860 4403 di-

346 4445 529 4506 citur
558 4444 727 4505 Deus
757 4441 989 4504 habere
1023 4441 1404 4522 potentiam3
1438 4440 1547 4501 sed
1580 4440 1861 4501 secundo

348 4542 551 4605 modo
589 4540 828 4603 dieitur
858 4540 1121 4601 materia
1160 4557 1319 4620 pura
1360 4538 1661 4619 potentia.
1697 4538 1859 4600 Dici-

348 4660 507 4703 mur
526 4647 743 4701 autem
772 4637 1015 4719 aliquid
1048 4654 1233 4719 posse
1252 4636 1333 4698 ab
1356 4644 1622 4717 utraque
1648 4644 1864 4717 poten-

346 4741 441 4803 tia
480 4756 495 4800 τ
526 4738 698 4800 sicut
740 4736 881 4799 laedi
913 4744 979 4799 et
1011 4734 1193 4808 mori,
1224 4742 1333 4796 aut
1368 4753 1554 4815 agere
1592 4733 1859 4815 aliquid,

346 4856 545 4919 posse
594 4835 893 4897 dicimur.
944 4833 1057 4896 llla
1114 4850 1265 4914 ergo
1314 4833 1607 4912 congruit
1651 4850 1686 4893 a
1736 4832 1863 4893 Deo

346 4933 701 4999 excludere
758 4951 901 5013 quae
950 4930 1297 5013 potentiam
1348 4930 1665 5012 passivam
1717 4948 1863 4993 con-

348 5032 767 5096 comitantur.
802 5029 1085 5092 Potentia
1122 5036 1336 5091 autem
1378 5029 1629 5111 passiva
1667 5047 1864 5109 quan-

324 5133 571 5213 doque
618 5135 719 5191 est
766 5128 843 5189 ad
887 5146 1049 5198 esse,
1095 5128 1476 5208 quandoque
1525 5126 1601 5187 ad
1645 5143 1863 5207 opera-

1970 3168 2117 3228 vina
2150 3163 2432 3246 potentia
2464 3167 2891 3225 removentur.
2913 3159 3028 3233 Qui
3061 3157 3232 3220 enim
3267 3163 3476 3239 potest

1970 3262 2138 3345 quod
2201 3260 2326 3323 sibi
2387 3278 2513 3321 non
2572 3258 2852 3340 expedit,
2905 3274 3032 3338 quo
3089 3255 3210 3318 hoc
3273 3253 3473 3335 magis

1973 3368 2200 3443 potest,
2235 3376 2312 3421 eo
2352 3356 2766 3439 impotentior
2803 3363 2918 3417 est.
2956 3354 3130 3417 Unde
3169 3370 3288 3415 nec
3331 3370 3472 3414 cur-

1970 3478 2132 3532 rere,
2159 3476 2276 3520 nec
2309 3456 2665 3529 comedere,
2691 3472 2900 3535 neque
2931 3452 3208 3515 dormire
3241 3457 3468 3533 potest,

1970 3574 2179 3640 neque
2212 3556 2452 3618 malum
2493 3554 2769 3633 cogitare
2799 3550 2901 3614 vel
2933 3551 3098 3613 velle
3127 3557 3236 3612 aut
3263 3566 3466 3630 agere.

2379 3814 2866 3880 ARTICULUS
2914 3811 3052 3875 CX.

2010 3960 2194 4027 Quod
2236 3960 2410 4019 Deus
2457 3966 2548 4015 est
2590 3952 3028 4013 essentialiter
3074 3950 3318 4017 beatu-3,
3363 3956 3424 4006 et

2266 4049 2416 4123 fons
2459 4046 2669 4105 omnis
2714 4040 3162 4100 beatitudinis,

2092 4244 2215 4307 OLl
2267 4242 2508 4324 quippe
2569 4237 2988 4302 intellectuali
3039 4245 3280 4299 naturae
3329 4233 3466 4297 l'eli-

2110 4343 2267 4403 citas
2297 4338 2702 4401 attribuenda
2731 4336 3165 4418 estzquamvis
3196 4335 3258 4396 in
3291 4332 3466 4395 omni

1969 4442 2186 4523 specie
2216 4439 2381 4502 entis
2414 4439 2496 4501 sit
2524 4437 2842 4519 quoddam
2875 4453 3200 4497 summum
3233 4433 3468 4495 bonum

1970 4537 2208 4621 speciei
2251 4538 2344 4599 illi
2387 4535 2709 4618 possibile.
2755 4534 3048 4597 Felicitas
3086 4531 3362 4612 denique
3402 4530 3466 4591 in

1970 4635 2508 4718 contemplatione
2575 4634 2802 4716 optimi
2871 4629 3284 4713 speculabilis
3349 4637 3469 4691 sta-

1971 4735 2208 4798 tuenda
2265 4742 2378 4795 est.
2442 4732 2807 4796 Intellectus
2865 4729 3036 4792 enim
3107 4736 3203 4791 est
3268 4726 3472 4810 perfe-

1971 4833 2258 4896 ctissima
2307 4832 2532 4903 virtuS,
2577 4838 2640 4892 et
2687 4828 2927 4909 optima
2976 4828 3041 4889 in
3091 4825 3282 4888 rebus
3323 4830 3474 4887 sunt

1973 4949 2100 4994 non
2161 4930 2380 5010 utique
2439 4926 2788 4997 sensibilia,
2849 4925 2960 4987 sed
3021 4921 3468 5003 intelligibilia.

1974 5030 2107 5102 Quo
2157 5046 2308 5107 ergo
2365 5026 2568 5087 virtus
2628 5022 3078 5085 intellectualis
3127 5020 3322 5083 fuerit
3369 5038 3471 5082 su-

1978 5126 2259 5197 blimior,
2293 5132 2356 5186 et
2397 5124 2722 5204 objectum
2769 5120 3130 5183 intellectus
3174 5126 3474 5201 praestan-

348 5231 605 5293 tionem
638 5234 703 5289 et
734 5226 1095 5308 passionem
1134 5225 1435 5305 aliquam.
1470 5224 1675 5297 Quum
1718 5242 1867 5305 ergo
1977 5224 2127 5296 tius,
2162 5223 2536 5304 speciesque
2569 5218 2991 5299 intelligibilis
3023 5216 3386 5300 perfectior,
3410 5223 3473 5277 et

350 5328 441 5391 sit
484 5328 661 5390 Deus
710 5344 909 5407 purus
956 5331 1159 5397 actus,
1204 5341 1331 5387 non
1380 5330 1587 5406 potest
1628 5341 1867 5387 novum
1980 5322 2209 5384 modus
2257 5318 2654 5399 intelligendi
2702 5315 3222 5396 convenientior3
3259 5333 3338 5379 eo
3385 5314 3474 5378 fe·
