<?xml version="1.0" encoding="UTF-8"?>
<!DOCTYPE html PUBLIC "-//W3C//DTD XHTML 1.0 Transitional//EN"
    "http://www.w3.org/TR/xhtml1/DTD/xhtml1-transitional.dtd">
<html xmlns="http://www.w3.org/1999/xhtml" xml:lang="en" lang="en">
 <head>
  <title>
</title>
<meta http-equiv="Content-Type" content="text/html;charset=utf-8" />
  <meta name='ocr-system' content='tesseract 3.04.00' />
  <meta name='ocr-capabilities' content='ocr_page ocr_carea ocr_par ocr_line ocrx_word'/>
</head>
<body>
  <div class='ocr_page' id='page_1' title='image "./doctorisecstati05unkngoog_0471.png"; bbox 0 0 4300 6259; ppageno 0'>
   <div class='ocr_carea' id='block_1_1' title="bbox 1026 482 2848 542">
    <p class='ocr_par' dir='ltr' id='par_1_1' title="bbox 1026 482 2848 542">
     <span class='ocr_line' id='line_1_1' title="bbox 1026 482 2848 542; baseline -0.001 -9"><span class='ocrx_word' id='word_1_1' title='bbox 1026 486 1105 534; x_wconf 74' lang='grc' dir='ltr'><strong>ΒΕ</strong></span> <span class='ocrx_word' id='word_1_2' title='bbox 1146 486 1373 533; x_wconf 71' lang='lat' dir='ltr'><strong>mum</strong></span> <span class='ocrx_word' id='word_1_3' title='bbox 1414 484 1795 533; x_wconf 65' lang='lat' dir='ltr'><strong>cums-‘rums</strong></span> <span class='ocrx_word' id='word_1_4' title='bbox 1836 482 2137 542; x_wconf 62' lang='lat' dir='ltr'><strong>monim,</strong></span> <span class='ocrx_word' id='word_1_5' title='bbox 2183 484 2359 531; x_wconf 67' lang='lat' dir='ltr'><strong>Lmen</strong></span> <span class='ocrx_word' id='word_1_6' title='bbox 2399 486 2462 533; x_wconf 84' lang='lat'><strong>11.</strong></span> <span class='ocrx_word' id='word_1_7' title='bbox 2509 502 2589 515; x_wconf 89' lang='lat'>···-</span> <span class='ocrx_word' id='word_1_8' title='bbox 2629 486 2767 533; x_wconf 70' lang='grc' dir='ltr'><strong>ΛΒΤ.</strong></span> <span class='ocrx_word' id='word_1_9' title='bbox 2813 487 2848 532; x_wconf 83' lang='lat'><strong>1.</strong></span> 
     </span>
    </p>
   </div>
   <div class='ocr_carea' id='block_1_2' title="bbox 3370 465 3491 529">
    <p class='ocr_par' dir='ltr' id='par_1_2' title="bbox 3370 465 3491 529">
     <span class='ocr_line' id='line_1_2' title="bbox 3370 465 3491 529; baseline 0 0"><span class='ocrx_word' id='word_1_10' title='bbox 3370 465 3491 529; x_wconf 76' lang='lat'><strong>447</strong></span> 
     </span>
    </p>
   </div>
   <div class='ocr_carea' id='block_1_3' title="bbox 370 654 3495 741">
    <p class='ocr_par' dir='ltr' id='par_1_3' title="bbox 370 654 3495 741">
     <span class='ocr_line' id='line_1_3' title="bbox 370 654 3495 741; baseline -0 -23"><span class='ocrx_word' id='word_1_11' title='bbox 370 662 575 719; x_wconf 89' lang='lat' dir='ltr'><strong>tutem</strong></span> <span class='ocrx_word' id='word_1_12' title='bbox 636 674 1026 741; x_wconf 80' lang='lat' dir='ltr'><strong>corpoream,</strong></span> <span class='ocrx_word' id='word_1_13' title='bbox 1082 675 1200 721; x_wconf 92' lang='lat' dir='ltr'><strong>nec</strong></span> <span class='ocrx_word' id='word_1_14' title='bbox 1258 656 1563 720; x_wconf 88' lang='lat' dir='ltr'><strong>virtutem</strong></span> <span class='ocrx_word' id='word_1_15' title='bbox 1622 655 1687 719; x_wconf 93' lang='lat' dir='ltr'><strong>in</strong></span> <span class='ocrx_word' id='word_1_16' title='bbox 1744 672 1881 718; x_wconf 85' lang='lat' dir='ltr'><strong>cor·</strong></span> <span class='ocrx_word' id='word_1_17' title='bbox 1909 656 1960 719; x_wconf 80' lang='lat' dir='ltr'>A</span> <span class='ocrx_word' id='word_1_18' title='bbox 1992 654 2154 717; x_wconf 84' lang='lat' dir='ltr'>nihil</span> <span class='ocrx_word' id='word_1_19' title='bbox 2192 674 2331 719; x_wconf 88' lang='lat' dir='ltr'><strong>esse</strong></span> <span class='ocrx_word' id='word_1_20' title='bbox 2365 673 2379 719; x_wconf 92' lang='lat'>:</span> <span class='ocrx_word' id='word_1_21' title='bbox 2413 674 2604 721; x_wconf 91' lang='lat' dir='ltr'><strong>omne</strong></span> <span class='ocrx_word' id='word_1_22' title='bbox 2641 656 2815 718; x_wconf 90' lang='lat' dir='ltr'><strong>enim</strong></span> <span class='ocrx_word' id='word_1_23' title='bbox 2854 655 3023 737; x_wconf 92' lang='lat' dir='ltr'><strong>quod</strong></span> <span class='ocrx_word' id='word_1_24' title='bbox 3064 661 3182 729; x_wconf 90' lang='lat' dir='ltr'><strong>est,</strong></span> <span class='ocrx_word' id='word_1_25' title='bbox 3216 654 3358 717; x_wconf 92' lang='lat' dir='ltr'><strong>ideo</strong></span> <span class='ocrx_word' id='word_1_26' title='bbox 3397 661 3495 717; x_wconf 88' lang='lat' dir='ltr'><strong>est</strong></span> 
     </span>
    </p>
   </div>
   <div class='ocr_carea' id='block_1_4' title="bbox 320 754 1886 1724">
    <p class='ocr_par' dir='ltr' id='par_1_4' title="bbox 320 754 1886 1724">
     <span class='ocr_line' id='line_1_4' title="bbox 370 754 1881 837; baseline -0.001 -19"><span class='ocrx_word' id='word_1_27' title='bbox 370 773 547 837; x_wconf 88' lang='lat' dir='ltr'><strong>pore.</strong></span> <span class='ocrx_word' id='word_1_28' title='bbox 584 756 651 818; x_wconf 91' lang='lat' dir='ltr'><strong>Si</strong></span> <span class='ocrx_word' id='word_1_29' title='bbox 694 764 909 819; x_wconf 90' lang='lat' dir='ltr'><strong>autem</strong></span> <span class='ocrx_word' id='word_1_30' title='bbox 944 765 1040 820; x_wconf 89' lang='lat' dir='ltr'><strong>est</strong></span> <span class='ocrx_word' id='word_1_31' title='bbox 1068 756 1236 819; x_wconf 90' lang='lat' dir='ltr'><strong>Deus</strong></span> <span class='ocrx_word' id='word_1_32' title='bbox 1268 757 1460 819; x_wconf 90' lang='lat' dir='ltr'><strong>homo</strong></span> <span class='ocrx_word' id='word_1_33' title='bbox 1498 755 1725 828; x_wconf 78' lang='lat' dir='ltr'><strong>factuS,</strong></span> <span class='ocrx_word' id='word_1_34' title='bbox 1760 754 1881 817; x_wconf 89' lang='lat' dir='ltr'><strong>etsi</strong></span> 
     </span>
     <span class='ocr_line' id='line_1_5' title="bbox 374 855 1881 938; baseline -0.001 -22"><span class='ocrx_word' id='word_1_35' title='bbox 374 872 503 917; x_wconf 92' lang='lat' dir='ltr'><strong>non</strong></span> <span class='ocrx_word' id='word_1_36' title='bbox 546 863 873 936; x_wconf 88' lang='lat' dir='ltr'><strong>sequatur,</strong></span> <span class='ocrx_word' id='word_1_37' title='bbox 914 874 1064 919; x_wconf 90' lang='lat' dir='ltr'><strong>eum</strong></span> <span class='ocrx_word' id='word_1_38' title='bbox 1110 856 1174 917; x_wconf 92' lang='lat' dir='ltr'><strong>in</strong></span> <span class='ocrx_word' id='word_1_39' title='bbox 1224 873 1457 938; x_wconf 89' lang='lat' dir='ltr'><strong>corpus</strong></span> <span class='ocrx_word' id='word_1_40' title='bbox 1505 855 1643 918; x_wconf 83' lang='lat' dir='ltr'><strong>fore</strong></span> <span class='ocrx_word' id='word_1_41' title='bbox 1680 861 1881 916; x_wconf 88' lang='lat' dir='ltr'><strong>trans—</strong></span> 
     </span>
     <span class='ocr_line' id='line_1_6' title="bbox 380 952 1885 1037; baseline -0.001 -22"><span class='ocrx_word' id='word_1_42' title='bbox 380 960 725 1028; x_wconf 87' lang='lat' dir='ltr'><strong>mutatum,</strong></span> <span class='ocrx_word' id='word_1_43' title='bbox 777 955 959 1037; x_wconf 88' lang='lat' dir='ltr'><strong>sequi</strong></span> <span class='ocrx_word' id='word_1_44' title='bbox 1001 961 1212 1017; x_wconf 90' lang='lat' dir='ltr'><strong>tamen</strong></span> <span class='ocrx_word' id='word_1_45' title='bbox 1255 954 1529 1027; x_wconf 84' lang='lat' dir='ltr'><strong>videtur,</strong></span> <span class='ocrx_word' id='word_1_46' title='bbox 1578 953 1749 1035; x_wconf 90' lang='lat' dir='ltr'><strong>quod</strong></span> <span class='ocrx_word' id='word_1_47' title='bbox 1800 952 1885 1013; x_wconf 91' lang='lat' dir='ltr'><strong>sit</strong></span> 
     </span>
     <span class='ocr_line' id='line_1_7' title="bbox 381 1050 1886 1135; baseline 0.001 -23"><span class='ocrx_word' id='word_1_48' title='bbox 381 1050 589 1114; x_wconf 85' lang='lat' dir='ltr'><strong>virtus</strong></span> <span class='ocrx_word' id='word_1_49' title='bbox 620 1051 685 1115; x_wconf 90' lang='lat' dir='ltr'><strong>in</strong></span> <span class='ocrx_word' id='word_1_50' title='bbox 719 1068 1014 1135; x_wconf 86' lang='lat' dir='ltr'><strong>corpore:</strong></span> <span class='ocrx_word' id='word_1_51' title='bbox 1039 1052 1209 1135; x_wconf 89' lang='lat' dir='ltr'><strong>quod</strong></span> <span class='ocrx_word' id='word_1_52' title='bbox 1240 1051 1641 1134; x_wconf 90' lang='lat' dir='ltr'><strong>impossibile</strong></span> <span class='ocrx_word' id='word_1_53' title='bbox 1669 1058 1767 1114; x_wconf 91' lang='lat' dir='ltr'><strong>est</strong></span> <span class='ocrx_word' id='word_1_54' title='bbox 1796 1068 1886 1113; x_wconf 92' lang='lat' dir='ltr'><strong>se-</strong></span> 
     </span>
     <span class='ocr_line' id='line_1_8' title="bbox 320 1150 1881 1232; baseline 0 -21"><span class='ocrx_word' id='word_1_55' title='bbox 320 1172 354 1205; x_wconf 91' lang='lat'><strong>·.</strong></span> <span class='ocrx_word' id='word_1_56' title='bbox 384 1150 671 1213; x_wconf 89' lang='lat' dir='ltr'><strong>cundum</strong></span> <span class='ocrx_word' id='word_1_57' title='bbox 698 1150 1091 1232; x_wconf 78' lang='lat' dir='ltr'><strong>praeinducta</strong></span> <span class='ocrx_word' id='word_1_58' title='bbox 1118 1150 1185 1212; x_wconf 90' lang='lat' dir='ltr'><strong>in</strong></span> <span class='ocrx_word' id='word_1_59' title='bbox 1216 1150 1881 1232; x_wconf 64' lang='lat' dir='ltr'><strong>primm—Praeterea,</strong></span> 
     </span>
     <span class='ocr_line' id='line_1_9' title="bbox 379 1247 1886 1329; baseline 0 -20"><span class='ocrx_word' id='word_1_60' title='bbox 379 1248 707 1329; x_wconf 82' lang='lat' dir='ltr'><strong>generatio</strong></span> <span class='ocrx_word' id='word_1_61' title='bbox 737 1268 887 1312; x_wconf 85' lang='lat' dir='ltr'><strong>vera</strong></span> <span class='ocrx_word' id='word_1_62' title='bbox 908 1248 1293 1312; x_wconf 86' lang='lat' dir='ltr'><strong>terminatur</strong></span> <span class='ocrx_word' id='word_1_63' title='bbox 1320 1249 1398 1311; x_wconf 87' lang='lat' dir='ltr'><strong>ad</strong></span> <span class='ocrx_word' id='word_1_64' title='bbox 1428 1267 1569 1311; x_wconf 87' lang='lat' dir='ltr'><strong>esse</strong></span> <span class='ocrx_word' id='word_1_65' title='bbox 1597 1247 1886 1311; x_wconf 89' lang='lat' dir='ltr'><strong>substan·</strong></span> 
     </span>
     <span class='ocr_line' id='line_1_10' title="bbox 382 1346 1885 1428; baseline 0.001 -21"><span class='ocrx_word' id='word_1_66' title='bbox 382 1346 551 1409; x_wconf 92' lang='lat' dir='ltr'><strong>tiale.</strong></span> <span class='ocrx_word' id='word_1_67' title='bbox 600 1346 665 1409; x_wconf 90' lang='lat' dir='ltr'><strong>Si</strong></span> <span class='ocrx_word' id='word_1_68' title='bbox 714 1353 811 1409; x_wconf 88' lang='lat' dir='ltr'><strong>est</strong></span> <span class='ocrx_word' id='word_1_69' title='bbox 854 1346 1048 1428; x_wconf 83' lang='lat' dir='ltr'><strong>igitur</strong></span> <span class='ocrx_word' id='word_1_70' title='bbox 1088 1348 1255 1409; x_wconf 90' lang='lat' dir='ltr'><strong>Deus</strong></span> <span class='ocrx_word' id='word_1_71' title='bbox 1298 1366 1377 1409; x_wconf 85' lang='lat' dir='ltr'><strong>ex</strong></span> <span class='ocrx_word' id='word_1_72' title='bbox 1419 1346 1679 1427; x_wconf 83' lang='lat' dir='ltr'>Virgine</span> <span class='ocrx_word' id='word_1_73' title='bbox 1734 1363 1885 1408; x_wconf 88' lang='lat' dir='ltr'><strong>vere</strong></span> 
     </span>
     <span class='ocr_line' id='line_1_11' title="bbox 376 1444 1883 1527; baseline 0.001 -21"><span class='ocrx_word' id='word_1_74' title='bbox 376 1445 657 1526; x_wconf 79' lang='lat' dir='ltr'><strong>genituS,</strong></span> <span class='ocrx_word' id='word_1_75' title='bbox 701 1462 1064 1527; x_wconf 84' lang='lat' dir='ltr'><strong>novamque</strong></span> <span class='ocrx_word' id='word_1_76' title='bbox 1110 1451 1403 1508; x_wconf 90' lang='lat' dir='ltr'><strong>naturam</strong></span> <span class='ocrx_word' id='word_1_77' title='bbox 1453 1445 1746 1527; x_wconf 79' lang='lat' dir='ltr'><strong>adeptuS,</strong></span> <span class='ocrx_word' id='word_1_78' title='bbox 1792 1444 1883 1507; x_wconf 89' lang='lat' dir='ltr'><strong>vi-</strong></span> 
     </span>
     <span class='ocr_line' id='line_1_12' title="bbox 379 1543 1885 1615; baseline -0.001 -10"><span class='ocrx_word' id='word_1_79' title='bbox 379 1543 567 1606; x_wconf 84' lang='lat' dir='ltr'><strong>detur</strong></span> <span class='ocrx_word' id='word_1_80' title='bbox 636 1543 1143 1607; x_wconf 73' lang='lat' dir='ltr'><strong>substantialiter</strong></span> <span class='ocrx_word' id='word_1_81' title='bbox 1212 1562 1353 1607; x_wconf 90' lang='lat' dir='ltr'><strong>esse</strong></span> <span class='ocrx_word' id='word_1_82' title='bbox 1424 1550 1728 1615; x_wconf 83' lang='lat' dir='ltr'><strong>mutatuS‚</strong></span> <span class='ocrx_word' id='word_1_83' title='bbox 1787 1560 1885 1605; x_wconf 88' lang='lat' dir='ltr'><strong>ac-</strong></span> 
     </span>
     <span class='ocr_line' id='line_1_13' title="bbox 378 1641 1885 1724; baseline 0 -21"><span class='ocrx_word' id='word_1_84' title='bbox 378 1642 697 1723; x_wconf 89' lang='lat' dir='ltr'><strong>quirendo</strong></span> <span class='ocrx_word' id='word_1_85' title='bbox 742 1641 1044 1705; x_wconf 84' lang='lat' dir='ltr'><strong>videlicet</strong></span> <span class='ocrx_word' id='word_1_86' title='bbox 1085 1642 1351 1705; x_wconf 88' lang='lat' dir='ltr'><strong>alterius</strong></span> <span class='ocrx_word' id='word_1_87' title='bbox 1410 1641 1650 1724; x_wconf 91' lang='lat' dir='ltr'><strong>speciei</strong></span> <span class='ocrx_word' id='word_1_88' title='bbox 1707 1648 1885 1703; x_wconf 90' lang='lat' dir='ltr'><strong>natu-</strong></span> 
     </span>
    </p>
   </div>
   <div class='ocr_carea' id='block_1_5' title="bbox 262 1740 1883 1823">
    <p class='ocr_par' dir='ltr' id='par_1_5' title="bbox 262 1740 1883 1823">
     <span class='ocr_line' id='line_1_14' title="bbox 262 1740 1883 1823; baseline 0.001 -23"><span class='ocrx_word' id='word_1_89' title='bbox 262 1770 350 1805; x_wconf 79' lang='lat'><strong>1·.</strong></span> <span class='ocrx_word' id='word_1_90' title='bbox 380 1759 515 1802; x_wconf 89' lang='lat' dir='ltr'><strong>ram</strong></span> <span class='ocrx_word' id='word_1_91' title='bbox 566 1741 635 1802; x_wconf 91' lang='lat' dir='ltr'><strong>in</strong></span> <span class='ocrx_word' id='word_1_92' title='bbox 695 1759 820 1823; x_wconf 92' lang='lat' dir='ltr'><strong>qua</strong></span> <span class='ocrx_word' id='word_1_93' title='bbox 876 1740 1201 1803; x_wconf 82' lang='lat' dir='ltr'><strong>subsistat.</strong></span> <span class='ocrx_word' id='word_1_94' title='bbox 1251 1776 1332 1786; x_wconf 97' lang='lat'><strong>—</strong></span> <span class='ocrx_word' id='word_1_95' title='bbox 1386 1740 1635 1812; x_wconf 84' lang='lat' dir='ltr'><strong>Adhuc,</strong></span> <span class='ocrx_word' id='word_1_96' title='bbox 1693 1740 1883 1802; x_wconf 88' lang='lat' dir='ltr'><strong>unius</strong></span> 
     </span>
    </p>
   </div>
   <div class='ocr_carea' id='block_1_6' title="bbox 1991 753 3610 836">
    <p class='ocr_par' dir='ltr' id='par_1_6' title="bbox 1991 753 3610 836">
     <span class='ocr_line' id='line_1_15' title="bbox 1991 753 3610 836; baseline -0.002 -20"><span class='ocrx_word' id='word_1_97' title='bbox 1991 754 2143 836; x_wconf 91' lang='lat' dir='ltr'><strong>quia</strong></span> <span class='ocrx_word' id='word_1_98' title='bbox 2201 774 2401 817; x_wconf 90' lang='lat' dir='ltr'><strong>unum</strong></span> <span class='ocrx_word' id='word_1_99' title='bbox 2461 764 2578 819; x_wconf 88' lang='lat' dir='ltr'><strong>est.</strong></span> <span class='ocrx_word' id='word_1_100' title='bbox 2634 790 2713 801; x_wconf 89' lang='lat'><strong>—-</strong></span> <span class='ocrx_word' id='word_1_101' title='bbox 2759 755 3087 827; x_wconf 73' lang='lat' dir='ltr'><strong>Praeterea,</strong></span> <span class='ocrx_word' id='word_1_102' title='bbox 3137 753 3244 816; x_wconf 90' lang='lat' dir='ltr'><strong>hic</strong></span> <span class='ocrx_word' id='word_1_103' title='bbox 3300 754 3492 817; x_wconf 90' lang='lat' dir='ltr'><strong>homo</strong></span> <span class='ocrx_word' id='word_1_104' title='bbox 3519 785 3610 815; x_wconf 67' lang='lat' dir='ltr'><strong>vm.</strong></span> 
     </span>
    </p>
   </div>
   <div class='ocr_carea' id='block_1_7' title="bbox 1991 852 3498 1823">
    <p class='ocr_par' dir='ltr' id='par_1_7' title="bbox 1991 852 3498 1823">
     <span class='ocr_line' id='line_1_16' title="bbox 1991 852 3492 935; baseline 0 -20"><span class='ocrx_word' id='word_1_105' title='bbox 1991 852 2102 935; x_wconf 92' lang='lat' dir='ltr'><strong>qui</strong></span> <span class='ocrx_word' id='word_1_106' title='bbox 2133 861 2232 915; x_wconf 90' lang='lat' dir='ltr'><strong>est</strong></span> <span class='ocrx_word' id='word_1_107' title='bbox 2261 852 2570 928; x_wconf 86' lang='lat' dir='ltr'><strong>Christus,</strong></span> <span class='ocrx_word' id='word_1_108' title='bbox 2603 854 2656 917; x_wconf 90' lang='lat' dir='ltr'><strong>si</strong></span> <span class='ocrx_word' id='word_1_109' title='bbox 2689 854 3128 916; x_wconf 79' lang='lat' dir='ltr'><strong>consideretur</strong></span> <span class='ocrx_word' id='word_1_110' title='bbox 3159 861 3229 915; x_wconf 90' lang='lat' dir='ltr'><strong>ut</strong></span> <span class='ocrx_word' id='word_1_111' title='bbox 3257 871 3334 915; x_wconf 89' lang='lat' dir='ltr'><strong>ex</strong></span> <span class='ocrx_word' id='word_1_112' title='bbox 3358 852 3492 915; x_wconf 87' lang='lat' dir='ltr'><strong>ani—</strong></span> 
     </span>
     <span class='ocr_line' id='line_1_17' title="bbox 1993 951 3493 1033; baseline 0.001 -20"><span class='ocrx_word' id='word_1_113' title='bbox 1993 970 2091 1013; x_wconf 90' lang='lat' dir='ltr'><strong>ma</strong></span> <span class='ocrx_word' id='word_1_114' title='bbox 2120 959 2184 1014; x_wconf 90' lang='lat' dir='ltr'><strong>et</strong></span> <span class='ocrx_word' id='word_1_115' title='bbox 2213 970 2402 1015; x_wconf 83' lang='lat' dir='ltr'><strong>carne</strong></span> <span class='ocrx_word' id='word_1_116' title='bbox 2431 952 2917 1026; x_wconf 84' lang='lat' dir='ltr'><strong>subsistens,est</strong></span> <span class='ocrx_word' id='word_1_117' title='bbox 2947 951 3300 1014; x_wconf 90' lang='lat' dir='ltr'><strong>substantia</strong></span> <span class='ocrx_word' id='word_1_118' title='bbox 3329 970 3493 1033; x_wconf 86' lang='lat' dir='ltr'><strong>quae-</strong></span> 
     </span>
     <span class='ocr_line' id='line_1_18' title="bbox 1992 1050 3495 1134; baseline -0.001 -22"><span class='ocrx_word' id='word_1_119' title='bbox 1992 1050 2162 1124; x_wconf 88' lang='lat' dir='ltr'><strong>dam,</strong></span> <span class='ocrx_word' id='word_1_120' title='bbox 2213 1068 2339 1114; x_wconf 90' lang='lat' dir='ltr'><strong>non</strong></span> <span class='ocrx_word' id='word_1_121' title='bbox 2401 1050 2621 1134; x_wconf 89' lang='lat' dir='ltr'><strong>utique</strong></span> <span class='ocrx_word' id='word_1_122' title='bbox 2679 1050 3087 1124; x_wconf 60' lang='lat' dir='ltr'><strong>universam,</strong></span> <span class='ocrx_word' id='word_1_123' title='bbox 3139 1050 3249 1113; x_wconf 87' lang='lat' dir='ltr'><strong>sed</strong></span> <span class='ocrx_word' id='word_1_124' title='bbox 3301 1050 3495 1133; x_wconf 87' lang='lat' dir='ltr'><strong>parti-</strong></span> 
     </span>
     <span class='ocr_line' id='line_1_19' title="bbox 1994 1149 3494 1231; baseline 0 -20"><span class='ocrx_word' id='word_1_125' title='bbox 1994 1149 2230 1212; x_wconf 89' lang='lat' dir='ltr'><strong>cularis</strong></span> <span class='ocrx_word' id='word_1_126' title='bbox 2287 1158 2352 1211; x_wconf 92' lang='lat' dir='ltr'><strong>et</strong></span> <span class='ocrx_word' id='word_1_127' title='bbox 2399 1149 2754 1213; x_wconf 87' lang='lat' dir='ltr'><strong>subsistens</strong></span> <span class='ocrx_word' id='word_1_128' title='bbox 2810 1168 2823 1212; x_wconf 72' lang='grc' dir='ltr'><strong><em>ε</em></strong></span> <span class='ocrx_word' id='word_1_129' title='bbox 2875 1155 2972 1213; x_wconf 91' lang='lat' dir='ltr'><strong>est</strong></span> <span class='ocrx_word' id='word_1_130' title='bbox 3019 1168 3170 1231; x_wconf 84' lang='lat' dir='ltr'><strong>ergo</strong></span> <span class='ocrx_word' id='word_1_131' title='bbox 3220 1167 3494 1231; x_wconf 87' lang='lat' dir='ltr'><strong>persona</strong></span> 
     </span>
     <span class='ocr_line' id='line_1_20' title="bbox 1994 1248 3494 1331; baseline -0.001 -21"><span class='ocrx_word' id='word_1_132' title='bbox 1994 1255 2059 1310; x_wconf 89' lang='lat' dir='ltr'><strong>et</strong></span> <span class='ocrx_word' id='word_1_133' title='bbox 2100 1248 2478 1331; x_wconf 81' lang='lat' dir='ltr'><strong>hypostasis.</strong></span> <span class='ocrx_word' id='word_1_134' title='bbox 2513 1284 2592 1295; x_wconf 94' lang='lat'>—</span> <span class='ocrx_word' id='word_1_135' title='bbox 2633 1248 2952 1331; x_wconf 88' lang='lat' dir='ltr'><strong>Amplius,</strong></span> <span class='ocrx_word' id='word_1_136' title='bbox 2995 1248 3165 1330; x_wconf 91' lang='lat' dir='ltr'><strong>quod</strong></span> <span class='ocrx_word' id='word_1_137' title='bbox 3209 1254 3306 1312; x_wconf 89' lang='lat' dir='ltr'><strong>est</strong></span> <span class='ocrx_word' id='word_1_138' title='bbox 3346 1267 3494 1331; x_wconf 90' lang='lat' dir='ltr'><strong>sup-</strong></span> 
     </span>
     <span class='ocr_line' id='line_1_21' title="bbox 1995 1346 3492 1428; baseline -0.001 -19"><span class='ocrx_word' id='word_1_139' title='bbox 1995 1346 2276 1428; x_wconf 89' lang='lat' dir='ltr'><strong>positum</strong></span> <span class='ocrx_word' id='word_1_140' title='bbox 2317 1346 2601 1421; x_wconf 78' lang='lat' dir='ltr'><strong>alteriuS,</strong></span> <span class='ocrx_word' id='word_1_141' title='bbox 2647 1346 2841 1410; x_wconf 89' lang='lat' dir='ltr'><strong>habet</strong></span> <span class='ocrx_word' id='word_1_142' title='bbox 2882 1365 2951 1409; x_wconf 89' lang='lat' dir='ltr'><strong>se</strong></span> <span class='ocrx_word' id='word_1_143' title='bbox 2993 1346 3160 1409; x_wconf 90' lang='lat' dir='ltr'><strong>sicut</strong></span> <span class='ocrx_word' id='word_1_144' title='bbox 3203 1347 3492 1409; x_wconf 87' lang='lat' dir='ltr'><strong>materia-</strong></span> 
     </span>
     <span class='ocr_line' id='line_1_22' title="bbox 1998 1443 3496 1528; baseline -0.001 -21"><span class='ocrx_word' id='word_1_145' title='bbox 1998 1443 2087 1523; x_wconf 85' lang='lat' dir='ltr'><strong>le;</strong></span> <span class='ocrx_word' id='word_1_146' title='bbox 2110 1452 2174 1507; x_wconf 90' lang='lat' dir='ltr'><strong>et</strong></span> <span class='ocrx_word' id='word_1_147' title='bbox 2204 1453 2430 1508; x_wconf 87' lang='lat' dir='ltr'><strong>natura</strong></span> <span class='ocrx_word' id='word_1_148' title='bbox 2461 1446 2524 1507; x_wconf 91' lang='lat' dir='ltr'><strong>in</strong></span> <span class='ocrx_word' id='word_1_149' title='bbox 2557 1464 2682 1527; x_wconf 87' lang='lat' dir='ltr'><strong>qua</strong></span> <span class='ocrx_word' id='word_1_150' title='bbox 2711 1444 2926 1528; x_wconf 91' lang='lat' dir='ltr'><strong>ipsum</strong></span> <span class='ocrx_word' id='word_1_151' title='bbox 2957 1444 3271 1520; x_wconf 86' lang='lat' dir='ltr'><strong>subsistit,</strong></span> <span class='ocrx_word' id='word_1_152' title='bbox 3304 1444 3496 1508; x_wconf 89' lang='lat' dir='ltr'><strong>habet</strong></span> 
     </span>
     <span class='ocr_line' id='line_1_23' title="bbox 1996 1542 3498 1607; baseline 0.001 -3"><span class='ocrx_word' id='word_1_153' title='bbox 1996 1562 2064 1605; x_wconf 89' lang='lat' dir='ltr'><strong>se</strong></span> <span class='ocrx_word' id='word_1_154' title='bbox 2112 1544 2279 1606; x_wconf 88' lang='lat' dir='ltr'><strong>sieut</strong></span> <span class='ocrx_word' id='word_1_155' title='bbox 2326 1543 2614 1606; x_wconf 83' lang='lat' dir='ltr'><strong>formale.</strong></span> <span class='ocrx_word' id='word_1_156' title='bbox 2666 1542 2954 1606; x_wconf 88' lang='lat' dir='ltr'><strong>Formale</strong></span> <span class='ocrx_word' id='word_1_157' title='bbox 3000 1560 3154 1606; x_wconf 86' lang='lat' dir='ltr'><strong>vero</strong></span> <span class='ocrx_word' id='word_1_158' title='bbox 3202 1550 3300 1607; x_wconf 88' lang='lat' dir='ltr'><strong>est</strong></span> <span class='ocrx_word' id='word_1_159' title='bbox 3343 1544 3498 1606; x_wconf 91' lang='lat' dir='ltr'><strong>sim-</strong></span> 
     </span>
     <span class='ocr_line' id='line_1_24' title="bbox 1995 1641 3498 1723; baseline 0.001 -20"><span class='ocrx_word' id='word_1_160' title='bbox 1995 1641 2230 1723; x_wconf 88' lang='lat' dir='ltr'><strong>plicius</strong></span> <span class='ocrx_word' id='word_1_161' title='bbox 2260 1650 2324 1703; x_wconf 87' lang='lat' dir='ltr'><strong>et</strong></span> <span class='ocrx_word' id='word_1_162' title='bbox 2353 1642 2580 1723; x_wconf 89' lang='lat' dir='ltr'><strong>purius</strong></span> <span class='ocrx_word' id='word_1_163' title='bbox 2620 1641 2957 1705; x_wconf 88' lang='lat' dir='ltr'><strong>materiali.</strong></span> <span class='ocrx_word' id='word_1_164' title='bbox 2991 1641 3300 1716; x_wconf 85' lang='lat' dir='ltr'><strong>Quoniam</strong></span> <span class='ocrx_word' id='word_1_165' title='bbox 3347 1659 3498 1723; x_wconf 83' lang='lat' dir='ltr'><strong>ergo</strong></span> 
     </span>
     <span class='ocr_line' id='line_1_25' title="bbox 1993 1740 3498 1823; baseline 0.002 -22"><span class='ocrx_word' id='word_1_166' title='bbox 1993 1740 2274 1803; x_wconf 86' lang='lat' dir='ltr'><strong>Verbum</strong></span> <span class='ocrx_word' id='word_1_167' title='bbox 2307 1746 2404 1803; x_wconf 89' lang='lat' dir='ltr'><strong>est</strong></span> <span class='ocrx_word' id='word_1_168' title='bbox 2433 1740 2601 1803; x_wconf 90' lang='lat' dir='ltr'><strong>Deus</strong></span> <span class='ocrx_word' id='word_1_169' title='bbox 2629 1758 2843 1814; x_wconf 78' lang='lat' dir='ltr'><strong>veruS,</strong></span> <span class='ocrx_word' id='word_1_170' title='bbox 2867 1758 3128 1803; x_wconf 89' lang='lat' dir='ltr'><strong>necesse</strong></span> <span class='ocrx_word' id='word_1_171' title='bbox 3158 1747 3255 1802; x_wconf 90' lang='lat' dir='ltr'><strong>est</strong></span> <span class='ocrx_word' id='word_1_172' title='bbox 3284 1740 3498 1823; x_wconf 91' lang='lat' dir='ltr'><strong>ipsum</strong></span> 
     </span>
    </p>
   </div>
   <div class='ocr_carea' id='block_1_8' title="bbox 378 1837 3492 1922">
    <p class='ocr_par' dir='ltr' id='par_1_8' title="bbox 378 1837 3492 1922">
     <span class='ocr_line' id='line_1_26' title="bbox 378 1837 3492 1922; baseline 0.001 -23"><span class='ocrx_word' id='word_1_173' title='bbox 378 1838 473 1901; x_wconf 89' lang='lat' dir='ltr'><strong>rei</strong></span> <span class='ocrx_word' id='word_1_174' title='bbox 514 1846 615 1901; x_wconf 89' lang='lat' dir='ltr'><strong>est</strong></span> <span class='ocrx_word' id='word_1_175' title='bbox 644 1857 846 1901; x_wconf 89' lang='lat' dir='ltr'><strong>unum</strong></span> <span class='ocrx_word' id='word_1_176' title='bbox 876 1842 1051 1918; x_wconf 83' lang='lat' dir='ltr'><strong>quod</strong></span> <span class='ocrx_word' id='word_1_177' title='bbox 1076 1841 1241 1918; x_wconf 81' lang='lat' dir='ltr'><strong>quid</strong></span> <span class='ocrx_word' id='word_1_178' title='bbox 1270 1848 1387 1909; x_wconf 80' lang='lat' dir='ltr'><strong>est,</strong></span> <span class='ocrx_word' id='word_1_179' title='bbox 1418 1856 1530 1901; x_wconf 89' lang='lat' dir='ltr'><strong>seu</strong></span> <span class='ocrx_word' id='word_1_180' title='bbox 1563 1837 1883 1921; x_wconf 90' lang='lat' dir='ltr'><strong>quidditas</strong></span> <span class='ocrx_word' id='word_1_181' title='bbox 1918 1839 1967 1902; x_wconf 89' lang='lat' dir='ltr'>B</span> <span class='ocrx_word' id='word_1_182' title='bbox 1996 1838 2133 1901; x_wconf 85' lang='lat' dir='ltr'><strong>fore</strong></span> <span class='ocrx_word' id='word_1_183' title='bbox 2197 1846 2414 1901; x_wconf 89' lang='lat' dir='ltr'><strong>actum</strong></span> <span class='ocrx_word' id='word_1_184' title='bbox 2483 1858 2716 1921; x_wconf 88' lang='lat' dir='ltr'><strong>purum</strong></span> <span class='ocrx_word' id='word_1_185' title='bbox 2785 1845 2850 1901; x_wconf 91' lang='lat' dir='ltr'><strong>et</strong></span> <span class='ocrx_word' id='word_1_186' title='bbox 2913 1837 3492 1922; x_wconf 87' lang='lat' dir='ltr'><strong>supersimplicem.</strong></span> 
     </span>
    </p>
   </div>
   <div class='ocr_carea' id='block_1_9' title="bbox 315 1934 1889 3004">
    <p class='ocr_par' dir='ltr' id='par_1_9' title="bbox 376 1934 1887 2707">
     <span class='ocr_line' id='line_1_27' title="bbox 378 1934 1883 2018; baseline -0.001 -20"><span class='ocrx_word' id='word_1_187' title='bbox 378 1937 710 1999; x_wconf 85' lang='lat' dir='ltr'><strong>dumtaxat</strong></span> <span class='ocrx_word' id='word_1_188' title='bbox 742 1956 868 1999; x_wconf 90' lang='lat' dir='ltr'><strong>una</strong></span> <span class='ocrx_word' id='word_1_189' title='bbox 900 1954 915 1999; x_wconf 87' lang='lat'>:</span> <span class='ocrx_word' id='word_1_190' title='bbox 946 1936 1133 2000; x_wconf 88' lang='lat' dir='ltr'><strong>aliter</strong></span> <span class='ocrx_word' id='word_1_191' title='bbox 1161 1936 1453 2017; x_wconf 88' lang='lat' dir='ltr'><strong>ejusdem</strong></span> <span class='ocrx_word' id='word_1_192' title='bbox 1492 1942 1707 1999; x_wconf 87' lang='lat' dir='ltr'><strong>essent</strong></span> <span class='ocrx_word' id='word_1_193' title='bbox 1745 1934 1883 2018; x_wconf 91' lang='lat' dir='ltr'><strong>plu-</strong></span> 
     </span>
     <span class='ocr_line' id='line_1_28' title="bbox 378 2032 1886 2116; baseline -0.001 -20"><span class='ocrx_word' id='word_1_194' title='bbox 378 2053 481 2097; x_wconf 83' lang='lat' dir='ltr'><strong>res</strong></span> <span class='ocrx_word' id='word_1_195' title='bbox 529 2032 965 2108; x_wconf 84' lang='lat' dir='ltr'><strong>definitiones,</strong></span> <span class='ocrx_word' id='word_1_196' title='bbox 1017 2052 1215 2116; x_wconf 90' lang='lat' dir='ltr'><strong>quum</strong></span> <span class='ocrx_word' id='word_1_197' title='bbox 1265 2032 1561 2096; x_wconf 84' lang='lat' dir='ltr'><strong>definitio</strong></span> <span class='ocrx_word' id='word_1_198' title='bbox 1608 2032 1886 2115; x_wconf 86' lang='lat' dir='ltr'><strong>explicet</strong></span> 
     </span>
     <span class='ocr_line' id='line_1_29' title="bbox 376 2131 1886 2214; baseline -0.001 -20"><span class='ocrx_word' id='word_1_199' title='bbox 376 2133 803 2214; x_wconf 87' lang='lat' dir='ltr'><strong>quidditatem</strong></span> <span class='ocrx_word' id='word_1_200' title='bbox 852 2131 1125 2194; x_wconf 90' lang='lat' dir='ltr'><strong>definiti.</strong></span> <span class='ocrx_word' id='word_1_201' title='bbox 1180 2131 1301 2195; x_wconf 90' lang='lat' dir='ltr'><strong>Sed</strong></span> <span class='ocrx_word' id='word_1_202' title='bbox 1358 2138 1583 2195; x_wconf 88' lang='lat' dir='ltr'><strong>natura</strong></span> <span class='ocrx_word' id='word_1_203' title='bbox 1640 2132 1731 2193; x_wconf 86' lang='lat' dir='ltr'><strong>rei</strong></span> <span class='ocrx_word' id='word_1_204' title='bbox 1788 2138 1886 2193; x_wconf 90' lang='lat' dir='ltr'><strong>est</strong></span> 
     </span>
     <span class='ocr_line' id='line_1_30' title="bbox 378 2230 1883 2313; baseline -0.001 -20"><span class='ocrx_word' id='word_1_205' title='bbox 378 2230 705 2313; x_wconf 87' lang='lat' dir='ltr'><strong>quidditas</strong></span> <span class='ocrx_word' id='word_1_206' title='bbox 742 2248 855 2293; x_wconf 90' lang='lat' dir='ltr'><strong>seu</strong></span> <span class='ocrx_word' id='word_1_207' title='bbox 894 2232 1069 2309; x_wconf 82' lang='lat' dir='ltr'><strong>quod</strong></span> <span class='ocrx_word' id='word_1_208' title='bbox 1103 2231 1268 2309; x_wconf 79' lang='lat' dir='ltr'><strong>quid</strong></span> <span class='ocrx_word' id='word_1_209' title='bbox 1294 2240 1385 2291; x_wconf 80' lang='lat' dir='ltr'><strong>est</strong></span> <span class='ocrx_word' id='word_1_210' title='bbox 1425 2230 1650 2313; x_wconf 88' lang='lat' dir='ltr'><strong>ipsius,</strong></span> <span class='ocrx_word' id='word_1_211' title='bbox 1684 2248 1883 2312; x_wconf 90' lang='lat' dir='ltr'><strong>quum</strong></span> 
     </span>
     <span class='ocr_line' id='line_1_31' title="bbox 378 2327 1887 2409; baseline -0.002 -17"><span class='ocrx_word' id='word_1_212' title='bbox 378 2338 444 2393; x_wconf 90' lang='lat' dir='ltr'><strong>et</strong></span> <span class='ocrx_word' id='word_1_213' title='bbox 494 2336 789 2392; x_wconf 89' lang='lat' dir='ltr'><strong>naturam</strong></span> <span class='ocrx_word' id='word_1_214' title='bbox 838 2328 1165 2409; x_wconf 77' lang='lat' dir='ltr'><strong>significet</strong></span> <span class='ocrx_word' id='word_1_215' title='bbox 1210 2327 1523 2391; x_wconf 89' lang='lat' dir='ltr'><strong>definitio.</strong></span> <span class='ocrx_word' id='word_1_216' title='bbox 1578 2328 1641 2391; x_wconf 90' lang='lat' dir='ltr'><strong>Si</strong></span> <span class='ocrx_word' id='word_1_217' title='bbox 1693 2328 1887 2409; x_wconf 83' lang='lat' dir='ltr'><strong>igitur</strong></span> 
     </span>
     <span class='ocr_line' id='line_1_32' title="bbox 380 2426 1887 2500; baseline -0.001 -9"><span class='ocrx_word' id='word_1_218' title='bbox 380 2430 514 2491; x_wconf 89' lang='lat' dir='ltr'><strong>sint</strong></span> <span class='ocrx_word' id='word_1_219' title='bbox 560 2428 628 2491; x_wconf 92' lang='lat' dir='ltr'><strong>in</strong></span> <span class='ocrx_word' id='word_1_220' title='bbox 673 2428 921 2491; x_wconf 90' lang='lat' dir='ltr'><strong>Christo</strong></span> <span class='ocrx_word' id='word_1_221' title='bbox 968 2426 1109 2491; x_wconf 83' lang='lat' dir='ltr'><strong>duae</strong></span> <span class='ocrx_word' id='word_1_222' title='bbox 1158 2434 1421 2500; x_wconf 87' lang='lat' dir='ltr'><strong>naturae‚</strong></span> <span class='ocrx_word' id='word_1_223' title='bbox 1466 2433 1657 2489; x_wconf 89' lang='lat' dir='ltr'><strong>erunt</strong></span> <span class='ocrx_word' id='word_1_224' title='bbox 1699 2426 1766 2489; x_wconf 91' lang='lat' dir='ltr'><strong>in</strong></span> <span class='ocrx_word' id='word_1_225' title='bbox 1809 2444 1887 2490; x_wconf 87' lang='lat' dir='ltr'><strong>eo</strong></span> 
     </span>
     <span class='ocr_line' id='line_1_33' title="bbox 382 2525 1887 2606; baseline -0.001 -15"><span class='ocrx_word' id='word_1_226' title='bbox 382 2528 514 2591; x_wconf 91' lang='lat' dir='ltr'><strong>duo</strong></span> <span class='ocrx_word' id='word_1_227' title='bbox 556 2528 731 2606; x_wconf 81' lang='lat' dir='ltr'><strong>quod</strong></span> <span class='ocrx_word' id='word_1_228' title='bbox 757 2528 923 2605; x_wconf 79' lang='lat' dir='ltr'><strong>quid</strong></span> <span class='ocrx_word' id='word_1_229' title='bbox 950 2535 1040 2587; x_wconf 75' lang='lat' dir='ltr'><strong>est</strong></span> <span class='ocrx_word' id='word_1_230' title='bbox 1071 2546 1095 2585; x_wconf 94' lang='grc'><strong>.·</strong></span> <span class='ocrx_word' id='word_1_231' title='bbox 1121 2532 1186 2588; x_wconf 92' lang='lat' dir='ltr'><strong>et</strong></span> <span class='ocrx_word' id='word_1_232' title='bbox 1223 2525 1317 2588; x_wconf 89' lang='lat' dir='ltr'><strong>sic</strong></span> <span class='ocrx_word' id='word_1_233' title='bbox 1356 2542 1485 2587; x_wconf 90' lang='lat' dir='ltr'><strong>non</strong></span> <span class='ocrx_word' id='word_1_234' title='bbox 1528 2532 1697 2588; x_wconf 89' lang='lat' dir='ltr'><strong>esset</strong></span> <span class='ocrx_word' id='word_1_235' title='bbox 1736 2544 1887 2589; x_wconf 84' lang='lat' dir='ltr'><strong>vere</strong></span> 
     </span>
     <span class='ocr_line' id='line_1_34' title="bbox 384 2626 811 2707; baseline -0.005 -19"><span class='ocrx_word' id='word_1_236' title='bbox 384 2626 542 2707; x_wconf 86' lang='lat' dir='ltr'><strong>quid</strong></span> <span class='ocrx_word' id='word_1_237' title='bbox 586 2643 811 2687; x_wconf 90' lang='lat' dir='ltr'><strong>unum.</strong></span> 
     </span>
    </p>

    <p class='ocr_par' dir='ltr' id='par_1_10' title="bbox 315 2721 1889 3004">
     <span class='ocr_line' id='line_1_35' title="bbox 315 2721 1889 2806; baseline -0.001 -19"><span class='ocrx_word' id='word_1_238' title='bbox 315 2754 351 2785; x_wconf 90' lang='lat'><strong>·.</strong></span> <span class='ocrx_word' id='word_1_239' title='bbox 462 2723 783 2806; x_wconf 74' lang='lat' dir='ltr'><strong>AmpliuS,</strong></span> <span class='ocrx_word' id='word_1_240' title='bbox 831 2723 898 2785; x_wconf 88' lang='lat' dir='ltr'><strong>in</strong></span> <span class='ocrx_word' id='word_1_241' title='bbox 946 2722 1077 2785; x_wconf 90' lang='lat' dir='ltr'><strong>Deo</strong></span> <span class='ocrx_word' id='word_1_242' title='bbox 1124 2721 1607 2785; x_wconf 81' lang='lat' dir='ltr'><strong>identificantur</strong></span> <span class='ocrx_word' id='word_1_243' title='bbox 1662 2730 1889 2786; x_wconf 89' lang='lat' dir='ltr'><strong>natura</strong></span> 
     </span>
     <span class='ocr_line' id='line_1_36' title="bbox 385 2821 1888 2906; baseline -0.001 -20"><span class='ocrx_word' id='word_1_244' title='bbox 385 2832 449 2886; x_wconf 91' lang='lat' dir='ltr'><strong>et</strong></span> <span class='ocrx_word' id='word_1_245' title='bbox 488 2822 869 2906; x_wconf 81' lang='lat' dir='ltr'><strong>hypostasis.</strong></span> <span class='ocrx_word' id='word_1_246' title='bbox 910 2822 981 2883; x_wconf 89' lang='lat' dir='ltr'><strong>ln</strong></span> <span class='ocrx_word' id='word_1_247' title='bbox 1025 2822 1127 2884; x_wconf 90' lang='lat' dir='ltr'><strong>his</strong></span> <span class='ocrx_word' id='word_1_248' title='bbox 1173 2821 1349 2885; x_wconf 88' lang='lat' dir='ltr'><strong>enim</strong></span> <span class='ocrx_word' id='word_1_249' title='bbox 1395 2841 1537 2905; x_wconf 82' lang='lat' dir='ltr'><strong>quae</strong></span> <span class='ocrx_word' id='word_1_250' title='bbox 1579 2822 1717 2886; x_wconf 89' lang='lat' dir='ltr'><strong>sine</strong></span> <span class='ocrx_word' id='word_1_251' title='bbox 1762 2842 1888 2885; x_wconf 91' lang='lat' dir='ltr'><strong>ma-</strong></span> 
     </span>
     <span class='ocr_line' id='line_1_37' title="bbox 384 2919 1886 3004; baseline -0.001 -20"><span class='ocrx_word' id='word_1_252' title='bbox 384 2922 545 2985; x_wconf 90' lang='lat' dir='ltr'><strong>teria</strong></span> <span class='ocrx_word' id='word_1_253' title='bbox 594 2928 765 2995; x_wconf 89' lang='lat' dir='ltr'><strong>sunt,</strong></span> <span class='ocrx_word' id='word_1_254' title='bbox 817 2920 991 2983; x_wconf 90' lang='lat' dir='ltr'><strong>aliud</strong></span> <span class='ocrx_word' id='word_1_255' title='bbox 1040 2937 1169 2983; x_wconf 91' lang='lat' dir='ltr'><strong>non</strong></span> <span class='ocrx_word' id='word_1_256' title='bbox 1218 2927 1369 2983; x_wconf 90' lang='lat' dir='ltr'><strong>sunt</strong></span> <span class='ocrx_word' id='word_1_257' title='bbox 1416 2920 1738 3004; x_wconf 88' lang='lat' dir='ltr'><strong>quidditas</strong></span> <span class='ocrx_word' id='word_1_258' title='bbox 1795 2919 1886 2983; x_wconf 88' lang='lat' dir='ltr'><strong>rei</strong></span> 
     </span>
    </p>
   </div>
   <div class='ocr_carea' id='block_1_10' title="bbox 1994 1937 3496 2020">
    <p class='ocr_par' dir='ltr' id='par_1_11' title="bbox 1994 1937 3496 2020">
     <span class='ocr_line' id='line_1_38' title="bbox 1994 1937 3496 2020; baseline -0.001 -19"><span class='ocrx_word' id='word_1_259' title='bbox 1994 1938 2131 2001; x_wconf 91' lang='lat' dir='ltr'><strong>Non</strong></span> <span class='ocrx_word' id='word_1_260' title='bbox 2165 1937 2356 2019; x_wconf 81' lang='lat' dir='ltr'><strong>igitur</strong></span> <span class='ocrx_word' id='word_1_261' title='bbox 2385 1937 2506 2000; x_wconf 87' lang='lat' dir='ltr'><strong>erit</strong></span> <span class='ocrx_word' id='word_1_262' title='bbox 2534 1937 2814 2000; x_wconf 87' lang='lat' dir='ltr'><strong>Verbum</strong></span> <span class='ocrx_word' id='word_1_263' title='bbox 2844 1938 2956 2000; x_wconf 89' lang='lat' dir='ltr'><strong>Dei</strong></span> <span class='ocrx_word' id='word_1_264' title='bbox 2998 1937 3357 2020; x_wconf 83' lang='lat' dir='ltr'><strong>hypostasis</strong></span> <span class='ocrx_word' id='word_1_265' title='bbox 3389 1957 3496 2001; x_wconf 91' lang='lat' dir='ltr'><strong>na-</strong></span> 
     </span>
    </p>
   </div>
   <div class='ocr_carea' id='block_1_11' title="bbox 1996 2036 3597 2119">
    <p class='ocr_par' dir='ltr' id='par_1_12' title="bbox 1996 2036 3597 2119">
     <span class='ocr_line' id='line_1_39' title="bbox 1996 2036 3597 2119; baseline 0.001 -20"><span class='ocrx_word' id='word_1_266' title='bbox 1996 2043 2154 2100; x_wconf 78' lang='lat' dir='ltr'><strong>turae</strong></span> <span class='ocrx_word' id='word_1_267' title='bbox 2191 2042 2433 2100; x_wconf 83' lang='lat' dir='ltr'><strong>creatae.</strong></span> <span class='ocrx_word' id='word_1_268' title='bbox 2469 2071 2546 2082; x_wconf 93' lang='lat'>—</span> <span class='ocrx_word' id='word_1_269' title='bbox 2576 2036 2823 2109; x_wconf 90' lang='lat' dir='ltr'><strong>Adhuc,</strong></span> <span class='ocrx_word' id='word_1_270' title='bbox 2858 2036 3026 2119; x_wconf 91' lang='lat' dir='ltr'><strong>quod</strong></span> <span class='ocrx_word' id='word_1_271' title='bbox 3066 2036 3327 2099; x_wconf 87' lang='lat' dir='ltr'><strong>advenit</strong></span> <span class='ocrx_word' id='word_1_272' title='bbox 3361 2038 3494 2101; x_wconf 89' lang='lat' dir='ltr'><strong>enti</strong></span> <span class='ocrx_word' id='word_1_273' title='bbox 3520 2066 3534 2095; x_wconf 94' lang='grc' dir='ltr'>ι</span> <span class='ocrx_word' id='word_1_274' title='bbox 3565 2067 3597 2100; x_wconf 90' lang='grc'><strong>·.</strong></span> 
     </span>
    </p>
   </div>
   <div class='ocr_carea' id='block_1_12' title="bbox 1995 2134 3503 2810">
    <p class='ocr_par' dir='ltr' id='par_1_13' title="bbox 1995 2134 3503 2810">
     <span class='ocr_line' id='line_1_40' title="bbox 1996 2134 3494 2217; baseline 0.001 -20"><span class='ocrx_word' id='word_1_275' title='bbox 1996 2142 2139 2217; x_wconf 88' lang='lat' dir='ltr'><strong>post</strong></span> <span class='ocrx_word' id='word_1_276' title='bbox 2195 2154 2335 2198; x_wconf 88' lang='lat' dir='ltr'><strong>esse</strong></span> <span class='ocrx_word' id='word_1_277' title='bbox 2394 2154 2584 2197; x_wconf 91' lang='lat' dir='ltr'><strong>suum</strong></span> <span class='ocrx_word' id='word_1_278' title='bbox 2646 2134 3062 2217; x_wconf 89' lang='lat' dir='ltr'><strong>completum,</strong></span> <span class='ocrx_word' id='word_1_279' title='bbox 3120 2135 3380 2199; x_wconf 87' lang='lat' dir='ltr'><strong>advenit</strong></span> <span class='ocrx_word' id='word_1_280' title='bbox 3434 2137 3494 2200; x_wconf 89' lang='lat' dir='ltr'><strong>ei</strong></span> 
     </span>
     <span class='ocr_line' id='line_1_41' title="bbox 1995 2232 3498 2315; baseline 0.003 -20"><span class='ocrx_word' id='word_1_281' title='bbox 1995 2232 2506 2312; x_wconf 82' lang='lat' dir='ltr'><strong>accidentaliter3</strong></span> <span class='ocrx_word' id='word_1_282' title='bbox 2529 2233 2638 2295; x_wconf 88' lang='lat' dir='ltr'><strong>sed</strong></span> <span class='ocrx_word' id='word_1_283' title='bbox 2671 2251 2871 2315; x_wconf 90' lang='lat' dir='ltr'><strong>quum</strong></span> <span class='ocrx_word' id='word_1_284' title='bbox 2900 2232 3182 2296; x_wconf 88' lang='lat' dir='ltr'><strong>Verbum</strong></span> <span class='ocrx_word' id='word_1_285' title='bbox 3215 2234 3299 2297; x_wconf 89' lang='lat' dir='ltr'><strong>sit</strong></span> <span class='ocrx_word' id='word_1_286' title='bbox 3325 2244 3498 2299; x_wconf 85' lang='lat' dir='ltr'><strong>aeter-</strong></span> 
     </span>
     <span class='ocr_line' id='line_1_42' title="bbox 1996 2332 3500 2416; baseline 0.001 -22"><span class='ocrx_word' id='word_1_287' title='bbox 1996 2350 2177 2405; x_wconf 89' lang='lat' dir='ltr'><strong>num,</strong></span> <span class='ocrx_word' id='word_1_288' title='bbox 2239 2339 2464 2394; x_wconf 85' lang='lat' dir='ltr'><strong>natura</strong></span> <span class='ocrx_word' id='word_1_289' title='bbox 2520 2339 2849 2414; x_wconf 86' lang='lat' dir='ltr'><strong>assumpta</strong></span> <span class='ocrx_word' id='word_1_290' title='bbox 2905 2332 3166 2395; x_wconf 87' lang='lat' dir='ltr'><strong>advenit</strong></span> <span class='ocrx_word' id='word_1_291' title='bbox 3230 2334 3290 2395; x_wconf 86' lang='lat' dir='ltr'><strong>ei</strong></span> <span class='ocrx_word' id='word_1_292' title='bbox 3357 2341 3500 2416; x_wconf 90' lang='lat' dir='ltr'><strong>post</strong></span> 
     </span>
     <span class='ocr_line' id='line_1_43' title="bbox 1997 2428 3502 2513; baseline 0.001 -20"><span class='ocrx_word' id='word_1_293' title='bbox 1997 2448 2137 2493; x_wconf 90' lang='lat' dir='ltr'><strong>esse</strong></span> <span class='ocrx_word' id='word_1_294' title='bbox 2167 2449 2356 2493; x_wconf 91' lang='lat' dir='ltr'><strong>suum</strong></span> <span class='ocrx_word' id='word_1_295' title='bbox 2391 2428 2810 2512; x_wconf 90' lang='lat' dir='ltr'><strong>completum,</strong></span> <span class='ocrx_word' id='word_1_296' title='bbox 2845 2430 2911 2492; x_wconf 91' lang='lat' dir='ltr'><strong>in</strong></span> <span class='ocrx_word' id='word_1_297' title='bbox 2949 2449 3079 2513; x_wconf 93' lang='lat' dir='ltr'><strong>quo</strong></span> <span class='ocrx_word' id='word_1_298' title='bbox 3117 2431 3502 2495; x_wconf 61' lang='lat' dir='ltr'><strong>aeternaliter</strong></span> 
     </span>
     <span class='ocr_line' id='line_1_44' title="bbox 1996 2527 3502 2612; baseline 0.002 -21"><span class='ocrx_word' id='word_1_299' title='bbox 1996 2547 2381 2612; x_wconf 88' lang='lat' dir='ltr'><strong>semperque</strong></span> <span class='ocrx_word' id='word_1_300' title='bbox 2431 2527 2715 2611; x_wconf 87' lang='lat' dir='ltr'><strong>perfecte</strong></span> <span class='ocrx_word' id='word_1_301' title='bbox 2763 2529 3103 2593; x_wconf 87' lang='lat' dir='ltr'><strong>subsistit:</strong></span> <span class='ocrx_word' id='word_1_302' title='bbox 3148 2530 3502 2594; x_wconf 87' lang='lat' dir='ltr'><strong>accidenta-</strong></span> 
     </span>
     <span class='ocr_line' id='line_1_45' title="bbox 1999 2627 3503 2713; baseline 0.003 -24"><span class='ocrx_word' id='word_1_303' title='bbox 1999 2627 2145 2691; x_wconf 89' lang='lat' dir='ltr'><strong>liter</strong></span> <span class='ocrx_word' id='word_1_304' title='bbox 2201 2645 2351 2709; x_wconf 84' lang='lat' dir='ltr'><strong>ergo</strong></span> <span class='ocrx_word' id='word_1_305' title='bbox 2416 2627 2676 2690; x_wconf 89' lang='lat' dir='ltr'><strong>advenit</strong></span> <span class='ocrx_word' id='word_1_306' title='bbox 2725 2628 2804 2691; x_wconf 91' lang='lat' dir='ltr'><strong>ei.</strong></span> <span class='ocrx_word' id='word_1_307' title='bbox 2853 2628 2943 2691; x_wconf 85' lang='lat' dir='ltr'><strong>Ex</strong></span> <span class='ocrx_word' id='word_1_308' title='bbox 3002 2629 3104 2693; x_wconf 87' lang='lat' dir='ltr'><strong>his</strong></span> <span class='ocrx_word' id='word_1_309' title='bbox 3149 2647 3304 2693; x_wconf 81' lang='lat' dir='ltr'><strong>vero</strong></span> <span class='ocrx_word' id='word_1_310' title='bbox 3358 2648 3503 2713; x_wconf 79' lang='lat' dir='ltr'><strong>quae</strong></span> 
     </span>
     <span class='ocr_line' id='line_1_46' title="bbox 1998 2726 3497 2810; baseline 0.001 -21"><span class='ocrx_word' id='word_1_311' title='bbox 1998 2726 2476 2789; x_wconf 82' lang='lat' dir='ltr'><strong>accidentaliter</strong></span> <span class='ocrx_word' id='word_1_312' title='bbox 2521 2726 2856 2801; x_wconf 85' lang='lat' dir='ltr'><strong>uniuntur,</strong></span> <span class='ocrx_word' id='word_1_313' title='bbox 2903 2726 3066 2790; x_wconf 89' lang='lat' dir='ltr'><strong>nihil</strong></span> <span class='ocrx_word' id='word_1_314' title='bbox 3115 2747 3232 2810; x_wconf 89' lang='lat' dir='ltr'><strong>per</strong></span> <span class='ocrx_word' id='word_1_315' title='bbox 3273 2748 3341 2791; x_wconf 91' lang='lat' dir='ltr'><strong>se</strong></span> <span class='ocrx_word' id='word_1_316' title='bbox 3385 2748 3497 2791; x_wconf 88' lang='lat' dir='ltr'><strong>seu</strong></span> 
     </span>
    </p>
   </div>
   <div class='ocr_carea' id='block_1_13' title="bbox 3519 1276 3624 1311">
    <p class='ocr_par' dir='ltr' id='par_1_14' title="bbox 3519 1276 3624 1311">
     <span class='ocr_line' id='line_1_47' title="bbox 3519 1276 3624 1311; baseline 0.019 -2"><span class='ocrx_word' id='word_1_317' title='bbox 3519 1276 3624 1311; x_wconf 68' lang='lat' dir='ltr'><strong>llllll</strong></span> 
     </span>
    </p>
   </div>
   <div class='ocr_carea' id='block_1_14' title="bbox 1998 2825 3586 2900">
    <p class='ocr_par' dir='ltr' id='par_1_15' title="bbox 1998 2825 3586 2900">
     <span class='ocr_line' id='line_1_48' title="bbox 1998 2825 3586 2900; baseline 0.002 -11"><span class='ocrx_word' id='word_1_318' title='bbox 1998 2845 2147 2890; x_wconf 89' lang='lat' dir='ltr'><strong>vere</strong></span> <span class='ocrx_word' id='word_1_319' title='bbox 2195 2845 2396 2890; x_wconf 87' lang='lat' dir='ltr'><strong>unum</strong></span> <span class='ocrx_word' id='word_1_320' title='bbox 2439 2825 2747 2889; x_wconf 81' lang='lat' dir='ltr'><strong>efficitur.</strong></span> <span class='ocrx_word' id='word_1_321' title='bbox 2790 2860 2870 2872; x_wconf 91' lang='lat'><em>-</em></span> <span class='ocrx_word' id='word_1_322' title='bbox 2908 2826 3120 2900; x_wconf 88' lang='lat' dir='ltr'><strong>Porro,</strong></span> <span class='ocrx_word' id='word_1_323' title='bbox 3162 2826 3216 2889; x_wconf 90' lang='lat' dir='ltr'><strong>si</strong></span> <span class='ocrx_word' id='word_1_324' title='bbox 3256 2832 3498 2890; x_wconf 79' lang='lat' dir='ltr'><strong>naturae</strong></span> <span class='ocrx_word' id='word_1_325' title='bbox 3524 2858 3586 2891; x_wconf 58' lang='grc' dir='ltr'><strong>ν.</strong></span> 
     </span>
    </p>
   </div>
   <div class='ocr_carea' id='block_1_15' title="bbox 1998 2924 3500 3008">
    <p class='ocr_par' dir='ltr' id='par_1_16' title="bbox 1998 2924 3500 3008">
     <span class='ocr_line' id='line_1_49' title="bbox 1998 2924 3500 3008; baseline 0.001 -20"><span class='ocrx_word' id='word_1_326' title='bbox 1998 2926 2294 2989; x_wconf 83' lang='lat' dir='ltr'><strong>humanae</strong></span> <span class='ocrx_word' id='word_1_327' title='bbox 2347 2932 2540 3008; x_wconf 88' lang='lat' dir='ltr'><strong>atque</strong></span> <span class='ocrx_word' id='word_1_328' title='bbox 2596 2924 2831 2989; x_wconf 81' lang='lat' dir='ltr'><strong>divinae</strong></span> <span class='ocrx_word' id='word_1_329' title='bbox 2897 2924 2980 2987; x_wconf 89' lang='lat' dir='ltr'><strong>sit</strong></span> <span class='ocrx_word' id='word_1_330' title='bbox 3037 2943 3166 2987; x_wconf 92' lang='lat' dir='ltr'><strong>una</strong></span> <span class='ocrx_word' id='word_1_331' title='bbox 3230 2943 3500 3007; x_wconf 89' lang='lat' dir='ltr'><strong>persona</strong></span> 
     </span>
    </p>
   </div>
   <div class='ocr_carea' id='block_1_16' title="bbox 383 3016 3496 3107">
    <p class='ocr_par' dir='ltr' id='par_1_17' title="bbox 383 3016 3496 3107">
     <span class='ocr_line' id='line_1_50' title="bbox 383 3016 3496 3107; baseline 0.001 -24"><span class='ocrx_word' id='word_1_332' title='bbox 383 3029 448 3083; x_wconf 90' lang='lat' dir='ltr'><strong>et</strong></span> <span class='ocrx_word' id='word_1_333' title='bbox 496 3038 599 3083; x_wconf 89' lang='lat' dir='ltr'><strong>res</strong></span> <span class='ocrx_word' id='word_1_334' title='bbox 649 3020 803 3101; x_wconf 88' lang='lat' dir='ltr'><strong>ipsa.</strong></span> <span class='ocrx_word' id='word_1_335' title='bbox 856 3018 979 3081; x_wconf 91' lang='lat' dir='ltr'><strong>Sed</strong></span> <span class='ocrx_word' id='word_1_336' title='bbox 1028 3017 1428 3101; x_wconf 89' lang='lat' dir='ltr'><strong>impossibile</strong></span> <span class='ocrx_word' id='word_1_337' title='bbox 1484 3026 1582 3081; x_wconf 89' lang='lat' dir='ltr'><strong>est</strong></span> <span class='ocrx_word' id='word_1_338' title='bbox 1638 3016 1959 3101; x_wconf 67' lang='lat' dir='ltr'><strong>quiden-c</strong></span> <span class='ocrx_word' id='word_1_339' title='bbox 1998 3025 2350 3107; x_wconf 90' lang='lat' dir='ltr'><strong>eademque</strong></span> <span class='ocrx_word' id='word_1_340' title='bbox 2379 3024 2742 3106; x_wconf 88' lang='lat' dir='ltr'><strong>hypostasis</strong></span> <span class='ocrx_word' id='word_1_341' title='bbox 2771 3028 2836 3085; x_wconf 91' lang='lat' dir='ltr'><strong>et</strong></span> <span class='ocrx_word' id='word_1_342' title='bbox 2865 3022 3034 3085; x_wconf 90' lang='lat' dir='ltr'><strong>idem</strong></span> <span class='ocrx_word' id='word_1_343' title='bbox 3066 3024 3496 3106; x_wconf 90' lang='lat' dir='ltr'><strong>suppositum,</strong></span> 
     </span>
    </p>
   </div>
   <div class='ocr_carea' id='block_1_17' title="bbox 384 3117 1889 3397">
    <p class='ocr_par' dir='ltr' id='par_1_18' title="bbox 384 3117 1889 3397">
     <span class='ocr_line' id='line_1_51' title="bbox 385 3117 1889 3201; baseline -0.002 -19"><span class='ocrx_word' id='word_1_344' title='bbox 385 3128 581 3183; x_wconf 90' lang='lat' dir='ltr'><strong>tatem</strong></span> <span class='ocrx_word' id='word_1_345' title='bbox 623 3118 971 3181; x_wconf 85' lang='lat' dir='ltr'><strong>humanam</strong></span> <span class='ocrx_word' id='word_1_346' title='bbox 1016 3117 1405 3179; x_wconf 83' lang='lat' dir='ltr'><strong>identificari</strong></span> <span class='ocrx_word' id='word_1_347' title='bbox 1448 3135 1735 3201; x_wconf 85' lang='lat' dir='ltr'><strong>personae</strong></span> <span class='ocrx_word' id='word_1_348' title='bbox 1774 3136 1889 3181; x_wconf 88' lang='lat' dir='ltr'><strong>seu</strong></span> 
     </span>
     <span class='ocr_line' id='line_1_52' title="bbox 384 3215 1889 3301; baseline -0.003 -20"><span class='ocrx_word' id='word_1_349' title='bbox 384 3216 715 3301; x_wconf 86' lang='lat' dir='ltr'><strong>hypostasi</strong></span> <span class='ocrx_word' id='word_1_350' title='bbox 745 3215 956 3278; x_wconf 89' lang='lat' dir='ltr'><strong>Verbi.</strong></span> <span class='ocrx_word' id='word_1_351' title='bbox 988 3216 1127 3279; x_wconf 90' lang='lat' dir='ltr'><strong>Non</strong></span> <span class='ocrx_word' id='word_1_352' title='bbox 1158 3216 1279 3278; x_wconf 89' lang='lat' dir='ltr'><strong>erit</strong></span> <span class='ocrx_word' id='word_1_353' title='bbox 1308 3233 1460 3297; x_wconf 82' lang='lat' dir='ltr'><strong>ergo</strong></span> <span class='ocrx_word' id='word_1_354' title='bbox 1485 3224 1711 3278; x_wconf 87' lang='lat' dir='ltr'><strong>natura</strong></span> <span class='ocrx_word' id='word_1_355' title='bbox 1739 3216 1889 3279; x_wconf 88' lang='lat' dir='ltr'><strong>Ver-</strong></span> 
     </span>
     <span class='ocr_line' id='line_1_53' title="bbox 386 3313 1888 3397; baseline -0.002 -17"><span class='ocrx_word' id='word_1_356' title='bbox 386 3317 477 3390; x_wconf 89' lang='lat' dir='ltr'><strong>bi,</strong></span> <span class='ocrx_word' id='word_1_357' title='bbox 502 3333 714 3397; x_wconf 87' lang='lat' dir='ltr'><strong>neque</strong></span> <span class='ocrx_word' id='word_1_358' title='bbox 732 3316 835 3396; x_wconf 91' lang='lat' dir='ltr'><strong>(ut</strong></span> <span class='ocrx_word' id='word_1_359' title='bbox 861 3314 1143 3395; x_wconf 87' lang='lat' dir='ltr'><strong>videtur)</strong></span> <span class='ocrx_word' id='word_1_360' title='bbox 1171 3314 1408 3396; x_wconf 88' lang='lat' dir='ltr'><strong>poterit</strong></span> <span class='ocrx_word' id='word_1_361' title='bbox 1428 3313 1709 3377; x_wconf 89' lang='lat' dir='ltr'><strong>Verbum</strong></span> <span class='ocrx_word' id='word_1_362' title='bbox 1744 3314 1888 3377; x_wconf 89' lang='lat' dir='ltr'><strong>sub-</strong></span> 
     </span>
    </p>
   </div>
   <div class='ocr_carea' id='block_1_18' title="bbox 280 3413 1884 3486">
    <p class='ocr_par' dir='ltr' id='par_1_19' title="bbox 280 3413 1884 3486">
     <span class='ocr_line' id='line_1_54' title="bbox 280 3413 1884 3486; baseline 0.001 -11"><span class='ocrx_word' id='word_1_363' title='bbox 280 3444 351 3476; x_wconf 70' lang='lat' dir='ltr'><strong>v·.</strong></span> <span class='ocrx_word' id='word_1_364' title='bbox 386 3415 617 3478; x_wconf 86' lang='lat' dir='ltr'><strong>sistere</strong></span> <span class='ocrx_word' id='word_1_365' title='bbox 646 3414 713 3476; x_wconf 90' lang='lat' dir='ltr'><strong>in</strong></span> <span class='ocrx_word' id='word_1_366' title='bbox 744 3421 971 3476; x_wconf 89' lang='lat' dir='ltr'><strong>natura</strong></span> <span class='ocrx_word' id='word_1_367' title='bbox 998 3413 1296 3475; x_wconf 90' lang='lat' dir='ltr'><strong>humana.</strong></span> <span class='ocrx_word' id='word_1_368' title='bbox 1331 3446 1410 3457; x_wconf 89' lang='lat'><strong>—-</strong></span> <span class='ocrx_word' id='word_1_369' title='bbox 1437 3413 1517 3475; x_wconf 85' lang='lat' dir='ltr'><strong>At</strong></span> <span class='ocrx_word' id='word_1_370' title='bbox 1544 3430 1717 3486; x_wconf 88' lang='lat' dir='ltr'><strong>vero,</strong></span> <span class='ocrx_word' id='word_1_371' title='bbox 1752 3432 1884 3476; x_wconf 91' lang='lat' dir='ltr'><strong>cer-</strong></span> 
     </span>
    </p>
   </div>
   <div class='ocr_carea' id='block_1_19' title="bbox 372 3511 1889 4187">
    <p class='ocr_par' dir='ltr' id='par_1_20' title="bbox 372 3511 1889 4187">
     <span class='ocr_line' id='line_1_55' title="bbox 382 3511 1886 3578; baseline -0.003 0"><span class='ocrx_word' id='word_1_372' title='bbox 382 3514 605 3578; x_wconf 83' lang='lat' dir='ltr'><strong>nimus</strong></span> <span class='ocrx_word' id='word_1_373' title='bbox 674 3512 963 3576; x_wconf 81' lang='lat' dir='ltr'><strong>vicissim</strong></span> <span class='ocrx_word' id='word_1_374' title='bbox 1033 3518 1323 3573; x_wconf 87' lang='lat' dir='ltr'><strong>naturam</strong></span> <span class='ocrx_word' id='word_1_375' title='bbox 1393 3511 1648 3574; x_wconf 89' lang='lat' dir='ltr'><strong>extendi</strong></span> <span class='ocrx_word' id='word_1_376' title='bbox 1719 3512 1886 3574; x_wconf 87' lang='lat' dir='ltr'><strong>ultra</strong></span> 
     </span>
     <span class='ocr_line' id='line_1_56' title="bbox 374 3608 1883 3695; baseline -0.003 -19"><span class='ocrx_word' id='word_1_377' title='bbox 374 3610 795 3695; x_wconf 87' lang='lat' dir='ltr'><strong>suppositum</strong></span> <span class='ocrx_word' id='word_1_378' title='bbox 847 3628 861 3672; x_wconf 73' lang='grc' dir='ltr'>ε</span> <span class='ocrx_word' id='word_1_379' title='bbox 914 3610 1239 3673; x_wconf 90' lang='lat' dir='ltr'><strong>invenitur</strong></span> <span class='ocrx_word' id='word_1_380' title='bbox 1294 3627 1529 3691; x_wconf 89' lang='lat' dir='ltr'><strong>nempe</strong></span> <span class='ocrx_word' id='word_1_381' title='bbox 1586 3608 1883 3672; x_wconf 87' lang='lat' dir='ltr'><strong>humani·</strong></span> 
     </span>
     <span class='ocr_line' id='line_1_57' title="bbox 372 3708 1883 3791; baseline -0.003 -16"><span class='ocrx_word' id='word_1_382' title='bbox 372 3722 477 3775; x_wconf 85' lang='lat' dir='ltr'><strong>tas</strong></span> <span class='ocrx_word' id='word_1_383' title='bbox 540 3710 651 3773; x_wconf 88' lang='lat' dir='ltr'><strong>ubi</strong></span> <span class='ocrx_word' id='word_1_384' title='bbox 716 3708 933 3791; x_wconf 88' lang='lat' dir='ltr'><strong>aliqua</strong></span> <span class='ocrx_word' id='word_1_385' title='bbox 986 3708 1131 3789; x_wconf 87' lang='lat' dir='ltr'><strong>ejus</strong></span> <span class='ocrx_word' id='word_1_386' title='bbox 1198 3708 1529 3790; x_wconf 89' lang='lat' dir='ltr'><strong>supposita</strong></span> <span class='ocrx_word' id='word_1_387' title='bbox 1596 3725 1723 3771; x_wconf 92' lang='lat' dir='ltr'><strong>non</strong></span> <span class='ocrx_word' id='word_1_388' title='bbox 1786 3727 1883 3771; x_wconf 89' lang='lat' dir='ltr'><strong>re-</strong></span> 
     </span>
     <span class='ocr_line' id='line_1_58' title="bbox 374 3806 1884 3893; baseline -0.003 -20"><span class='ocrx_word' id='word_1_389' title='bbox 374 3810 745 3893; x_wconf 87' lang='lat' dir='ltr'><strong>periuntur.</strong></span> <span class='ocrx_word' id='word_1_390' title='bbox 799 3806 1217 3889; x_wconf 88' lang='lat' dir='ltr'><strong>Suppositum</strong></span> <span class='ocrx_word' id='word_1_391' title='bbox 1274 3812 1491 3869; x_wconf 85' lang='lat' dir='ltr'><strong>autem</strong></span> <span class='ocrx_word' id='word_1_392' title='bbox 1551 3806 1719 3869; x_wconf 88' lang='lat' dir='ltr'><strong>ultra</strong></span> <span class='ocrx_word' id='word_1_393' title='bbox 1776 3826 1884 3869; x_wconf 88' lang='lat' dir='ltr'><strong>na-</strong></span> 
     </span>
     <span class='ocr_line' id='line_1_59' title="bbox 372 3904 1888 3988; baseline -0.003 -17"><span class='ocrx_word' id='word_1_394' title='bbox 372 3918 595 3972; x_wconf 90' lang='lat' dir='ltr'><strong>turam</strong></span> <span class='ocrx_word' id='word_1_395' title='bbox 644 3923 975 3988; x_wconf 90' lang='lat' dir='ltr'><strong>nunquam</strong></span> <span class='ocrx_word' id='word_1_396' title='bbox 1024 3904 1410 3968; x_wconf 86' lang='lat' dir='ltr'><strong>extenditur.</strong></span> <span class='ocrx_word' id='word_1_397' title='bbox 1460 3904 1526 3967; x_wconf 86' lang='lat' dir='ltr'><strong>Si</strong></span> <span class='ocrx_word' id='word_1_398' title='bbox 1574 3922 1725 3986; x_wconf 85' lang='lat' dir='ltr'><strong>ergo</strong></span> <span class='ocrx_word' id='word_1_399' title='bbox 1773 3923 1888 3987; x_wconf 91' lang='lat' dir='ltr'><strong>per</strong></span> 
     </span>
     <span class='ocr_line' id='line_1_60' title="bbox 376 4003 1889 4085; baseline -0.002 -16"><span class='ocrx_word' id='word_1_400' title='bbox 376 4006 891 4069; x_wconf 74' lang='lat' dir='ltr'><strong>incarnationem</strong></span> <span class='ocrx_word' id='word_1_401' title='bbox 937 4003 1103 4066; x_wconf 84' lang='lat' dir='ltr'><strong>facta</strong></span> <span class='ocrx_word' id='word_1_402' title='bbox 1150 4004 1234 4067; x_wconf 88' lang='lat' dir='ltr'><strong>sit</strong></span> <span class='ocrx_word' id='word_1_403' title='bbox 1288 4003 1648 4085; x_wconf 85' lang='lat' dir='ltr'><strong>hypostasis</strong></span> <span class='ocrx_word' id='word_1_404' title='bbox 1696 4003 1889 4067; x_wconf 88' lang='lat' dir='ltr'><strong>Verbi</strong></span> 
     </span>
     <span class='ocr_line' id='line_1_61' title="bbox 374 4102 1889 4187; baseline -0.002 -20"><span class='ocrx_word' id='word_1_405' title='bbox 374 4104 745 4187; x_wconf 85' lang='lat' dir='ltr'><strong>hypostasis</strong></span> <span class='ocrx_word' id='word_1_406' title='bbox 791 4102 1087 4166; x_wconf 82' lang='lat' dir='ltr'><strong>humanae</strong></span> <span class='ocrx_word' id='word_1_407' title='bbox 1127 4109 1390 4173; x_wconf 69' lang='lat' dir='ltr'><strong>naturae,</strong></span> <span class='ocrx_word' id='word_1_408' title='bbox 1425 4120 1623 4183; x_wconf 89' lang='lat' dir='ltr'><strong>quum</strong></span> <span class='ocrx_word' id='word_1_409' title='bbox 1664 4110 1889 4165; x_wconf 85' lang='lat' dir='ltr'><strong>natura</strong></span> 
     </span>
    </p>
   </div>
   <div class='ocr_carea' id='block_1_20' title="bbox 377 4199 1971 4281">
    <p class='ocr_par' dir='ltr' id='par_1_21' title="bbox 377 4199 1971 4281">
     <span class='ocr_line' id='line_1_62' title="bbox 377 4199 1971 4281; baseline 0.001 -16"><span class='ocrx_word' id='word_1_410' title='bbox 377 4204 667 4265; x_wconf 89' lang='lat' dir='ltr'><strong>humana</strong></span> <span class='ocrx_word' id='word_1_411' title='bbox 712 4218 839 4263; x_wconf 91' lang='lat' dir='ltr'><strong>non</strong></span> <span class='ocrx_word' id='word_1_412' title='bbox 883 4200 969 4263; x_wconf 89' lang='lat' dir='ltr'><strong>sit</strong></span> <span class='ocrx_word' id='word_1_413' title='bbox 1008 4199 1271 4281; x_wconf 88' lang='lat' dir='ltr'><strong>ubique,</strong></span> <span class='ocrx_word' id='word_1_414' title='bbox 1318 4216 1719 4281; x_wconf 88' lang='lat' dir='ltr'><strong>consequens</strong></span> <span class='ocrx_word' id='word_1_415' title='bbox 1774 4199 1889 4263; x_wconf 90' lang='lat' dir='ltr'><strong>fiet</strong></span> <span class='ocrx_word' id='word_1_416' title='bbox 1921 4205 1971 4267; x_wconf 92' lang='lat' dir='ltr'>D</span> 
     </span>
    </p>
   </div>
   <div class='ocr_carea' id='block_1_21' title="bbox 376 4297 1897 5377">
    <p class='ocr_par' dir='ltr' id='par_1_22' title="bbox 378 4297 1889 4583">
     <span class='ocr_line' id='line_1_63' title="bbox 378 4297 1889 4383; baseline -0.003 -18"><span class='ocrx_word' id='word_1_417' title='bbox 378 4309 456 4365; x_wconf 90' lang='lat' dir='ltr'><strong>ut</strong></span> <span class='ocrx_word' id='word_1_418' title='bbox 519 4317 725 4382; x_wconf 90' lang='lat' dir='ltr'><strong>neque</strong></span> <span class='ocrx_word' id='word_1_419' title='bbox 783 4299 1141 4383; x_wconf 89' lang='lat' dir='ltr'><strong>hypostasis</strong></span> <span class='ocrx_word' id='word_1_420' title='bbox 1197 4297 1386 4361; x_wconf 87' lang='lat' dir='ltr'><strong>Verbi</strong></span> <span class='ocrx_word' id='word_1_421' title='bbox 1447 4316 1560 4361; x_wconf 92' lang='lat' dir='ltr'><strong>seu</strong></span> <span class='ocrx_word' id='word_1_422' title='bbox 1609 4298 1889 4362; x_wconf 90' lang='lat' dir='ltr'><strong>Verbum</strong></span> 
     </span>
     <span class='ocr_line' id='line_1_64' title="bbox 380 4396 1889 4484; baseline -0.003 -21"><span class='ocrx_word' id='word_1_423' title='bbox 380 4401 605 4484; x_wconf 90' lang='lat' dir='ltr'><strong>ipsum</strong></span> <span class='ocrx_word' id='word_1_424' title='bbox 658 4398 741 4460; x_wconf 91' lang='lat' dir='ltr'><strong>sit</strong></span> <span class='ocrx_word' id='word_1_425' title='bbox 788 4397 1029 4480; x_wconf 90' lang='lat' dir='ltr'><strong>ubique</strong></span> <span class='ocrx_word' id='word_1_426' title='bbox 1083 4412 1097 4458; x_wconf 72' lang='grc' dir='ltr'><em>τ</em></span> <span class='ocrx_word' id='word_1_427' title='bbox 1147 4396 1319 4479; x_wconf 91' lang='lat' dir='ltr'><strong>quod</strong></span> <span class='ocrx_word' id='word_1_428' title='bbox 1366 4396 1497 4459; x_wconf 88' lang='lat' dir='ltr'><strong>Deo</strong></span> <span class='ocrx_word' id='word_1_429' title='bbox 1556 4414 1681 4459; x_wconf 92' lang='lat' dir='ltr'><strong>non</strong></span> <span class='ocrx_word' id='word_1_430' title='bbox 1744 4415 1889 4461; x_wconf 90' lang='lat' dir='ltr'><strong>con-</strong></span> 
     </span>
     <span class='ocr_line' id='line_1_65' title="bbox 378 4498 584 4583; baseline -0.015 -20"><span class='ocrx_word' id='word_1_431' title='bbox 378 4498 584 4583; x_wconf 83' lang='lat' dir='ltr'><strong>gruit.</strong></span> 
     </span>
    </p>

    <p class='ocr_par' dir='ltr' id='par_1_23' title="bbox 376 4593 1897 5377">
     <span class='ocr_line' id='line_1_66' title="bbox 470 4593 1891 4679; baseline -0.001 -20"><span class='ocrx_word' id='word_1_432' title='bbox 470 4596 783 4679; x_wconf 87' lang='lat' dir='ltr'><strong>Denique,</strong></span> <span class='ocrx_word' id='word_1_433' title='bbox 841 4594 1008 4657; x_wconf 90' lang='lat' dir='ltr'><strong>sicut</strong></span> <span class='ocrx_word' id='word_1_434' title='bbox 1074 4611 1153 4656; x_wconf 87' lang='lat' dir='ltr'><strong>ex</strong></span> <span class='ocrx_word' id='word_1_435' title='bbox 1218 4593 1432 4657; x_wconf 90' lang='lat' dir='ltr'><strong>anima</strong></span> <span class='ocrx_word' id='word_1_436' title='bbox 1498 4600 1561 4656; x_wconf 90' lang='lat' dir='ltr'><strong>et</strong></span> <span class='ocrx_word' id='word_1_437' title='bbox 1627 4611 1891 4677; x_wconf 90' lang='lat' dir='ltr'><strong>corpore</strong></span> 
     </span>
     <span class='ocr_line' id='line_1_67' title="bbox 379 4691 1892 4766; baseline -0.003 -5"><span class='ocrx_word' id='word_1_438' title='bbox 379 4696 804 4761; x_wconf 87' lang='lat' dir='ltr'><strong>constituitur</strong></span> <span class='ocrx_word' id='word_1_439' title='bbox 830 4692 1151 4766; x_wconf 87' lang='lat' dir='ltr'><strong>homo,sic</strong></span> <span class='ocrx_word' id='word_1_440' title='bbox 1182 4711 1259 4755; x_wconf 89' lang='lat' dir='ltr'><strong>ex</strong></span> <span class='ocrx_word' id='word_1_441' title='bbox 1288 4691 1407 4754; x_wconf 90' lang='lat' dir='ltr'><strong>hac</strong></span> <span class='ocrx_word' id='word_1_442' title='bbox 1438 4691 1654 4755; x_wconf 90' lang='lat' dir='ltr'><strong>anima</strong></span> <span class='ocrx_word' id='word_1_443' title='bbox 1680 4700 1746 4755; x_wconf 94' lang='lat' dir='ltr'><strong>et</strong></span> <span class='ocrx_word' id='word_1_444' title='bbox 1773 4694 1892 4757; x_wconf 91' lang='lat' dir='ltr'><strong>hoc</strong></span> 
     </span>
     <span class='ocr_line' id='line_1_68' title="bbox 378 4790 1895 4877; baseline -0.003 -17"><span class='ocrx_word' id='word_1_445' title='bbox 378 4811 659 4877; x_wconf 89' lang='lat' dir='ltr'><strong>corpore</strong></span> <span class='ocrx_word' id='word_1_446' title='bbox 704 4791 1115 4855; x_wconf 66' lang='lat' dir='ltr'><strong>constituitur</strong></span> <span class='ocrx_word' id='word_1_447' title='bbox 1159 4790 1263 4853; x_wconf 92' lang='lat' dir='ltr'><strong>hic</strong></span> <span class='ocrx_word' id='word_1_448' title='bbox 1308 4790 1502 4853; x_wconf 90' lang='lat' dir='ltr'><strong>homo</strong></span> <span class='ocrx_word' id='word_1_449' title='bbox 1534 4808 1549 4853; x_wconf 90' lang='lat'>:</span> <span class='ocrx_word' id='word_1_450' title='bbox 1583 4792 1752 4873; x_wconf 91' lang='lat' dir='ltr'><strong>quod</strong></span> <span class='ocrx_word' id='word_1_451' title='bbox 1796 4800 1895 4855; x_wconf 91' lang='lat' dir='ltr'><strong>est</strong></span> 
     </span>
     <span class='ocr_line' id='line_1_69' title="bbox 377 4888 1890 4978; baseline -0.005 -19"><span class='ocrx_word' id='word_1_452' title='bbox 377 4891 787 4978; x_wconf 88' lang='lat' dir='ltr'><strong>hypostasim</strong></span> <span class='ocrx_word' id='word_1_453' title='bbox 838 4890 1160 4952; x_wconf 88' lang='lat' dir='ltr'><strong>constitui.</strong></span> <span class='ocrx_word' id='word_1_454' title='bbox 1218 4888 1529 4961; x_wconf 87' lang='lat' dir='ltr'><strong>Quoniam</strong></span> <span class='ocrx_word' id='word_1_455' title='bbox 1580 4889 1775 4970; x_wconf 83' lang='lat' dir='ltr'><strong>igitur</strong></span> <span class='ocrx_word' id='word_1_456' title='bbox 1826 4891 1890 4953; x_wconf 89' lang='lat' dir='ltr'><strong>in</strong></span> 
     </span>
     <span class='ocr_line' id='line_1_70' title="bbox 378 4988 1897 5071; baseline -0.005 -12"><span class='ocrx_word' id='word_1_457' title='bbox 378 4992 645 5059; x_wconf 89' lang='lat' dir='ltr'><strong>Christo</strong></span> <span class='ocrx_word' id='word_1_458' title='bbox 671 4990 796 5053; x_wconf 83' lang='lat' dir='ltr'><strong>fuit</strong></span> <span class='ocrx_word' id='word_1_459' title='bbox 823 4989 960 5053; x_wconf 85' lang='lat' dir='ltr'><strong>haec</strong></span> <span class='ocrx_word' id='word_1_460' title='bbox 1001 4988 1215 5051; x_wconf 90' lang='lat' dir='ltr'><strong>anima</strong></span> <span class='ocrx_word' id='word_1_461' title='bbox 1254 4995 1316 5051; x_wconf 91' lang='lat' dir='ltr'><strong>et</strong></span> <span class='ocrx_word' id='word_1_462' title='bbox 1355 4988 1475 5050; x_wconf 94' lang='lat' dir='ltr'><strong>hoc</strong></span> <span class='ocrx_word' id='word_1_463' title='bbox 1516 5006 1771 5071; x_wconf 79' lang='lat' dir='ltr'><strong>corpuS,</strong></span> <span class='ocrx_word' id='word_1_464' title='bbox 1804 5008 1897 5053; x_wconf 90' lang='lat' dir='ltr'><strong>se·</strong></span> 
     </span>
     <span class='ocr_line' id='line_1_71' title="bbox 376 5086 1895 5176; baseline -0.003 -22"><span class='ocrx_word' id='word_1_465' title='bbox 376 5092 502 5176; x_wconf 90' lang='lat' dir='ltr'><strong>qui</strong></span> <span class='ocrx_word' id='word_1_466' title='bbox 545 5090 817 5162; x_wconf 88' lang='lat' dir='ltr'><strong>videtur,</strong></span> <span class='ocrx_word' id='word_1_467' title='bbox 852 5087 1021 5170; x_wconf 91' lang='lat' dir='ltr'><strong>quod</strong></span> <span class='ocrx_word' id='word_1_468' title='bbox 1054 5086 1137 5149; x_wconf 91' lang='lat' dir='ltr'><strong>sit</strong></span> <span class='ocrx_word' id='word_1_469' title='bbox 1180 5087 1243 5148; x_wconf 93' lang='lat' dir='ltr'><strong>in</strong></span> <span class='ocrx_word' id='word_1_470' title='bbox 1275 5103 1351 5149; x_wconf 89' lang='lat' dir='ltr'><strong>eo</strong></span> <span class='ocrx_word' id='word_1_471' title='bbox 1393 5086 1750 5169; x_wconf 86' lang='lat' dir='ltr'><strong>hypostasis</strong></span> <span class='ocrx_word' id='word_1_472' title='bbox 1779 5087 1895 5149; x_wconf 91' lang='lat' dir='ltr'><strong>hu-</strong></span> 
     </span>
     <span class='ocr_line' id='line_1_72' title="bbox 380 5184 1896 5269; baseline -0.003 -16"><span class='ocrx_word' id='word_1_473' title='bbox 380 5207 599 5255; x_wconf 79' lang='lat' dir='ltr'><strong>manae</strong></span> <span class='ocrx_word' id='word_1_474' title='bbox 628 5184 891 5269; x_wconf 86' lang='lat' dir='ltr'><strong>speciei,</strong></span> <span class='ocrx_word' id='word_1_475' title='bbox 924 5192 989 5247; x_wconf 89' lang='lat' dir='ltr'><strong>et</strong></span> <span class='ocrx_word' id='word_1_476' title='bbox 1019 5184 1103 5247; x_wconf 86' lang='lat' dir='ltr'><strong>ita</strong></span> <span class='ocrx_word' id='word_1_477' title='bbox 1134 5192 1324 5247; x_wconf 88' lang='lat' dir='ltr'><strong>erunt</strong></span> <span class='ocrx_word' id='word_1_478' title='bbox 1368 5184 1433 5246; x_wconf 91' lang='lat' dir='ltr'><strong>in</strong></span> <span class='ocrx_word' id='word_1_479' title='bbox 1479 5184 1727 5247; x_wconf 83' lang='lat' dir='ltr'><strong>Christo</strong></span> <span class='ocrx_word' id='word_1_480' title='bbox 1755 5185 1896 5248; x_wconf 80' lang='lat' dir='ltr'><strong>duae</strong></span> 
     </span>
     <span class='ocr_line' id='line_1_73' title="bbox 380 5282 1895 5377; baseline -0.004 -26"><span class='ocrx_word' id='word_1_481' title='bbox 380 5302 713 5377; x_wconf 82' lang='lat' dir='ltr'><strong>personae3</strong></span> <span class='ocrx_word' id='word_1_482' title='bbox 736 5301 865 5368; x_wconf 88' lang='lat' dir='ltr'><strong>quo</strong></span> <span class='ocrx_word' id='word_1_483' title='bbox 893 5300 1219 5358; x_wconf 87' lang='lat' dir='ltr'><strong>concesso,</strong></span> <span class='ocrx_word' id='word_1_484' title='bbox 1240 5288 1543 5367; x_wconf 89' lang='lat' dir='ltr'><strong>sequetur</strong></span> <span class='ocrx_word' id='word_1_485' title='bbox 1572 5282 1895 5347; x_wconf 85' lang='lat' dir='ltr'><strong>Christum</strong></span> 
     </span>
    </p>
   </div>
   <div class='ocr_carea' id='block_1_22' title="bbox 1997 3120 3502 3579">
    <p class='ocr_par' dir='ltr' id='par_1_24' title="bbox 1997 3120 3502 3579">
     <span class='ocr_line' id='line_1_74' title="bbox 1997 3120 3502 3204; baseline -0.002 -18"><span class='ocrx_word' id='word_1_486' title='bbox 1997 3140 2258 3186; x_wconf 88' lang='lat' dir='ltr'><strong>necesse</strong></span> <span class='ocrx_word' id='word_1_487' title='bbox 2278 3130 2375 3186; x_wconf 90' lang='lat' dir='ltr'><strong>est</strong></span> <span class='ocrx_word' id='word_1_488' title='bbox 2405 3128 2473 3185; x_wconf 91' lang='lat' dir='ltr'><strong>ut</strong></span> <span class='ocrx_word' id='word_1_489' title='bbox 2503 3122 2582 3185; x_wconf 90' lang='lat' dir='ltr'><strong>de</strong></span> <span class='ocrx_word' id='word_1_490' title='bbox 2615 3120 2944 3184; x_wconf 87' lang='lat' dir='ltr'><strong>intellectu</strong></span> <span class='ocrx_word' id='word_1_491' title='bbox 2973 3121 3248 3185; x_wconf 89' lang='lat' dir='ltr'><strong>hominis</strong></span> <span class='ocrx_word' id='word_1_492' title='bbox 3271 3122 3382 3204; x_wconf 92' lang='lat' dir='ltr'><strong>qui</strong></span> <span class='ocrx_word' id='word_1_493' title='bbox 3404 3128 3502 3185; x_wconf 87' lang='lat' dir='ltr'><strong>est</strong></span> 
     </span>
     <span class='ocr_line' id='line_1_75' title="bbox 1997 3220 3499 3303; baseline -0.002 -17"><span class='ocrx_word' id='word_1_494' title='bbox 1997 3222 2310 3294; x_wconf 88' lang='lat' dir='ltr'><strong>Christus,</strong></span> <span class='ocrx_word' id='word_1_495' title='bbox 2343 3220 2427 3283; x_wconf 88' lang='lat' dir='ltr'><strong>sit</strong></span> <span class='ocrx_word' id='word_1_496' title='bbox 2466 3220 2685 3284; x_wconf 89' lang='lat' dir='ltr'><strong>divina</strong></span> <span class='ocrx_word' id='word_1_497' title='bbox 2724 3220 3106 3303; x_wconf 88' lang='lat' dir='ltr'><strong>hypostasis,</strong></span> <span class='ocrx_word' id='word_1_498' title='bbox 3140 3239 3282 3303; x_wconf 85' lang='lat' dir='ltr'><strong>quae</strong></span> <span class='ocrx_word' id='word_1_499' title='bbox 3321 3229 3499 3284; x_wconf 85' lang='lat' dir='ltr'><strong>aeter-</strong></span> 
     </span>
     <span class='ocr_line' id='line_1_76' title="bbox 1997 3319 3500 3384; baseline 0.001 -2"><span class='ocrx_word' id='word_1_500' title='bbox 1997 3340 2079 3382; x_wconf 88' lang='lat' dir='ltr'><strong>na</strong></span> <span class='ocrx_word' id='word_1_501' title='bbox 2119 3326 2235 3383; x_wconf 89' lang='lat' dir='ltr'><strong>est.</strong></span> <span class='ocrx_word' id='word_1_502' title='bbox 2290 3320 2430 3383; x_wconf 67' lang='lat' dir='ltr'><strong>Haec</strong></span> <span class='ocrx_word' id='word_1_503' title='bbox 2472 3326 2687 3382; x_wconf 90' lang='lat' dir='ltr'><strong>autem</strong></span> <span class='ocrx_word' id='word_1_504' title='bbox 2729 3319 2807 3382; x_wconf 89' lang='lat' dir='ltr'><strong>de</strong></span> <span class='ocrx_word' id='word_1_505' title='bbox 2845 3319 3115 3382; x_wconf 90' lang='lat' dir='ltr'><strong>aliorum</strong></span> <span class='ocrx_word' id='word_1_506' title='bbox 3160 3319 3500 3384; x_wconf 90' lang='lat' dir='ltr'><strong>hominum</strong></span> 
     </span>
     <span class='ocr_line' id='line_1_77' title="bbox 2000 3416 3500 3500; baseline 0.001 -20"><span class='ocrx_word' id='word_1_507' title='bbox 2000 3417 2332 3481; x_wconf 87' lang='lat' dir='ltr'><strong>intellectu</strong></span> <span class='ocrx_word' id='word_1_508' title='bbox 2382 3435 2509 3480; x_wconf 91' lang='lat' dir='ltr'><strong>non</strong></span> <span class='ocrx_word' id='word_1_509' title='bbox 2558 3424 2672 3480; x_wconf 91' lang='lat' dir='ltr'><strong>est.</strong></span> <span class='ocrx_word' id='word_1_510' title='bbox 2729 3416 3138 3499; x_wconf 87' lang='lat' dir='ltr'><strong>Consequens</strong></span> <span class='ocrx_word' id='word_1_511' title='bbox 3197 3424 3294 3481; x_wconf 91' lang='lat' dir='ltr'><strong>est</strong></span> <span class='ocrx_word' id='word_1_512' title='bbox 3349 3436 3500 3500; x_wconf 84' lang='lat' dir='ltr'><strong>ergo</strong></span> 
     </span>
     <span class='ocr_line' id='line_1_78' title="bbox 2000 3515 3498 3579; baseline -0.001 0"><span class='ocrx_word' id='word_1_513' title='bbox 2000 3524 2073 3579; x_wconf 90' lang='lat' dir='ltr'><strong>ut</strong></span> <span class='ocrx_word' id='word_1_514' title='bbox 2098 3515 2388 3579; x_wconf 89' lang='lat' dir='ltr'><strong>Christus</strong></span> <span class='ocrx_word' id='word_1_515' title='bbox 2417 3533 2542 3579; x_wconf 91' lang='lat' dir='ltr'><strong>non</strong></span> <span class='ocrx_word' id='word_1_516' title='bbox 2577 3515 2825 3578; x_wconf 84' lang='lat' dir='ltr'><strong>dicatur</strong></span> <span class='ocrx_word' id='word_1_517' title='bbox 2852 3516 3123 3579; x_wconf 87' lang='lat' dir='ltr'><strong>univoce</strong></span> <span class='ocrx_word' id='word_1_518' title='bbox 3161 3515 3498 3579; x_wconf 89' lang='lat' dir='ltr'><strong>nobiscum</strong></span> 
     </span>
    </p>
   </div>
   <div class='ocr_carea' id='block_1_23' title="bbox 2001 3614 3784 3795">
    <p class='ocr_par' dir='ltr' id='par_1_25' title="bbox 2001 3614 3784 3795">
     <span class='ocr_line' id='line_1_79' title="bbox 2001 3614 3784 3699; baseline -0.001 -22"><span class='ocrx_word' id='word_1_519' title='bbox 2001 3616 2242 3679; x_wconf 90' lang='lat' dir='ltr'><strong>homo:</strong></span> <span class='ocrx_word' id='word_1_520' title='bbox 2284 3615 2453 3699; x_wconf 90' lang='lat' dir='ltr'><strong>quod</strong></span> <span class='ocrx_word' id='word_1_521' title='bbox 2497 3614 3070 3697; x_wconf 80' lang='lat' dir='ltr'><strong>praedeterminatis</strong></span> <span class='ocrx_word' id='word_1_522' title='bbox 3113 3622 3442 3697; x_wconf 83' lang='lat' dir='ltr'><strong>repugnat.</strong></span> <span class='ocrx_word' id='word_1_523' title='bbox 3523 3630 3600 3677; x_wconf 74' lang='lat' dir='ltr'><strong>uh.</strong></span> <span class='ocrx_word' id='word_1_524' title='bbox 3621 3630 3676 3685; x_wconf 85' lang='lat'><strong>11,</strong></span> <span class='ocrx_word' id='word_1_525' title='bbox 3700 3634 3784 3676; x_wconf 71' lang='lat' dir='ltr'><strong>ut.</strong></span> 
     </span>
     <span class='ocr_line' id='line_1_80' title="bbox 2078 3707 3574 3795; baseline -0.001 -19"><span class='ocrx_word' id='word_1_526' title='bbox 2078 3712 2250 3777; x_wconf 88' lang='lat' dir='ltr'><strong>Talia</strong></span> <span class='ocrx_word' id='word_1_527' title='bbox 2281 3719 2432 3775; x_wconf 88' lang='lat' dir='ltr'><strong>sunt</strong></span> <span class='ocrx_word' id='word_1_528' title='bbox 2469 3712 2663 3794; x_wconf 83' lang='lat' dir='ltr'><strong>igitur</strong></span> <span class='ocrx_word' id='word_1_529' title='bbox 2693 3731 2834 3795; x_wconf 82' lang='lat' dir='ltr'><strong>quae</strong></span> <span class='ocrx_word' id='word_1_530' title='bbox 2874 3712 3152 3774; x_wconf 87' lang='lat' dir='ltr'><strong>humana</strong></span> <span class='ocrx_word' id='word_1_531' title='bbox 3184 3711 3499 3792; x_wconf 88' lang='lat' dir='ltr'><strong>sapientia</strong></span> <span class='ocrx_word' id='word_1_532' title='bbox 3523 3707 3574 3738; x_wconf 71' lang='lat'><strong>¹¹*</strong></span> 
     </span>
    </p>
   </div>
   <div class='ocr_carea' id='block_1_24' title="bbox 1999 3810 3099 3893">
    <p class='ocr_par' dir='ltr' id='par_1_26' title="bbox 1999 3810 3099 3893">
     <span class='ocr_line' id='line_1_81' title="bbox 1999 3810 3099 3893; baseline -0.004 -18"><span class='ocrx_word' id='word_1_533' title='bbox 1999 3812 2232 3875; x_wconf 84' lang='lat' dir='ltr'><strong>divinae</strong></span> <span class='ocrx_word' id='word_1_534' title='bbox 2261 3810 2502 3893; x_wconf 84' lang='lat' dir='ltr'><strong>sophiae</strong></span> <span class='ocrx_word' id='word_1_535' title='bbox 2531 3810 2783 3873; x_wconf 86' lang='lat' dir='ltr'><strong>veritati</strong></span> <span class='ocrx_word' id='word_1_536' title='bbox 2815 3810 3099 3893; x_wconf 91' lang='lat' dir='ltr'><strong>opponit.</strong></span> 
     </span>
    </p>
   </div>
   <div class='ocr_carea' id='block_1_25' title="bbox 2443 4122 3058 4187">
    <p class='ocr_par' dir='ltr' id='par_1_27' title="bbox 2443 4122 3058 4187">
     <span class='ocr_line' id='line_1_82' title="bbox 2443 4122 3058 4187; baseline 0 0"><span class='ocrx_word' id='word_1_537' title='bbox 2443 4122 2933 4187; x_wconf 84' lang='lat' dir='ltr'><strong>ARTICULUS</strong></span> <span class='ocrx_word' id='word_1_538' title='bbox 2981 4122 3058 4187; x_wconf 89' lang='lat' dir='ltr'><strong>L.</strong></span> 
     </span>
    </p>
   </div>
   <div class='ocr_carea' id='block_1_26' title="bbox 2149 4280 3356 4341">
    <p class='ocr_par' dir='ltr' id='par_1_28' title="bbox 2149 4280 3356 4341">
     <span class='ocr_line' id='line_1_83' title="bbox 2149 4280 3356 4341; baseline -0.001 0"><span class='ocrx_word' id='word_1_539' title='bbox 2149 4281 2238 4341; x_wconf 76' lang='lat' dir='ltr'><strong>Ec</strong></span> <span class='ocrx_word' id='word_1_540' title='bbox 2285 4286 2376 4338; x_wconf 78' lang='lat' dir='ltr'><strong>est</strong></span> <span class='ocrx_word' id='word_1_541' title='bbox 2425 4280 2667 4339; x_wconf 76' lang='lat' dir='ltr'><strong>karum</strong></span> <span class='ocrx_word' id='word_1_542' title='bbox 2717 4280 3054 4339; x_wconf 81' lang='lat' dir='ltr'><strong>rationum</strong></span> <span class='ocrx_word' id='word_1_543' title='bbox 3101 4281 3356 4341; x_wconf 78' lang='lat' dir='ltr'><strong>solutiO.</strong></span> 
     </span>
    </p>
   </div>
   <div class='ocr_carea' id='block_1_27' title="bbox 2006 4491 3508 5364">
    <p class='ocr_par' dir='ltr' id='par_1_29' title="bbox 2144 4491 3505 4574">
     <span class='ocr_line' id='line_1_84' title="bbox 2144 4491 3505 4574; baseline 0.001 -18"><span class='ocrx_word' id='word_1_544' title='bbox 2144 4492 2247 4556; x_wconf 86' lang='grc' dir='ltr'><strong>ΟΝ</strong></span> <span class='ocrx_word' id='word_1_545' title='bbox 2295 4500 2392 4555; x_wconf 91' lang='lat' dir='ltr'><strong>est</strong></span> <span class='ocrx_word' id='word_1_546' title='bbox 2439 4500 2653 4556; x_wconf 90' lang='lat' dir='ltr'><strong>autem</strong></span> <span class='ocrx_word' id='word_1_547' title='bbox 2698 4492 2792 4555; x_wconf 90' lang='lat' dir='ltr'><strong>sic</strong></span> <span class='ocrx_word' id='word_1_548' title='bbox 2838 4491 3029 4555; x_wconf 88' lang='lat' dir='ltr'><strong>Verbi</strong></span> <span class='ocrx_word' id='word_1_549' title='bbox 3091 4492 3505 4574; x_wconf 83' lang='lat' dir='ltr'><strong>intelligenda</strong></span> 
     </span>
    </p>

    <p class='ocr_par' dir='ltr' id='par_1_30' title="bbox 2006 4589 3508 5364">
     <span class='ocr_line' id='line_1_85' title="bbox 2175 4589 3504 4673; baseline 0.001 -20"><span class='ocrx_word' id='word_1_550' title='bbox 2175 4591 2547 4665; x_wconf 90' lang='lat' dir='ltr'><strong>incarnatio,</strong></span> <span class='ocrx_word' id='word_1_551' title='bbox 2593 4590 2777 4673; x_wconf 84' lang='lat' dir='ltr'><strong>quasi</strong></span> <span class='ocrx_word' id='word_1_552' title='bbox 2821 4589 3102 4654; x_wconf 88' lang='lat' dir='ltr'><strong>Verbum</strong></span> <span class='ocrx_word' id='word_1_553' title='bbox 3153 4590 3504 4655; x_wconf 89' lang='lat' dir='ltr'><strong>formaliter</strong></span> 
     </span>
     <span class='ocr_line' id='line_1_86' title="bbox 2007 4688 3504 4773; baseline 0 -20"><span class='ocrx_word' id='word_1_554' title='bbox 2007 4696 2267 4773; x_wconf 89' lang='lat' dir='ltr'><strong>putetur</strong></span> <span class='ocrx_word' id='word_1_555' title='bbox 2313 4688 2562 4751; x_wconf 90' lang='lat' dir='ltr'><strong>homini</strong></span> <span class='ocrx_word' id='word_1_556' title='bbox 2616 4689 2866 4751; x_wconf 90' lang='lat' dir='ltr'><strong>unitum</strong></span> <span class='ocrx_word' id='word_1_557' title='bbox 2920 4706 2934 4751; x_wconf 72' lang='grc' dir='ltr'><strong>ι</strong></span> <span class='ocrx_word' id='word_1_558' title='bbox 2980 4689 3216 4752; x_wconf 89' lang='lat' dir='ltr'><strong>dicitur</strong></span> <span class='ocrx_word' id='word_1_559' title='bbox 3263 4691 3504 4773; x_wconf 89' lang='lat' dir='ltr'><strong>quippe</strong></span> 
     </span>
     <span class='ocr_line' id='line_1_87' title="bbox 2006 4787 3508 4871; baseline 0 -20"><span class='ocrx_word' id='word_1_560' title='bbox 2006 4790 2209 4851; x_wconf 86' lang='lat' dir='ltr'><strong>virtus</strong></span> <span class='ocrx_word' id='word_1_561' title='bbox 2249 4788 2314 4849; x_wconf 91' lang='lat' dir='ltr'><strong>in</strong></span> <span class='ocrx_word' id='word_1_562' title='bbox 2354 4805 2619 4869; x_wconf 87' lang='lat' dir='ltr'><strong>corpore</strong></span> <span class='ocrx_word' id='word_1_563' title='bbox 2650 4804 2776 4849; x_wconf 91' lang='lat' dir='ltr'><strong>non</strong></span> <span class='ocrx_word' id='word_1_564' title='bbox 2817 4787 2960 4849; x_wconf 89' lang='lat' dir='ltr'><strong>ideo</strong></span> <span class='ocrx_word' id='word_1_565' title='bbox 2997 4788 3326 4851; x_wconf 89' lang='lat' dir='ltr'><strong>dumtaxat</strong></span> <span class='ocrx_word' id='word_1_566' title='bbox 3354 4788 3508 4871; x_wconf 89' lang='lat' dir='ltr'><strong>quia</strong></span> 
     </span>
     <span class='ocr_line' id='line_1_88' title="bbox 2006 4885 3508 4968; baseline -0.001 -17"><span class='ocrx_word' id='word_1_567' title='bbox 2006 4895 2103 4951; x_wconf 90' lang='lat' dir='ltr'><strong>est</strong></span> <span class='ocrx_word' id='word_1_568' title='bbox 2131 4887 2197 4948; x_wconf 93' lang='lat' dir='ltr'><strong>in</strong></span> <span class='ocrx_word' id='word_1_569' title='bbox 2229 4903 2512 4968; x_wconf 87' lang='lat' dir='ltr'><strong>corpore.</strong></span> <span class='ocrx_word' id='word_1_570' title='bbox 2547 4886 2715 4947; x_wconf 87' lang='lat' dir='ltr'><strong>Deus</strong></span> <span class='ocrx_word' id='word_1_571' title='bbox 2753 4886 2925 4947; x_wconf 91' lang='lat' dir='ltr'><strong>enim</strong></span> <span class='ocrx_word' id='word_1_572' title='bbox 2968 4885 3030 4947; x_wconf 93' lang='lat' dir='ltr'><strong>in</strong></span> <span class='ocrx_word' id='word_1_573' title='bbox 3073 4885 3373 4949; x_wconf 89' lang='lat' dir='ltr'><strong>omnibus</strong></span> <span class='ocrx_word' id='word_1_574' title='bbox 3411 4894 3508 4949; x_wconf 91' lang='lat' dir='ltr'><strong>est</strong></span> 
     </span>
     <span class='ocr_line' id='line_1_89' title="bbox 2008 4984 3508 5065; baseline -0.001 -16"><span class='ocrx_word' id='word_1_575' title='bbox 2008 4995 2070 5049; x_wconf 91' lang='lat' dir='ltr'><strong>et</strong></span> <span class='ocrx_word' id='word_1_576' title='bbox 2112 4991 2343 5048; x_wconf 89' lang='lat' dir='ltr'><strong>cuncta</strong></span> <span class='ocrx_word' id='word_1_577' title='bbox 2387 4990 2712 5065; x_wconf 88' lang='lat' dir='ltr'><strong>penetrat;</strong></span> <span class='ocrx_word' id='word_1_578' title='bbox 2750 5000 2878 5045; x_wconf 90' lang='lat' dir='ltr'><strong>non</strong></span> <span class='ocrx_word' id='word_1_579' title='bbox 2921 4991 3134 5046; x_wconf 90' lang='lat' dir='ltr'><strong>tamen</strong></span> <span class='ocrx_word' id='word_1_580' title='bbox 3176 4984 3258 5046; x_wconf 91' lang='lat' dir='ltr'><strong>ob</strong></span> <span class='ocrx_word' id='word_1_581' title='bbox 3304 4984 3366 5048; x_wconf 90' lang='lat' dir='ltr'><strong>id</strong></span> <span class='ocrx_word' id='word_1_582' title='bbox 3411 4991 3508 5047; x_wconf 89' lang='lat' dir='ltr'><strong>est</strong></span> 
     </span>
     <span class='ocr_line' id='line_1_90' title="bbox 2007 5081 3507 5163; baseline 0 -16"><span class='ocrx_word' id='word_1_583' title='bbox 2007 5086 2210 5147; x_wconf 87' lang='lat' dir='ltr'><strong>virtus</strong></span> <span class='ocrx_word' id='word_1_584' title='bbox 2271 5082 2336 5144; x_wconf 92' lang='lat' dir='ltr'><strong>in</strong></span> <span class='ocrx_word' id='word_1_585' title='bbox 2393 5098 2659 5163; x_wconf 89' lang='lat' dir='ltr'><strong>corpore</strong></span> <span class='ocrx_word' id='word_1_586' title='bbox 2713 5097 2726 5143; x_wconf 90' lang='lat'>:</span> <span class='ocrx_word' id='word_1_587' title='bbox 2782 5081 2911 5145; x_wconf 91' lang='lat' dir='ltr'><strong>imo</strong></span> <span class='ocrx_word' id='word_1_588' title='bbox 2967 5100 3084 5145; x_wconf 90' lang='lat' dir='ltr'><strong>nec</strong></span> <span class='ocrx_word' id='word_1_589' title='bbox 3144 5081 3507 5147; x_wconf 85' lang='lat' dir='ltr'><strong>intellectus</strong></span> 
     </span>
     <span class='ocr_line' id='line_1_91' title="bbox 2009 5179 3508 5263; baseline -0.001 -18"><span class='ocrx_word' id='word_1_590' title='bbox 2009 5180 2290 5247; x_wconf 88' lang='lat' dir='ltr'><strong>hominis</strong></span> <span class='ocrx_word' id='word_1_591' title='bbox 2329 5186 2426 5242; x_wconf 92' lang='lat' dir='ltr'><strong>est</strong></span> <span class='ocrx_word' id='word_1_592' title='bbox 2458 5179 2663 5242; x_wconf 90' lang='lat' dir='ltr'><strong>virtus</strong></span> <span class='ocrx_word' id='word_1_593' title='bbox 2704 5179 2768 5241; x_wconf 89' lang='lat' dir='ltr'><strong>in</strong></span> <span class='ocrx_word' id='word_1_594' title='bbox 2801 5196 3083 5263; x_wconf 89' lang='lat' dir='ltr'><strong>corpore.</strong></span> <span class='ocrx_word' id='word_1_595' title='bbox 3120 5180 3367 5243; x_wconf 84' lang='lat' dir='ltr'><strong>Dicitur</strong></span> <span class='ocrx_word' id='word_1_596' title='bbox 3395 5182 3508 5263; x_wconf 83' lang='lat' dir='ltr'><strong>igi-</strong></span> 
     </span>
     <span class='ocr_line' id='line_1_92' title="bbox 2014 5278 3506 5364; baseline 0 -19"><span class='ocrx_word' id='word_1_597' title='bbox 2014 5290 2118 5345; x_wconf 90' lang='lat' dir='ltr'><strong>tur</strong></span> <span class='ocrx_word' id='word_1_598' title='bbox 2144 5279 2350 5343; x_wconf 86' lang='lat' dir='ltr'><strong>virtus</strong></span> <span class='ocrx_word' id='word_1_599' title='bbox 2392 5278 2458 5342; x_wconf 91' lang='lat' dir='ltr'><strong>in</strong></span> <span class='ocrx_word' id='word_1_600' title='bbox 2502 5296 2788 5363; x_wconf 87' lang='lat' dir='ltr'><strong>corpore,</strong></span> <span class='ocrx_word' id='word_1_601' title='bbox 2821 5296 2964 5363; x_wconf 79' lang='lat' dir='ltr'><strong>quoe</strong></span> <span class='ocrx_word' id='word_1_602' title='bbox 3004 5287 3103 5342; x_wconf 85' lang='lat' dir='ltr'><strong>est</strong></span> <span class='ocrx_word' id='word_1_603' title='bbox 3141 5296 3374 5364; x_wconf 88' lang='lat' dir='ltr'><strong>corpus</strong></span> <span class='ocrx_word' id='word_1_604' title='bbox 3411 5280 3506 5346; x_wconf 90' lang='lat' dir='ltr'><strong>in-</strong></span> 
     </span>
    </p>
   </div>
   <div class='ocr_carea' id='block_1_28' title="bbox 3574 3708 3614 3741">
    <p class='ocr_par' dir='ltr' id='par_1_31' title="bbox 3574 3708 3614 3741">
     <span class='ocr_line' id='line_1_93' title="bbox 3574 3708 3614 3741; baseline 0.1 -4"><span class='ocrx_word' id='word_1_605' title='bbox 3574 3708 3614 3741; x_wconf 72' lang='lat' dir='ltr'><strong>V·</strong></span> 
     </span>
    </p>
   </div>
  </div>
 </body>
</html>
