4300 6259
847 467 970 533 362

1489 491 1568 536 ΒΕ
1609 490 1836 537 Lunum
1877 490 2261 537 cumsrlANAE
2302 490 2603 549 THEORIAE,
2646 491 2823 537 LIBER
2864 492 2903 536 1.
2950 509 3029 520 —
3071 493 3209 538 ΛΒΤ.
3256 492 3315 540 cl

849 657 1262 740 perfectionis
1285 677 1302 740 3
1354 668 1419 724 et
1475 661 1616 725 ideo
1673 663 1886 724 anima
1941 661 2163 724 unitur
2210 679 2345 725 cor·
2374 659 2425 724 A
2457 662 2576 724 dus
2619 661 2720 725 his
2763 661 2875 744 qui
2916 661 3162 726 animas
3206 671 3453 745 ponunt
3489 660 3941 726 intellectuales

851 757 1014 839 pori,
1049 766 1120 820 ut
1163 779 1278 842 per
1321 779 1627 823 sensuum
1675 762 2102 825 ministerium
2143 762 2346 824 scien-

848 857 970 919 tias
1000 858 1306 940 acquirat.
1347 860 1518 923 Unde
1549 879 1674 923 non
1706 868 1955 943 oportet
1997 869 2064 922 ut
2103 862 2347 924 destru-

851 964 952 1018 cto
1001 956 1398 1038 imperfectO,
1453 958 1700 1022 scilicet
1755 961 2080 1034 sensitiv0,
2133 968 2350 1041 pereat

851 1053 1336 1118 intellectivum.
1398 1056 1657 1130 Quando
1723 1059 1895 1121 enim
1953 1059 2169 1121 anima
2236 1077 2349 1140 per

851 1170 1098 1226 sensuS,
1133 1173 1344 1216 rerum
1391 1156 1639 1238 species
1684 1156 1916 1230 hausit,
1961 1163 2114 1218 tunc
2162 1157 2347 1220 mini-

851 1250 1114 1312 sterium
1149 1271 1454 1315 sensuum
1487 1254 1878 1336 completum
1911 1263 2007 1318 est
2047 1257 2349 1337 quodam-

852 1348 1058 1410 modo.
1093 1350 1545 1414 Verumtamen
1577 1353 1727 1435 quia
1766 1355 1978 1416 anima
2017 1362 2226 1417 creata
2255 1362 2353 1416 est

852 1446 917 1507 in
964 1447 1190 1511 umbra
1235 1448 1695 1532 intelligentiae,
1735 1452 1875 1515 ideo
1913 1471 2109 1534 capax
2155 1461 2252 1515 est
2282 1452 2352 1515 il-

851 1543 1290 1609 luminationis
1339 1548 1418 1610 ab
1469 1550 1910 1631 intelligentia,
1961 1551 2015 1613 si
2063 1551 2349 1614 nondum

850 1661 1066 1706 rerum
1103 1646 1504 1710 sensibilium
1547 1650 1937 1730 agnitionem
1967 1651 2196 1732 adepta
2226 1651 2347 1712 sit:

849 1741 1018 1804 sicut
1047 1744 1124 1806 de
1155 1743 1492 1808 infantium
1521 1746 1852 1810 animabus
1872 1747 2084 1812 dicere
2114 1748 2352 1811 habent

2456 769 2521 823 et
2576 762 2930 824 secundum
2987 779 3255 843 corpora
3310 760 3833 844 multiplicabiles
3884 769 3943 822 et

2457 859 2874 933 immortaleS,
2925 878 2997 922 ac
3044 861 3462 924 aeternitatem
3513 861 3761 934 mundi,
3806 859 3947 923 licet

2458 959 2645 1020 multi
2692 959 2877 1040 plura
2918 959 3057 1022 sine
3102 959 3315 1022 fructu
3362 960 3575 1024 dicant
3610 977 3623 1022 :
3666 959 3791 1022 nisi
3834 959 3947 1021 for-

2458 1057 2622 1120 sitan
2668 1057 2813 1140 quis
2859 1058 3212 1122 Platonicos
3257 1059 3413 1121 velit
3455 1059 3659 1140 sequi,
3704 1058 3819 1140 qui
3865 1077 3951 1120 se·

2459 1157 2743 1219 cundum
2788 1157 3209 1220 determinata
3250 1165 3616 1240 temporum
3666 1155 3951 1219 interval-

2460 1254 2538 1328 la,
2590 1255 2911 1337 ponebant
2967 1256 3221 1318 easdem
3280 1257 3525 1318 animas
3583 1254 3953 1338 corporibus

2460 1353 2525 1416 in
2558 1353 2887 1416 infinitum
2919 1354 3181 1416 reuniri.
3217 1354 3339 1417 Sed
3370 1355 3523 1437 quia
3559 1354 3695 1418 haec
3726 1352 3955 1436 positio

2458 1451 2779 1515 Aristoteli
2844 1470 2967 1515 non
3031 1453 3292 1535 placuit,
3353 1460 3417 1515 et
3471 1453 3815 1516 Avicennae
3870 1469 3957 1513 re-

2460 1551 2719 1633 sponsio
2776 1549 3091 1613 mirabilis
3146 1551 3330 1614 valde
3389 1551 3662 1624 videtur,
3724 1550 3956 1612 diversi

2461 1649 2859 1731 Peripatetici
2930 1649 2995 1711 in
3060 1656 3375 1712 extremas
3441 1649 3577 1710 vias
3644 1648 3956 1710 abierunt.

2459 1747 2618 1810 Nam
2677 1747 2937 1829 quidam
2987 1748 3183 1828 (sicut
3234 1747 3621 1827 Alexander)
3665 1746 3961 1810 dicebant

849 1839 1236 1924 philosophi.
1291 1845 1411 1907 Sed
1469 1846 1602 1909 haec
1651 1846 2036 1910 illuminatio
2085 1846 2350 1910 confusa
2384 1845 2432 1906 B
2460 1845 2739 1909 animam
2773 1847 2983 1928 perire
3014 1865 3161 1907 cum
3194 1863 3478 1927 corpore.
3514 1846 3957 1908 Verumtamen

850 1947 946 2001 est
975 1947 1039 2002 et
1067 1941 1340 2004 multum
1375 1943 1788 2027 imperfecta:
1824 1945 1967 2008 ideo
1997 1943 2349 2007 naturalius

851 2045 948 2100 est
975 2039 1206 2104 animae
1253 2042 1430 2123 prius
1469 2063 1584 2125 per
1621 2045 1906 2126 corporis
1945 2063 2195 2118 sensuS,
2229 2042 2375 2106 sor-·

851 2155 988 2198 mas
1048 2146 1112 2200 et
1166 2140 1465 2202 scientias
1525 2160 1737 2203 rerum
1796 2141 2087 2224 adipisci,
2139 2149 2209 2203 ut
2257 2142 2349 2204 sic

851 2253 1050 2316 capax
1107 2236 1224 2299 fiat
1280 2247 1340 2300 et
1398 2238 1766 2321 aptificetur
1811 2241 1890 2302 ad
1941 2240 2352 2302 illuminatio·

851 2353 1002 2397 nem
1062 2335 1422 2400 intellectus
1479 2339 1774 2420 separati.
1824 2340 2069 2421 Nempe
2125 2347 2351 2401 natura

852 2431 1008 2494 facit
1053 2435 1219 2516 quod
1271 2436 1502 2498 melius
1551 2444 1665 2499 est.
1720 2438 1941 2501 Melius
1989 2445 2205 2500 autem
2254 2445 2348 2500 est

851 2530 1222 2596 indistincte
1251 2533 1600 2597 illuminari
1632 2544 1695 2598 et
1722 2536 2150 2618 contemplari,
2167 2554 2351 2618 quam

851 2630 1108 2712 penitus
1146 2649 1274 2694 non
1314 2651 1454 2696 esse
1489 2652 1503 2695 ε
1538 2642 1601 2697 et
1640 2635 1782 2697 ideo
1823 2635 2185 2697 intellectus
2214 2652 2348 2697 om-

851 2728 952 2790 nis
994 2731 1258 2792 omnino
1301 2731 1807 2814 incorruptibilis
1850 2740 1963 2795 est.

931 2828 1025 2890 Ad
1081 2828 1236 2890 alias
1297 2838 1524 2893 autem·
1570 2832 1726 2893 duas
1787 2831 2062 2894 rationes
2113 2830 2347 2893 diversi

853 2926 1280 2989 diversimode
1338 2930 1742 3010 respondent.
1795 2931 2120 2991 Avicenna
2176 2930 2350 2991 enim

2460 1944 2612 2006 huic
2642 1943 2929 2025 opinioni
2962 1944 3142 2025 pauci
3173 1944 3511 2007 admodum
3540 1944 3957 2007 adhaeserunt„

2458 2043 2615 2104 Nam
2674 2043 2840 2104 sicut
2892 2050 3221 2111 ostensum
3274 2049 3393 2115 est,
3456 2061 3679 2105 omnes
3750 2041 3963 2104 melio·

2460 2160 2561 2204 res
2594 2140 3157 2222 Peripateticorum
3188 2149 3252 2203 et
3282 2141 3639 2204 Stoicorum
3668 2140 3965 2202 dixerunt

2460 2240 2851 2302 intellectum
2922 2257 3177 2321 prorsus
3246 2239 3781 2302 indissolubilem.
3848 2239 3965 2301 Sed

2460 2357 2540 2401 ne
2599 2338 2979 2400 infinitatem
3026 2339 3375 2400 animarum
3431 2336 3966 2420 compellerentur

2460 2437 2817 2511 admittere,
2855 2437 3114 2519 quidam
3154 2439 3255 2518 (ut
3294 2436 3607 2500 Averroes
3644 2443 3707 2498 et
3736 2436 3965 2498 Avem-

2460 2543 2608 2618 pote
2653 2543 2717 2598 et
2759 2535 3159 2616 Abubather)
3201 2534 3523 2617 ponebant
3574 2533 3966 2596 intellectua-

2465 2635 2588 2697 lem
2636 2641 2927 2695 naturam
2976 2651 3103 2696 non
3148 2632 3524 2705 formaliter,
3556 2633 3667 2695 sed
3710 2649 3834 2713 per
3876 2649 3967 2692 re-

2462 2732 2931 2815 splendentiam
2981 2732 3325 2814 quamdam
3375 2731 3547 2793 uniri
3598 2730 3791 2793 nobis
3843 2746 3859 2792 :
3908 2737 3967 2790 et

2462 2831 2554 2894 sic
2598 2829 2899 2895 omnibus
2948 2829 3336 2892 animalibus
3386 2828 3837 2912 pereuntibuS,
3882 2847 3971 2890 re-

2464 2937 2748 2992 maneret
2776 2931 3108 2991 dumtaxat
3133 2929 3453 3010 quoddam
3482 2926 3851 2990 universale
3880 2927 3969 2988 lu·

855 3032 920 3086 et
946 3024 1243 3088 Albertus
1275 3035 1335 3089 et
1368 3028 1550 3088 multi
1587 3028 2114 3110 philosophorum
2147 3028 2353 3090 solen-
2383 3029 2427 3093 G
2468 3046 2614 3090 men
2648 3026 3085 3108 intelligentiae
3116 3035 3421 3108 separatae
3450 3044 3593 3108 quae
3624 3025 3968 3088 illustravit.

854 3124 1130 3199 niorum,
1155 3126 1378 3187 dicunt
1405 3126 1686 3190 animam
1719 3127 1780 3188 in
1815 3128 1934 3189 hoc
1967 3134 2132 3189 statu
2168 3145 2351 3207 posse

853 3222 1240 3285 substantias
1281 3232 1600 3305 separatas
1643 3226 2035 3306 conspicere,
2069 3233 2131 3287 et
2170 3225 2351 3306 quid-

852 3323 1079 3385 ditates
1137 3342 1354 3386 rerum
1401 3324 1539 3386 sine
1589 3324 2104 3406 phantasmatum
2166 3325 2353 3387 intui-

852 3421 1026 3484 tione
1071 3422 1510 3503 contemplari.
1559 3422 1963 3485 Aristotelem
2002 3431 2216 3485 autem
2261 3423 2353 3485 di·

854 3528 1009 3581 cunt
1067 3519 1352 3582 locutum
1410 3521 1488 3583 de
1548 3520 1945 3602 primordiali
1991 3521 2351 3602 specierum

854 3618 1212 3700 adeptione.
1235 3619 1505 3683 Thomas
1537 3639 1689 3682 vero
1721 3620 2063 3701 respondet
2091 3621 2168 3681 ad
2201 3621 2354 3682 duas

855 3717 968 3778 has
1012 3718 1306 3792 rationeS,
1354 3719 1524 3800 quod
1569 3718 1795 3781 modus
1838 3718 2142 3800 operandi
2190 3718 2354 3799 pari·

857 3815 1088 3878 ficatur
1145 3817 1334 3879 modo
1384 3817 1657 3880 essendi.
1709 3818 1777 3878 ln
1827 3834 2092 3898 corpore
2139 3823 2355 3878 autem

856 3916 1192 3990 exsistenS,
1224 3917 1438 3978 anima
1476 3917 1676 3978 alium
1721 3915 1912 3978 habet
1960 3916 2219 3978 modum
2259 3933 2355 3977 es-

858 4015 1038 4078 sendi
1070 4034 1262 4097 quam
1294 4023 1583 4098 separata
1618 4030 1630 4074 :
1665 4023 1729 4077 et
1759 4015 1844 4076 ita
1873 4014 2025 4097 quia
2068 4013 2355 4095 corporis

858 4113 1065 4176 forma
1108 4123 1221 4188 est,
1255 4135 1291 4177 a
1331 4113 1654 4178 sensitivis
1699 4114 2000 4196 potentiis
2038 4112 2357 4194 dependet

2462 3127 2730 3201 animaS,
2764 3126 3305 3206 quemadmodum
3338 3125 3587 3187 cunctis
3626 3123 3969 3186 destructis

2464 3223 2809 3298 coloribuS,
2829 3231 3116 3286 remanet
3147 3223 3507 3286 universale
3538 3223 3758 3284 lumen
3794 3222 3963 3285 solis

2465 3322 2694 3385 Contra
2753 3321 2915 3384 hanc
2972 3329 3185 3384 autem
3244 3320 3585 3383 falsitatem
3650 3321 3965 3402 prolixius

2461 3422 2595 3502 jam
2652 3420 3049 3502 disputatum
3108 3427 3225 3482 est.
3279 3418 3575 3481 Ceterum
3623 3419 3781 3501 quid
3832 3418 3966 3481 Ari·
3990 3439 4161 3477 artae.

2464 3519 2721 3582 stoteles
2764 3519 2841 3580 ad
2886 3517 3019 3580 haec
3063 3519 3324 3590 diceret,
3356 3525 3575 3599 aperte
3616 3535 3745 3580 non
3790 3517 3965 3579 inve-

2465 3619 2641 3680 nitur
2694 3617 2775 3679 ab
2833 3635 2909 3680 eo
2968 3617 3234 3679 dictum.
3288 3616 3465 3679 Unde
3522 3615 3718 3678 etiam
3778 3615 3965 3677 multi

2467 3723 2691 3798 putant
2740 3733 2888 3777 eum
2940 3715 3217 3777 sensisse
3264 3714 3544 3776 animam
3604 3714 3743 3776 fore
3800 3731 3964 3776 mor—

2465 3815 2677 3878 talem.

2892 4075 3385 4140 ARTICULUS
3430 4076 3537 4139 CI.

857 4214 1068 4276 omnis
1099 4234 1214 4276 sua
1242 4213 1527 4295 operatio
1557 4213 1864 4296 quamdiu
1905 4211 2191 4294 corporis
2230 4212 2355 4274 for·
2386 4211 2435 4273 D
2548 4219 2734 4285 Quod
2774 4217 3127 4275 secundum
3170 4214 3613 4284 Aristotelem,
3660 4217 3891 4274 ani-ma

861 4331 964 4374 ma
1021 4319 1326 4374 remanet.
1390 4312 1511 4375 Sed
1570 4312 1721 4393 quia
1784 4311 1890 4373 tali
1949 4310 2168 4373 formae
2226 4327 2354 4371 non

613 4442 634 4469 r
691 4441 828 4476 xcvm,
859 4418 1172 4493 repugnat
1210 4411 1373 4472 alius
1415 4411 1639 4473 modus
1668 4409 1918 4490 agendi,
1953 4408 2120 4472 sicut
2146 4416 2355 4470 osten-

859 4528 1004 4574 sum
1048 4516 1164 4582 cst,
1200 4508 1342 4570 ideo
1384 4507 1661 4590 separari
1709 4515 1931 4590 potest.

939 4610 1225 4691 Sequens
1271 4609 1429 4670 ratio
1472 4606 1766 4669 difficilis
1814 4613 1911 4667 est
1957 4605 2162 4667 valde.
2210 4605 2355 4666 Avi-

857 4727 1060 4772 cenna
1102 4725 1380 4789 namque
1421 4714 1484 4768 et
1517 4704 1768 4786 Algazel
1807 4704 2155 4766 admittunt
2190 4721 2355 4776 eam,

858 4827 976 4870 nec
1007 4807 1245 4869 habent
1275 4823 1390 4887 pro
1422 4803 1897 4867 inconvenienti
1931 4820 2070 4864 esse
2103 4801 2359 4864 infinita

860 4922 1128 4967 numero
1177 4904 1241 4966 in
1285 4903 1386 4965 his
1432 4922 1574 4985 quae
1619 4919 1745 4964 non
1787 4900 2025 4964 habent
2065 4900 2358 4962 ordinem

858 5003 935 5065 ad
977 5003 1252 5064 invicem
1293 5018 1501 5083 neque
1541 4999 1947 5062 essentialem
1986 4997 2359 5061 subordina-

861 5102 1125 5173 tionem,
1159 5101 1327 5162 sicut
1356 5106 1523 5162 esset
1551 5099 1630 5160 de
1660 5097 1996 5160 animabus
2027 5095 2355 5178 separatis.

865 5199 941 5262 Et
991 5198 1140 5259 licet
1186 5198 1319 5261 haec
1381 5197 1613 5278 positio
1672 5196 1962 5259 videatur
2022 5193 2359 5266 mirabiliS,

865 5315 994 5360 non
1025 5303 1240 5358 tamen
1270 5301 1536 5377 apparet
1571 5293 1733 5357 alter
1771 5291 2198 5376 respondendi
2232 5309 2362 5356 mo-

2742 4305 3091 4366 rationalis
3140 4305 3225 4363 sit
3276 4305 3691 4364 immortalia.

2544 4503 2595 4566 N
2636 4503 2978 4565 undecimo
3020 4510 3235 4564 autem
3279 4501 3503 4564 Primae
3546 4499 3971 4582 philosophiae

2572 4609 2792 4665 contra
2819 4600 3144 4663 Platonem
3174 4599 3457 4681 loquenS,
3480 4593 3853 4661 Aristoteles
3883 4599 3973 4660 ait

2468 4701 2637 4784 quod
2667 4718 2875 4762 causae
2907 4706 3235 4761 moventes
3276 4715 3389 4760 seu
3427 4697 3790 4760 efficientes
3821 4707 3973 4760 sunt

2469 4800 2713 4883 priores
2744 4797 3042 4870 causatiS,
3077 4814 3201 4858 non
3245 4802 3459 4859 autem
3498 4815 3706 4860 causae
3736 4796 3973 4860 forma·

2470 4898 2561 4960 les
2596 4914 2609 4958 :
2646 4897 2712 4957 in
2743 4895 2967 4957 eodem
2999 4893 3237 4956 etenim
3268 4901 3418 4954 sunt
3446 4893 3640 4955 simul
3678 4901 3973 4976 tempore

2468 5003 2647 5058 actus
2705 5001 2769 5056 et
2826 4991 3127 5074 potentia.
3182 4991 3303 5054 Sed
3360 4991 3531 5054 Plato
3588 4991 3751 5052 dixit
3798 4991 3975 5055 ideas

2471 5094 2709 5157 formas
2752 5109 2893 5153 esse
2936 5108 3153 5152 rerum
3198 5097 3261 5152 et
3310 5089 3764 5171 praeexsistere.
3812 5089 3975 5152 Con-

2473 5198 2595 5255 stat
2650 5191 2883 5262 denuo,
2933 5188 3217 5250 animam
3266 5187 3638 5251 rationalem
3686 5189 3977 5270 corporis

2476 5291 2749 5354 sormam
2780 5305 2939 5350 esse.
2972 5286 3064 5350 Ne
3094 5303 3245 5368 ergo
3282 5285 3427 5367 quis
3464 5286 3806 5350 aestimaret
3832 5286 3978 5352 Phi-
