4300 6259
1084 511 1507 560 samntio
1545 509 1946 559 motomm.
1992 529 2069 542 ·-
2112 511 2194 559 ΒΕ
2233 511 2352 560 nlo
2395 513 2516 560 UNO
2555 513 2631 559 81·
2667 513 2853 560 ‘mmo

3401 497 3514 560 141

396 680 649 764 cipinm
708 681 957 766 quippe
1020 682 1399 766 appellatur,
1458 701 1497 745 a
1560 699 1689 764 quo
1752 680 1907 763 quid
1938 681 1990 744 A
2020 681 2174 744 hinc
2203 699 2330 746 non
2361 688 2458 744 est
2489 681 2553 745 in
2593 681 2762 757 fieri,
2795 701 3005 765 neque
3045 681 3110 745 in
3149 681 3318 746 facto
3353 701 3516 758 esse,

397 780 711 862 procedit.
760 780 901 844 Non
942 788 1157 845 tamen
1198 780 1571 844 conceditur
1600 779 1770 862 quod
1801 778 1909 842 Pa-

395 885 499 942 ter
553 879 636 942 sit
687 879 833 942 Filii
890 898 1083 942 causa
1132 897 1147 942 ε
1199 879 1502 962 quoniam
1552 897 1743 942 causa
1788 883 1904 952 est,

396 978 479 1040 ad
536 977 727 1059 cujus
784 996 926 1040 esse
976 977 1267 1060 sequitur
1314 977 1531 1055 aliud3
1582 995 1711 1040 una
1757 992 1911 1039 vero

400 1075 621 1138 divina
660 1093 935 1158 persona
982 1093 1111 1140 non
1156 1081 1255 1138 est
1298 1075 1475 1137 aliud
1524 1093 1717 1157 quam
1760 1072 1907 1148 alia,

404 1192 607 1256 quum
654 1177 853 1234 aliud
898 1181 1072 1238 notet
1118 1173 1555 1237 diversitatem
1614 1171 1909 1235 substan-

404 1272 529 1334 tiae.
592 1271 729 1335 lme
796 1289 915 1334 nec
974 1271 1233 1354 proprie
1296 1270 1671 1334 conceditur
1736 1269 1907 1352 quod

406 1369 605 1433 Filius
641 1369 728 1431 sit
765 1369 1191 1452 principiatus
1228 1387 1265 1431 a
1294 1369 1493 1441 Patre,
1528 1387 1607 1431 ne
1650 1375 1909 1451 putetur

404 1469 583 1531 Patre
640 1469 975 1550 posterior.
1038 1467 1491 1556 Verumtamen
1550 1465 1751 1531 Graeci
1817 1465 1907 1529 fa-

402 1574 620 1630 tentur
660 1566 832 1648 quod
874 1565 1055 1630 Pater
1096 1565 1179 1628 sit
1222 1564 1365 1628 Filii
1410 1582 1622 1638 causa,
1654 1572 1717 1627 et
1756 1565 1909 1628 item

402 1664 573 1746 quod
612 1663 811 1726 Filius
854 1664 943 1728 sit
986 1663 1409 1746 principiatus
1446 1682 1483 1725 a
1526 1663 1726 1738 Patre,
1758 1663 1911 1744 quia

402 1761 577 1844 large
616 1761 991 1825 nominibus
1034 1761 1135 1824 his
1177 1769 1464 1824 utuntur.

2018 782 2131 843 sed
2175 781 2243 843 in
2289 781 2652 844 invariabili
2695 800 2855 846 esse.
2889 781 3118 864 Aptius
3160 790 3374 846 tamen
3416 801 3520 846 ex-

2021 879 2324 961 primitur
2355 897 2469 962 per
2499 881 2893 962 praeteritum
2943 899 3138 963 quam
3191 898 3306 962 per
3349 879 3520 943 futu-

2021 995 2188 1051 rum,
2222 997 2302 1040 ne
2347 978 2628 1042 nondum
2662 978 2944 1061 perfecta
2983 986 3093 1042 aut
3135 977 3524 1061 incompleta

2022 1083 2302 1158 putetur.
2357 1077 2482 1140 Nec
2531 1079 2822 1160 sequitur
2873 1095 2887 1140 :
2933 1077 3132 1140 Filius
3179 1077 3289 1141 Dei
3336 1085 3522 1140 natus

2020 1179 2137 1246 est,
2171 1190 2323 1254 ergo
2367 1173 2629 1256 incepit,
2660 1181 2726 1237 et
2767 1172 3012 1256 aliquid
3057 1190 3134 1237 eo
3177 1181 3274 1237 est
3317 1173 3519 1255 prius,

2022 1276 2087 1332 et
2142 1269 2268 1332 fuit
2322 1272 2576 1352 quando
2632 1289 2758 1335 non
2811 1278 2964 1334 erat.
3016 1271 3199 1335 Actio
3245 1289 3523 1353 namque

2024 1369 2332 1432 naturalis
2360 1377 2460 1433 est
2487 1389 2696 1434 coaeva
2733 1365 2990 1451 agenti3
3030 1378 3094 1432 et
3135 1369 3334 1432 multa
3373 1377 3526 1433 sunt

2022 1484 2059 1527 a
2104 1468 2380 1548 quodam
2429 1467 2773 1549 principio,
2819 1485 2946 1530 non
2997 1476 3209 1530 tamen
3259 1468 3372 1530 illo
3413 1485 3521 1550 po-

2022 1565 2290 1628 steriora
2321 1583 2336 1628 ε
2371 1572 2444 1628 ut
2485 1565 2788 1648 splendor
2815 1584 2852 1627 a
2884 1564 3048 1640 luce,
3090 1565 3306 1629 radius
3349 1585 3386 1628 a
3428 1566 3522 1629 lu-

2024 1664 2222 1738 mine,
2281 1663 2456 1728 calor
2509 1663 2590 1728 ab
2653 1665 2820 1746 igne,
2872 1664 3100 1728 umbra
3155 1684 3194 1728 a
3250 1664 3524 1746 virgulto

2024 1767 2228 1824 stante
2289 1761 2354 1824 in
2414 1761 2648 1836 littore,
2707 1761 3050 1842 vestigium
3108 1781 3145 1824 a
3213 1760 3515 1826 calcante.

484 1859 675 1923 Porro
720 1859 775 1922 si
820 1859 1041 1932 instes,
1089 1859 1393 1943 quoniam
1446 1859 1777 1942 implicare
1819 1858 1911 1922 vi·
1946 1860 1995 1925 B
2022 1859 2172 1922 Ideo
2227 1859 2763 1924 excaecatissimus
2819 1859 2946 1923 fuit
2996 1859 3522 1923 sceleratissimus

402 1958 593 2021 detur
636 1958 806 2040 quod
845 1957 1243 2040 principium
1280 1975 1409 2021 non
1452 1957 1537 2021 sit
1574 1959 1755 2041 prius
1798 1957 1913 2021 illo

402 2056 577 2138 quod
622 2056 913 2139 procedit
950 2056 1031 2118 ab
1068 2057 1227 2138 ipso,
1270 2075 1473 2139 quum
1514 2055 1907 2139 principium

402 2155 493 2217 sit
534 2153 701 2228 fonS,
740 2163 805 2216 et
844 2154 1199 2238 procedens
1242 2173 1279 2216 a
1324 2153 1646 2237 principio
1690 2154 1909 2234 rivus;

400 2261 589 2335 pater
628 2271 885 2336 quoque
927 2253 1287 2316 necessario
1330 2259 1428 2316 est
1463 2253 1680 2335 aliquo
1722 2253 1913 2316 modo

401 2352 583 2434 prior
622 2350 764 2415 filio
806 2367 945 2426 suo,
990 2358 1055 2414 et
1103 2350 1271 2414 inter
1318 2369 1621 2434 personas
1661 2358 1912 2434 oportet

397 2449 687 2532 aliquem
716 2449 1009 2512 ordinem
1037 2467 1197 2513 esse.
1214 2449 1591 2524 Dicendum,
1612 2450 1781 2531 quod
1811 2465 1909 2512 or-

398 2549 489 2612 do
517 2549 751 2611 dicitur
778 2565 895 2630 per
922 2547 1461 2630 comparationem
1489 2548 1567 2610 ad
1599 2548 1911 2631 quoddam

399 2645 821 2729 principium.
854 2645 1015 2708 Hinc
1054 2645 1224 2708 sicut
1262 2645 1655 2728 principium
1696 2646 1911 2709 multi-

401 2745 665 2826 pliciter
694 2743 951 2818 dicitur,
984 2751 1177 2826 puta:
1202 2744 1557 2807 secundum
1588 2743 1807 2820 situm,
1841 2753 1915 2808 ut

401 2841 1115 2924 punctus3secundum
1160 2839 1581 2916 intellectum,
1623 2849 1697 2904 ut
1736 2843 1911 2926 prin-

400 2939 655 3022 cipium
682 2939 1275 3018 demonstrationis3
1306 2947 1371 3001 et
1399 2941 1755 3004 seeundum
1787 2939 1913 3004 sin-

397 3038 587 3120 gulas
627 3056 845 3102 causas
878 3055 893 3100 ε
926 3039 1019 3101 sic
1056 3038 1211 3102 ordo
1248 3038 1313 3100 in
1352 3036 1585 3102 divinis
1624 3039 1913 3121 designat
1946 3037 1991 3104 C

400 3136 793 3220 principium
848 3137 1203 3200 secundum
1270 3137 1609 3218 originem,
1667 3137 1911 3219 absque

399 3235 739 3318 prioritate
768 3236 945 3298 omni
976 3243 1293 3318 proetacta.
1328 3235 1407 3298 Et
1435 3235 1541 3298 hic
1570 3235 1726 3299 ordo
1754 3235 1911 3298 dici·

398 3343 513 3396 tur
550 3334 706 3398 ordo
746 3341 1009 3408 naturae,
1054 3334 1409 3396 secundum
1457 3333 1909 3415 Augustinum,

400 3450 537 3496 non
566 3450 691 3514 quo
716 3432 879 3495 alter
906 3432 1079 3515 prior
1106 3431 1191 3494 sit
1216 3431 1431 3506 altero,
1454 3433 1565 3495 sed
1596 3448 1722 3514 quo
1749 3432 1911 3496 alius

399 3531 697 3615 procedit
722 3529 805 3594 ab
832 3530 977 3594 alio.
1000 3531 1245 3594 Dicitur
1262 3548 1519 3614 quoque
1548 3531 1705 3594 ordo
1734 3539 1910 3595 natu-

402 3649 519 3701 τω,
550 3645 679 3691 non
707 3628 875 3711 quod
912 3629 1133 3694 divina
1172 3635 1393 3691 natura
1428 3628 1769 3702 ordinetur,
1798 3629 1911 3692 sed

402 3727 577 3810 quod
596 3726 751 3790 ordo
774 3726 837 3789 in
860 3726 1151 3809 personis
1182 3726 1536 3790 secundum
1560 3728 1913 3791 naturalem

402 3825 725 3907 originem
768 3825 1119 3888 attenditur
1164 3843 1179 3888 ε
1226 3844 1377 3888 nam
1422 3824 1531 3888 ubi
1580 3825 1913 3908 pluralitas

400 3923 547 3986 sine
576 3923 823 3997 ordine,
856 3922 947 3985 ibi
977 3923 1289 3988 confusio.
1322 3924 1582 3997 RursuS,
1615 3925 1913 4006 quamvis

404 4023 539 4085 sint
568 4022 740 4085 idem
770 4021 1049 4086 essentia
1076 4029 1140 4085 et
1168 4030 1415 4096 natura,
1450 4022 1663 4105 potius
1696 4030 1909 4086 tamen

404 4121 567 4184 ordo
612 4129 855 4184 naturae
900 4139 1095 4204 quam
1142 4120 1437 4183 essentiae
1480 4129 1910 4203 nuncupatur,

2022 1956 2233 2031 Arius,
2293 1975 2530 2040 negans
2589 1958 2820 2022 Filium
2878 1958 3042 2021 Patri
3110 1965 3520 2062 cqaeternum,

2023 2072 2224 2135 quum
2267 2062 2332 2118 et
2375 2056 2728 2118 secundum
2773 2055 3212 2138 philosophos,
3245 2055 3524 2118 mundus

2022 2151 2219 2214 fuerit
2246 2169 2284 2214 a
2313 2151 2462 2226 Dee,
2509 2159 2574 2216 et
2613 2160 2826 2217 tamen
2865 2171 2904 2214 a
2941 2153 3070 2216 Deo
3119 2151 3522 2235 profluxerit,

2021 2267 2057 2310 a
2106 2267 2237 2331 quo
2282 2248 2586 2312 omnibus
2633 2249 3181 2314 communicatum
3241 2258 3339 2314 est
3383 2269 3524 2314 esse

2022 2355 2087 2412 et
2139 2349 2380 2412 vivere.
2434 2348 2626 2412 Porro
2685 2349 2750 2412 in
2807 2349 2909 2412 his
2969 2349 3080 2412 ubi
3141 2349 3405 2412 materia
3461 2356 3527 2412 et

2020 2447 2358 2528 dispositio
2407 2448 2776 2530 praecedunt
2816 2467 2956 2511 esse
3001 2447 3420 2530 completum,
3461 2455 3529 2510 et

2020 2547 2347 2627 generatio
2382 2553 2480 2608 est
2516 2547 2620 2609 via
2657 2564 2732 2610 ac
2771 2547 3058 2610 medium
3095 2547 3174 2610 de
3215 2563 3342 2610 non
3384 2565 3526 2610 esse

2019 2645 2099 2706 ad
2140 2663 2304 2718 esse,
2353 2661 2482 2708 non
2531 2653 2682 2709 sunt
2723 2645 2918 2708 simul
2966 2645 3257 2726 generari
3308 2653 3370 2708 et
3419 2662 3523 2726 ge-

2021 2742 2230 2806 nitum
2273 2761 2434 2806 esse.

2303 2951 2822 3018 PROPOSITIO
2868 2951 3251 3017 XXXVIII.

2104 3138 2456 3219 spu-itus
2497 3139 2838 3208 Sanctus
2885 3138 3248 3220 procedit
3295 3153 3344 3206 a
3384 3140 3524 3205 Pa·

2019 3238 2146 3303 tre
2205 3239 2290 3304 et
2353 3237 2561 3304 Filio
2631 3240 3011 3320 tanquam
3081 3250 3304 3304 amor
3361 3251 3524 3304 am-

2019 3334 2327 3404 borum.

2098 3433 2278 3508 Quod
2323 3439 2439 3508 est,
2491 3433 2793 3516 quoniam
2841 3433 3164 3516 processio
3220 3434 3299 3497 ad
3325 3455 3330 3461 ·
3359 3434 3526 3496 intra

2023 3532 2087 3594 in
2132 3532 2370 3595 divinis
2413 3548 2542 3596 non
2585 3540 2684 3596 est
2724 3531 2850 3596 nisi
2893 3551 3008 3615 per
3048 3533 3363 3596 actionem
3406 3534 3524 3596 im-

2020 3638 2390 3695 manentem
2433 3647 2448 3694 ε
2489 3649 2632 3714 quae
2681 3631 2746 3693 in
2795 3637 3021 3694 natura
3069 3649 3224 3713 pure
3279 3631 3526 3694 intelle-

2022 3728 2218 3791 ctuali
2277 3745 2404 3792 non
2465 3735 2562 3792 est
2619 3727 2744 3791 nisi
2801 3727 2970 3792 actio
3028 3727 3392 3792 intellectus
3459 3735 3526 3792 et

2022 3827 2386 3890 voluntatis.
2439 3826 2600 3889 Hinc
2647 3825 2816 3888 sicut
2858 3827 3183 3908 generatio
3227 3826 3368 3888 Filii
3427 3835 3524 3890 est

2022 3943 2139 4008 per
2177 3926 2436 3989 modum
2485 3925 2751 3987 internae
2789 3924 3162 4007 prolationis
3201 3925 3520 4000 mentalis,

2022 4023 2117 4088 sic
2167 4023 2489 4106 processio
2527 4021 2804 4105 Spiritus
2835 4021 3047 4086 Sancti
3093 4028 3190 4085 est
3231 4040 3348 4105 per
3391 4041 3524 4086 mo-

2022 4123 2178 4185 dum
2209 4119 2674 4184 liberalissimae
2713 4139 2788 4182 ac
2827 4121 3050 4203 primoe
3086 4121 3376 4202 gratuitae
3415 4122 3524 4186 do-

408 4221 567 4302 quia
594 4227 821 4283 natura
847 4219 1317 4302 quodammodo
1356 4218 1669 4282 rationem
1712 4219 1913 4282 inclu·
1944 4227 1995 4290 D
2024 4219 2302 4282 nationis
2336 4236 2352 4282 ε
2387 4237 2514 4301 qua
2553 4235 2755 4294 amor,
2799 4219 2909 4302 qui
2951 4226 3050 4282 est
3091 4219 3374 4301 primum
3421 4221 3527 4284 do-

408 4319 507 4382 dit
546 4317 851 4401 principii
888 4335 903 4380 :
936 4336 1083 4381 nam
1124 4317 1359 4380 dicitur
1396 4336 1434 4380 a
1471 4316 1813 4393 nascende,
1848 4317 1913 4380 in

410 4424 725 4502 quantum
770 4435 849 4480 ex
892 4435 969 4480 ea
1010 4415 1163 4499 quid
1206 4415 1427 4479 oritur.

706 4625 1226 4693 PROPOSITIO
1271 4624 1620 4690 XXXVII.

487 4811 918 4882 Generatio
964 4807 1155 4878 Fun
1202 4811 1347 4876 Dei
1404 4811 1913 4877 mensuratur

404 4909 891 4990 aeternitate,
950 4909 1037 4976 et
1102 4922 1332 4975 omne
1401 4911 1718 4990 tempus
1786 4923 1913 4976 ex—

405 5009 667 5182 ωὲιξεξᾱ
726 5113 847 5180 est,
908 5104 1213 5187 quoniam
1270 5105 1595 5186 generatio
1652 5104 1763 5168 illa
1816 5113 1914 5168 est

398 5208 576 5272 actio
603 5203 939 5278 naturalis,
964 5219 1091 5267 non
1124 5221 1369 5278 recens,
1400 5221 1609 5286 neque
1638 5204 1718 5267 de
1748 5221 1914 5269 novo

396 5305 782 5379 adveniens,
836 5320 955 5366 nec
1004 5301 1119 5366 ulli
1172 5302 1503 5366 mutationi
1552 5301 1844 5383 subiecta
1892 5321 1908 5366 :

2025 4337 2206 4392 num,
2259 4317 2323 4380 in
2382 4333 2509 4400 quo
2567 4324 2777 4380 cetera
2833 4317 2997 4379 dona
3053 4317 3393 4393 donantur,
3443 4318 3526 4382 ab

2021 4422 2279 4479 amante
2317 4415 2585 4498 profluit
2623 4416 2690 4478 in
2735 4422 3042 4489 amatum,
3087 4423 3152 4478 et
3190 4414 3273 4479 ab
3315 4425 3526 4481 amato

2024 4513 2246 4577 refluit
2317 4514 2383 4576 in
2454 4521 2799 4588 amantem,
2868 4522 3171 4595 tanquam
3242 4515 3526 4578 amicitia

2026 4621 2247 4676 mutua
2280 4613 2633 4696 utriusque.
2669 4613 2920 4676 Etenim
2951 4613 3226 4696 Spiritus
3257 4613 3522 4678 Sanctus

2022 4711 2313 4794 procedit
2353 4719 2422 4774 ut
2460 4711 2526 4774 in
2565 4711 2787 4786 alium,
2821 4719 2883 4774 et
2914 4719 3130 4774 manet
3166 4711 3233 4775 in
3273 4731 3340 4776 se
3381 4713 3524 4795 ipso

2022 4810 2382 4872 distinctus.
2407 4810 2534 4872 Nec
2565 4810 2686 4872 ista
2713 4810 3007 4892 opposita
3035 4817 3204 4872 sunt.
3229 4811 3298 4874 ln
3327 4829 3522 4893 quan·

2022 4918 2160 4972 tum
2210 4909 2384 4972 enim
2433 4909 2708 4971 refertur
2753 4909 2834 4971 ad
2880 4908 3126 4971 Patrem
3175 4916 3240 4972 et
3287 4911 3520 4974 Filium

2024 5015 2093 5070 ut
2140 5008 2218 5070 ad
2279 5025 2480 5070 unum
2529 5007 2630 5069 sui
2681 5006 3098 5090 principium,
3151 5009 3246 5072 sic
3305 5018 3521 5074 manet

2024 5107 2089 5169 in
2134 5125 2204 5168 se
2248 5105 2388 5188 ipso
2429 5104 2510 5167 ab
2555 5113 2825 5187 utroque
2869 5105 3210 5170 distinctus
3249 5126 3365 5190 per
3401 5126 3520 5192 op·

2024 5205 2406 5288 positionem
2438 5203 2788 5268 relativam.
2823 5205 3058 5270 Verum
3099 5207 3164 5268 in
3205 5215 3519 5291 quantum

2022 5303 2312 5386 procedit
2341 5303 2406 5365 in
2438 5303 2680 5367 ratione
2711 5304 3064 5388 personalis
3092 5306 3351 5383 amoris,
3375 5325 3521 5392 pro-
