<?xml version="1.0" encoding="UTF-8"?>
<!DOCTYPE html PUBLIC "-//W3C//DTD XHTML 1.0 Transitional//EN"
    "http://www.w3.org/TR/xhtml1/DTD/xhtml1-transitional.dtd">
<html xmlns="http://www.w3.org/1999/xhtml" xml:lang="en" lang="en">
 <head>
  <title>
</title>
<meta http-equiv="Content-Type" content="text/html;charset=utf-8" />
  <meta name='ocr-system' content='tesseract 3.04.00' />
  <meta name='ocr-capabilities' content='ocr_page ocr_carea ocr_par ocr_line ocrx_word'/>
</head>
<body>
  <div class='ocr_page' id='page_1' title='image "./doctorisecstati05unkngoog_0197.png"; bbox 0 0 4300 6259; ppageno 0'>
   <div class='ocr_carea' id='block_1_1' title="bbox 1268 513 2672 562">
    <p class='ocr_par' dir='ltr' id='par_1_1' title="bbox 1268 513 2672 562">
     <span class='ocr_line' id='line_1_1' title="bbox 1268 513 2672 562; baseline 0.001 -3"><span class='ocrx_word' id='word_1_1' title='bbox 1268 513 1690 561; x_wconf 66' lang='lat' dir='ltr'><strong>tantumno</strong></span> <span class='ocrx_word' id='word_1_2' title='bbox 1729 513 2127 562; x_wconf 74' lang='lat' dir='ltr'><strong>momotcA.</strong></span> <span class='ocrx_word' id='word_1_3' title='bbox 2171 531 2252 544; x_wconf 91' lang='lat'><strong>-·</strong></span> <span class='ocrx_word' id='word_1_4' title='bbox 2292 515 2373 562; x_wconf 74' lang='lat' dir='ltr'><strong>DE</strong></span> <span class='ocrx_word' id='word_1_5' title='bbox 2414 514 2672 562; x_wconf 65' lang='lat' dir='ltr'><strong>Annuus</strong></span> 
     </span>
    </p>
   </div>
   <div class='ocr_carea' id='block_1_2' title="bbox 3402 496 3520 560">
    <p class='ocr_par' dir='ltr' id='par_1_2' title="bbox 3402 496 3520 560">
     <span class='ocr_line' id='line_1_2' title="bbox 3402 496 3520 560; baseline 0.017 -2"><span class='ocrx_word' id='word_1_6' title='bbox 3402 496 3520 560; x_wconf 76' lang='lat'><strong>179</strong></span> 
     </span>
    </p>
   </div>
   <div class='ocr_carea' id='block_1_3' title="bbox 407 677 3521 754">
    <p class='ocr_par' dir='ltr' id='par_1_3' title="bbox 407 677 3521 754">
     <span class='ocr_line' id='line_1_3' title="bbox 407 677 3521 754; baseline 0.002 -16"><span class='ocrx_word' id='word_1_7' title='bbox 407 677 972 742; x_wconf 86' lang='lat' dir='ltr'><strong>innumerabiliter</strong></span> <span class='ocrx_word' id='word_1_8' title='bbox 1019 680 1206 743; x_wconf 88' lang='lat' dir='ltr'><strong>multi</strong></span> <span class='ocrx_word' id='word_1_9' title='bbox 1259 682 1388 744; x_wconf 85' lang='lat' dir='ltr'><strong>sint</strong></span> <span class='ocrx_word' id='word_1_10' title='bbox 1433 682 1778 754; x_wconf 76' lang='lat' dir='ltr'><strong>daemoneS‚</strong></span> <span class='ocrx_word' id='word_1_11' title='bbox 1831 683 1917 745; x_wconf 89' lang='lat' dir='ltr'><strong>ita</strong></span> <span class='ocrx_word' id='word_1_12' title='bbox 1944 683 1995 746; x_wconf 90' lang='lat' dir='ltr'>A</span> <span class='ocrx_word' id='word_1_13' title='bbox 2029 681 2269 746; x_wconf 90' lang='lat' dir='ltr'><strong>honore</strong></span> <span class='ocrx_word' id='word_1_14' title='bbox 2308 702 2382 746; x_wconf 89' lang='lat' dir='ltr'><strong>ac</strong></span> <span class='ocrx_word' id='word_1_15' title='bbox 2420 683 2837 747; x_wconf 81' lang='lat' dir='ltr'><strong>honoratione</strong></span> <span class='ocrx_word' id='word_1_16' title='bbox 2876 682 2957 745; x_wconf 90' lang='lat' dir='ltr'><strong>ab</strong></span> <span class='ocrx_word' id='word_1_17' title='bbox 3004 681 3147 744; x_wconf 88' lang='lat' dir='ltr'><strong>aliis</strong></span> <span class='ocrx_word' id='word_1_18' title='bbox 3190 689 3321 745; x_wconf 84' lang='lat' dir='ltr'><strong>tam</strong></span> <span class='ocrx_word' id='word_1_19' title='bbox 3371 699 3521 745; x_wconf 91' lang='lat' dir='ltr'><strong>con·</strong></span> 
     </span>
    </p>
   </div>
   <div class='ocr_carea' id='block_1_4' title="bbox 402 777 1916 1057">
    <p class='ocr_par' dir='ltr' id='par_1_4' title="bbox 402 777 1916 1057">
     <span class='ocr_line' id='line_1_4' title="bbox 405 777 1916 858; baseline 0.004 -21"><span class='ocrx_word' id='word_1_20' title='bbox 405 782 482 836; x_wconf 90' lang='lat' dir='ltr'><strong>ut</strong></span> <span class='ocrx_word' id='word_1_21' title='bbox 547 785 1002 858; x_wconf 74' lang='lat' dir='ltr'><strong>comparentur</strong></span> <span class='ocrx_word' id='word_1_22' title='bbox 1080 777 1478 842; x_wconf 87' lang='lat' dir='ltr'><strong>multitudini</strong></span> <span class='ocrx_word' id='word_1_23' title='bbox 1558 787 1916 844; x_wconf 89' lang='lat' dir='ltr'><strong>atomorum</strong></span> 
     </span>
     <span class='ocr_line' id='line_1_5' title="bbox 403 877 1915 960; baseline 0.004 -25"><span class='ocrx_word' id='word_1_24' title='bbox 403 892 554 954; x_wconf 71' lang='lat' dir='ltr'><strong>quin</strong></span> <span class='ocrx_word' id='word_1_25' title='bbox 599 883 940 938; x_wconf 85' lang='lat' dir='ltr'><strong>moventur</strong></span> <span class='ocrx_word' id='word_1_26' title='bbox 981 877 1044 938; x_wconf 95' lang='lat' dir='ltr'><strong>in</strong></span> <span class='ocrx_word' id='word_1_27' title='bbox 1091 896 1260 950; x_wconf 88' lang='lat' dir='ltr'><strong>aere,</strong></span> <span class='ocrx_word' id='word_1_28' title='bbox 1296 885 1542 940; x_wconf 85' lang='lat' dir='ltr'><strong>constat</strong></span> <span class='ocrx_word' id='word_1_29' title='bbox 1584 897 1776 960; x_wconf 87' lang='lat' dir='ltr'><strong>quam</strong></span> <span class='ocrx_word' id='word_1_30' title='bbox 1823 878 1915 940; x_wconf 90' lang='lat' dir='ltr'><strong>in-</strong></span> 
     </span>
     <span class='ocr_line' id='line_1_6' title="bbox 402 971 1748 1057; baseline 0.004 -24"><span class='ocrx_word' id='word_1_31' title='bbox 402 971 876 1035; x_wconf 66' lang='lat' dir='ltr'><strong>aestimabiliter</strong></span> <span class='ocrx_word' id='word_1_32' title='bbox 911 974 1093 1037; x_wconf 90' lang='lat' dir='ltr'><strong>multi</strong></span> <span class='ocrx_word' id='word_1_33' title='bbox 1129 974 1258 1037; x_wconf 90' lang='lat' dir='ltr'><strong>sint</strong></span> <span class='ocrx_word' id='word_1_34' title='bbox 1286 975 1496 1057; x_wconf 88' lang='lat' dir='ltr'><strong>angeli</strong></span> <span class='ocrx_word' id='word_1_35' title='bbox 1527 975 1748 1038; x_wconf 90' lang='lat' dir='ltr'><strong>sancti.</strong></span> 
     </span>
    </p>
   </div>
   <div class='ocr_carea' id='block_1_5' title="bbox 699 1181 1642 1250">
    <p class='ocr_par' dir='ltr' id='par_1_5' title="bbox 699 1181 1642 1250">
     <span class='ocr_line' id='line_1_7' title="bbox 699 1181 1642 1250; baseline 0.005 -5"><span class='ocrx_word' id='word_1_36' title='bbox 699 1181 1220 1249; x_wconf 87' lang='lat' dir='ltr'>PROPOSITIO</span> <span class='ocrx_word' id='word_1_37' title='bbox 1267 1185 1642 1250; x_wconf 87' lang='lat' dir='ltr'><strong>LXXXIV.</strong></span> 
     </span>
    </p>
   </div>
   <div class='ocr_carea' id='block_1_6' title="bbox 399 1366 1920 1827">
    <p class='ocr_par' dir='ltr' id='par_1_6' title="bbox 399 1366 1920 1827">
     <span class='ocr_line' id='line_1_8' title="bbox 491 1366 1917 1436; baseline 0.001 -4"><span class='ocrx_word' id='word_1_38' title='bbox 491 1366 880 1433; x_wconf 76' lang='lat' dir='ltr'><strong>Homines</strong></span> <span class='ocrx_word' id='word_1_39' title='bbox 925 1368 1164 1435; x_wconf 76' lang='lat' dir='ltr'><strong>electi</strong></span> <span class='ocrx_word' id='word_1_40' title='bbox 1211 1370 1296 1436; x_wconf 90' lang='lat' dir='ltr'><strong>et</strong></span> <span class='ocrx_word' id='word_1_41' title='bbox 1341 1369 1596 1435; x_wconf 79' lang='lat' dir='ltr'><strong>sancti</strong></span> <span class='ocrx_word' id='word_1_42' title='bbox 1640 1367 1740 1434; x_wconf 86' lang='lat' dir='ltr'><strong>ad</strong></span> <span class='ocrx_word' id='word_1_43' title='bbox 1783 1381 1917 1435; x_wconf 88' lang='lat' dir='ltr'><strong>an-</strong></span> 
     </span>
     <span class='ocr_line' id='line_1_9' title="bbox 401 1464 1918 1548; baseline 0.003 -18"><span class='ocrx_word' id='word_1_44' title='bbox 401 1464 782 1543; x_wconf 76' lang='lat' dir='ltr'><strong>gelornm</strong></span> <span class='ocrx_word' id='word_1_45' title='bbox 812 1466 1128 1533; x_wconf 80' lang='lat' dir='ltr'><strong>ordines</strong></span> <span class='ocrx_word' id='word_1_46' title='bbox 1157 1469 1428 1535; x_wconf 82' lang='lat' dir='ltr'><strong>varios</strong></span> <span class='ocrx_word' id='word_1_47' title='bbox 1455 1468 1636 1548; x_wconf 83' lang='lat' dir='ltr'><strong>post</strong></span> <span class='ocrx_word' id='word_1_48' title='bbox 1655 1468 1918 1534; x_wconf 77' lang='lat' dir='ltr'><strong>vitam</strong></span> 
     </span>
     <span class='ocr_line' id='line_1_10' title="bbox 401 1563 1918 1648; baseline 0.003 -20"><span class='ocrx_word' id='word_1_49' title='bbox 401 1563 622 1629; x_wconf 83' lang='lat' dir='ltr'><strong>hano</strong></span> <span class='ocrx_word' id='word_1_50' title='bbox 684 1569 1228 1647; x_wconf 84' lang='lat' dir='ltr'><strong>assumuntur,</strong></span> <span class='ocrx_word' id='word_1_51' title='bbox 1287 1566 1524 1648; x_wconf 81' lang='lat' dir='ltr'><strong>juxta</strong></span> <span class='ocrx_word' id='word_1_52' title='bbox 1582 1567 1918 1633; x_wconf 74' lang='lat' dir='ltr'><strong>diversi-</strong></span> 
     </span>
     <span class='ocr_line' id='line_1_11' title="bbox 399 1663 1920 1742; baseline 0.003 -16"><span class='ocrx_word' id='word_1_53' title='bbox 399 1663 670 1728; x_wconf 83' lang='lat' dir='ltr'><strong>tatem</strong></span> <span class='ocrx_word' id='word_1_54' title='bbox 697 1665 780 1729; x_wconf 90' lang='lat' dir='ltr'><strong>et</strong></span> <span class='ocrx_word' id='word_1_55' title='bbox 807 1666 1414 1742; x_wconf 71' lang='lat' dir='ltr'><strong>congruentiam</strong></span> <span class='ocrx_word' id='word_1_56' title='bbox 1443 1663 1920 1732; x_wconf 81' lang='lat' dir='ltr'><strong>meritorum</strong></span> 
     </span>
     <span class='ocr_line' id='line_1_12' title="bbox 401 1773 766 1827; baseline 0.003 -1"><span class='ocrx_word' id='word_1_57' title='bbox 401 1773 766 1827; x_wconf 85' lang='lat' dir='ltr'><strong>suorum.</strong></span> 
     </span>
    </p>
   </div>
   <div class='ocr_carea' id='block_1_7' title="bbox 2025 779 3535 1845">
    <p class='ocr_par' dir='ltr' id='par_1_7' title="bbox 2025 779 3529 1551">
     <span class='ocr_line' id='line_1_13' title="bbox 2025 779 3525 864; baseline -0.001 -21"><span class='ocrx_word' id='word_1_58' title='bbox 2025 789 2269 844; x_wconf 82' lang='lat' dir='ltr'><strong>stanter</strong></span> <span class='ocrx_word' id='word_1_59' title='bbox 2296 781 2706 864; x_wconf 78' lang='lat' dir='ltr'><strong>fideliterque</strong></span> <span class='ocrx_word' id='word_1_60' title='bbox 2736 781 2945 845; x_wconf 92' lang='lat' dir='ltr'><strong>conati</strong></span> <span class='ocrx_word' id='word_1_61' title='bbox 2978 781 3107 844; x_wconf 88' lang='lat' dir='ltr'><strong>sint</strong></span> <span class='ocrx_word' id='word_1_62' title='bbox 3130 798 3350 862; x_wconf 87' lang='lat' dir='ltr'><strong>:quam</strong></span> <span class='ocrx_word' id='word_1_63' title='bbox 3379 779 3525 843; x_wconf 88' lang='lat' dir='ltr'><strong>feli-</strong></span> 
     </span>
     <span class='ocr_line' id='line_1_14' title="bbox 2027 877 3525 961; baseline -0.001 -21"><span class='ocrx_word' id='word_1_64' title='bbox 2027 879 2283 942; x_wconf 82' lang='lat' dir='ltr'><strong>citatem</strong></span> <span class='ocrx_word' id='word_1_65' title='bbox 2317 879 2524 960; x_wconf 87' lang='lat' dir='ltr'><strong>angeli</strong></span> <span class='ocrx_word' id='word_1_66' title='bbox 2552 887 2677 942; x_wconf 90' lang='lat' dir='ltr'><strong>tam</strong></span> <span class='ocrx_word' id='word_1_67' title='bbox 2710 879 3001 942; x_wconf 87' lang='lat' dir='ltr'><strong>celeriter</strong></span> <span class='ocrx_word' id='word_1_68' title='bbox 3026 897 3211 961; x_wconf 92' lang='lat' dir='ltr'><strong>quam</strong></span> <span class='ocrx_word' id='word_1_69' title='bbox 3249 877 3525 940; x_wconf 81' lang='lat' dir='ltr'><strong>faciliter</strong></span> 
     </span>
     <span class='ocr_line' id='line_1_15' title="bbox 2028 974 3525 1059; baseline -0.001 -20"><span class='ocrx_word' id='word_1_70' title='bbox 2028 985 2179 1039; x_wconf 87' lang='lat' dir='ltr'><strong>sunt</strong></span> <span class='ocrx_word' id='word_1_71' title='bbox 2198 977 2433 1059; x_wconf 87' lang='lat' dir='ltr'><strong>adepti.</strong></span> <span class='ocrx_word' id='word_1_72' title='bbox 2454 978 2582 1040; x_wconf 90' lang='lat' dir='ltr'><strong>Nec</strong></span> <span class='ocrx_word' id='word_1_73' title='bbox 2602 978 2812 1041; x_wconf 90' lang='lat' dir='ltr'><strong>obstat</strong></span> <span class='ocrx_word' id='word_1_74' title='bbox 2829 977 3042 1039; x_wconf 89' lang='lat' dir='ltr'><strong>vilitas</strong></span> <span class='ocrx_word' id='word_1_75' title='bbox 3063 984 3127 1039; x_wconf 92' lang='lat' dir='ltr'><strong>et</strong></span> <span class='ocrx_word' id='word_1_76' title='bbox 3148 974 3525 1038; x_wconf 88' lang='lat' dir='ltr'><strong>defectuosi·</strong></span> 
     </span>
     <span class='ocr_line' id='line_1_16' title="bbox 2027 1073 3528 1157; baseline -0.003 -19"><span class='ocrx_word' id='word_1_77' title='bbox 2027 1083 2122 1138; x_wconf 88' lang='lat' dir='ltr'><strong>tas</strong></span> <span class='ocrx_word' id='word_1_78' title='bbox 2151 1076 2537 1140; x_wconf 91' lang='lat' dir='ltr'><strong>conditionis</strong></span> <span class='ocrx_word' id='word_1_79' title='bbox 2565 1075 2855 1138; x_wconf 80' lang='lat' dir='ltr'><strong>humanae</strong></span> <span class='ocrx_word' id='word_1_80' title='bbox 2876 1093 2889 1138; x_wconf 91' lang='lat'><strong>:</strong></span> <span class='ocrx_word' id='word_1_81' title='bbox 2912 1075 3038 1138; x_wconf 92' lang='lat' dir='ltr'><strong>imo</strong></span> <span class='ocrx_word' id='word_1_82' title='bbox 3069 1091 3195 1157; x_wconf 94' lang='lat' dir='ltr'><strong>quo</strong></span> <span class='ocrx_word' id='word_1_83' title='bbox 3224 1073 3528 1137; x_wconf 84' lang='lat' dir='ltr'><strong>declivior</strong></span> 
     </span>
     <span class='ocr_line' id='line_1_17' title="bbox 2029 1173 3528 1256; baseline -0.002 -20"><span class='ocrx_word' id='word_1_84' title='bbox 2029 1174 2313 1256; x_wconf 84' lang='lat' dir='ltr'><strong>itemque</strong></span> <span class='ocrx_word' id='word_1_85' title='bbox 2354 1173 2639 1255; x_wconf 86' lang='lat' dir='ltr'><strong>fragilior</strong></span> <span class='ocrx_word' id='word_1_86' title='bbox 2678 1181 2776 1236; x_wconf 89' lang='lat' dir='ltr'><strong>est</strong></span> <span class='ocrx_word' id='word_1_87' title='bbox 2819 1180 3067 1246; x_wconf 87' lang='lat' dir='ltr'><strong>natura,</strong></span> <span class='ocrx_word' id='word_1_88' title='bbox 3099 1189 3175 1236; x_wconf 90' lang='grc'><strong>60</strong></span> <span class='ocrx_word' id='word_1_89' title='bbox 3206 1189 3528 1234; x_wconf 87' lang='lat' dir='ltr'><strong>commen-</strong></span> 
     </span>
     <span class='ocr_line' id='line_1_18' title="bbox 2027 1271 3526 1352; baseline -0.001 -18"><span class='ocrx_word' id='word_1_90' title='bbox 2027 1271 2305 1334; x_wconf 85' lang='lat' dir='ltr'><strong>dabilius</strong></span> <span class='ocrx_word' id='word_1_91' title='bbox 2355 1279 2419 1334; x_wconf 89' lang='lat' dir='ltr'><strong>et</strong></span> <span class='ocrx_word' id='word_1_92' title='bbox 2454 1271 2795 1352; x_wconf 78' lang='lat' dir='ltr'><strong>gloriosius</strong></span> <span class='ocrx_word' id='word_1_93' title='bbox 2834 1271 2893 1334; x_wconf 90' lang='lat' dir='ltr'><strong>ei</strong></span> <span class='ocrx_word' id='word_1_94' title='bbox 2932 1279 3029 1335; x_wconf 90' lang='lat' dir='ltr'><strong>est</strong></span> <span class='ocrx_word' id='word_1_95' title='bbox 3068 1278 3194 1334; x_wconf 87' lang='lat' dir='ltr'><strong>tam</strong></span> <span class='ocrx_word' id='word_1_96' title='bbox 3248 1277 3526 1345; x_wconf 90' lang='lat' dir='ltr'><strong>strenue,</strong></span> 
     </span>
     <span class='ocr_line' id='line_1_19' title="bbox 2027 1367 3529 1451; baseline -0.001 -19"><span class='ocrx_word' id='word_1_97' title='bbox 2027 1370 2333 1443; x_wconf 87' lang='lat' dir='ltr'><strong>virtuose,</strong></span> <span class='ocrx_word' id='word_1_98' title='bbox 2374 1369 2814 1451; x_wconf 87' lang='lat' dir='ltr'><strong>spiritualiter,</strong></span> <span class='ocrx_word' id='word_1_99' title='bbox 2849 1369 3171 1442; x_wconf 88' lang='lat' dir='ltr'><strong>diuturne,</strong></span> <span class='ocrx_word' id='word_1_100' title='bbox 3216 1367 3529 1432; x_wconf 88' lang='lat' dir='ltr'><strong>laboriose</strong></span> 
     </span>
     <span class='ocr_line' id='line_1_20' title="bbox 2029 1467 3525 1551; baseline -0.001 -21"><span class='ocrx_word' id='word_1_101' title='bbox 2029 1477 2092 1530; x_wconf 90' lang='lat' dir='ltr'><strong>et</strong></span> <span class='ocrx_word' id='word_1_102' title='bbox 2121 1468 2794 1550; x_wconf 87' lang='lat' dir='ltr'><strong>prompte‚victoriose</strong></span> <span class='ocrx_word' id='word_1_103' title='bbox 2823 1487 2897 1532; x_wconf 91' lang='grc'><strong>66</strong></span> <span class='ocrx_word' id='word_1_104' title='bbox 2918 1467 3163 1531; x_wconf 90' lang='lat' dir='ltr'><strong>fervide</strong></span> <span class='ocrx_word' id='word_1_105' title='bbox 3184 1467 3525 1551; x_wconf 86' lang='lat' dir='ltr'><strong>peregisse.</strong></span> 
     </span>
    </p>

    <p class='ocr_par' dir='ltr' id='par_1_8' title="bbox 2029 1566 3535 1845">
     <span class='ocr_line' id='line_1_21' title="bbox 2109 1566 3530 1648; baseline 0 -20"><span class='ocrx_word' id='word_1_106' title='bbox 2109 1566 2349 1648; x_wconf 87' lang='lat' dir='ltr'><strong>ltaque,</strong></span> <span class='ocrx_word' id='word_1_107' title='bbox 2397 1566 2565 1629; x_wconf 92' lang='lat' dir='ltr'><strong>sicut</strong></span> <span class='ocrx_word' id='word_1_108' title='bbox 2594 1568 2671 1629; x_wconf 92' lang='lat' dir='ltr'><strong>de</strong></span> <span class='ocrx_word' id='word_1_109' title='bbox 2702 1567 2973 1648; x_wconf 87' lang='lat' dir='ltr'><strong>singulis</strong></span> <span class='ocrx_word' id='word_1_110' title='bbox 3015 1566 3385 1647; x_wconf 88' lang='lat' dir='ltr'><strong>angelorum</strong></span> <span class='ocrx_word' id='word_1_111' title='bbox 3432 1582 3530 1628; x_wconf 91' lang='lat' dir='ltr'><strong>or-</strong></span> 
     </span>
     <span class='ocr_line' id='line_1_22' title="bbox 2029 1662 3532 1747; baseline 0 -21"><span class='ocrx_word' id='word_1_112' title='bbox 2029 1663 2291 1726; x_wconf 88' lang='lat' dir='ltr'><strong>dinibus</strong></span> <span class='ocrx_word' id='word_1_113' title='bbox 2326 1664 2528 1747; x_wconf 88' lang='lat' dir='ltr'><strong>aliqui</strong></span> <span class='ocrx_word' id='word_1_114' title='bbox 2570 1673 2969 1739; x_wconf 89' lang='lat' dir='ltr'><strong>corruerunt,</strong></span> <span class='ocrx_word' id='word_1_115' title='bbox 3004 1665 3089 1727; x_wconf 84' lang='lat' dir='ltr'><strong>ita</strong></span> <span class='ocrx_word' id='word_1_116' title='bbox 3125 1665 3205 1727; x_wconf 87' lang='lat' dir='ltr'><strong>ad</strong></span> <span class='ocrx_word' id='word_1_117' title='bbox 3246 1662 3532 1744; x_wconf 87' lang='lat' dir='ltr'><strong>singulos</strong></span> 
     </span>
     <span class='ocr_line' id='line_1_23' title="bbox 2032 1761 3535 1845; baseline -0.001 -21"><span class='ocrx_word' id='word_1_118' title='bbox 2032 1763 2405 1825; x_wconf 89' lang='lat' dir='ltr'><strong>eorumdem</strong></span> <span class='ocrx_word' id='word_1_119' title='bbox 2484 1763 2683 1845; x_wconf 87' lang='lat' dir='ltr'><strong>aliqui</strong></span> <span class='ocrx_word' id='word_1_120' title='bbox 2753 1763 3047 1826; x_wconf 89' lang='lat' dir='ltr'><strong>homines</strong></span> <span class='ocrx_word' id='word_1_121' title='bbox 3130 1761 3535 1825; x_wconf 87' lang='lat' dir='ltr'><strong>sufficienter</strong></span> 
     </span>
    </p>
   </div>
   <div class='ocr_carea' id='block_1_8' title="bbox 493 1856 3535 1943">
    <p class='ocr_par' dir='ltr' id='par_1_9' title="bbox 493 1856 3535 1943">
     <span class='ocr_line' id='line_1_24' title="bbox 493 1856 3535 1943; baseline 0.001 -23"><span class='ocrx_word' id='word_1_122' title='bbox 493 1857 674 1931; x_wconf 87' lang='lat' dir='ltr'><strong>Quod</strong></span> <span class='ocrx_word' id='word_1_123' title='bbox 733 1865 850 1932; x_wconf 88' lang='lat' dir='ltr'><strong>est,</strong></span> <span class='ocrx_word' id='word_1_124' title='bbox 905 1859 1206 1941; x_wconf 89' lang='lat' dir='ltr'><strong>quoniam</strong></span> <span class='ocrx_word' id='word_1_125' title='bbox 1268 1859 1772 1941; x_wconf 86' lang='lat' dir='ltr'><strong>supernaturalis</strong></span> <span class='ocrx_word' id='word_1_126' title='bbox 1829 1858 1917 1922; x_wconf 90' lang='lat' dir='ltr'><strong>fe·</strong></span> <span class='ocrx_word' id='word_1_127' title='bbox 1957 1856 2002 1920; x_wconf 90' lang='lat' dir='ltr'>B</span> <span class='ocrx_word' id='word_1_128' title='bbox 2035 1861 2284 1942; x_wconf 87' lang='lat' dir='ltr'><strong>purgati</strong></span> <span class='ocrx_word' id='word_1_129' title='bbox 2341 1860 2669 1923; x_wconf 87' lang='lat' dir='ltr'><strong>elevantur</strong></span> <span class='ocrx_word' id='word_1_130' title='bbox 2721 1878 2735 1921; x_wconf 90' lang='lat'><strong>:</strong></span> <span class='ocrx_word' id='word_1_131' title='bbox 2788 1868 2975 1943; x_wconf 92' lang='lat' dir='ltr'><strong>prout</strong></span> <span class='ocrx_word' id='word_1_132' title='bbox 3031 1861 3223 1922; x_wconf 88' lang='lat' dir='ltr'><strong>etiam</strong></span> <span class='ocrx_word' id='word_1_133' title='bbox 3273 1859 3332 1923; x_wconf 90' lang='lat' dir='ltr'><strong>S.</strong></span> <span class='ocrx_word' id='word_1_134' title='bbox 3386 1859 3535 1922; x_wconf 90' lang='lat' dir='ltr'><strong>Gre-</strong></span> 
     </span>
    </p>
   </div>
   <div class='ocr_carea' id='block_1_9' title="bbox 404 1955 1926 2333">
    <p class='ocr_par' dir='ltr' id='par_1_10' title="bbox 404 1955 1926 2333">
     <span class='ocr_line' id='line_1_25' title="bbox 405 1955 1922 2038; baseline 0.001 -21"><span class='ocrx_word' id='word_1_135' title='bbox 405 1955 648 2029; x_wconf 86' lang='lat' dir='ltr'><strong>licitas,</strong></span> <span class='ocrx_word' id='word_1_136' title='bbox 697 1957 776 2019; x_wconf 91' lang='lat' dir='ltr'><strong>ad</strong></span> <span class='ocrx_word' id='word_1_137' title='bbox 825 1975 1020 2038; x_wconf 86' lang='lat' dir='ltr'><strong>quam</strong></span> <span class='ocrx_word' id='word_1_138' title='bbox 1067 1957 1276 2038; x_wconf 89' lang='lat' dir='ltr'><strong>angeli</strong></span> <span class='ocrx_word' id='word_1_139' title='bbox 1319 1965 1382 2019; x_wconf 88' lang='lat' dir='ltr'><strong>et</strong></span> <span class='ocrx_word' id='word_1_140' title='bbox 1430 1957 1722 2020; x_wconf 90' lang='lat' dir='ltr'><strong>homines</strong></span> <span class='ocrx_word' id='word_1_141' title='bbox 1771 1965 1922 2020; x_wconf 89' lang='grc'>36111</span> 
     </span>
     <span class='ocr_line' id='line_1_26' title="bbox 404 2055 1922 2138; baseline 0.001 -21"><span class='ocrx_word' id='word_1_142' title='bbox 404 2056 638 2129; x_wconf 89' lang='lat' dir='ltr'><strong>creati,</strong></span> <span class='ocrx_word' id='word_1_143' title='bbox 671 2073 798 2118; x_wconf 88' lang='lat' dir='ltr'><strong>non</strong></span> <span class='ocrx_word' id='word_1_144' title='bbox 831 2055 1158 2118; x_wconf 82' lang='lat' dir='ltr'><strong>confertur</strong></span> <span class='ocrx_word' id='word_1_145' title='bbox 1195 2056 1290 2120; x_wconf 88' lang='lat' dir='ltr'><strong>eis</strong></span> <span class='ocrx_word' id='word_1_146' title='bbox 1327 2056 1510 2138; x_wconf 86' lang='lat' dir='ltr'><strong>juxta</strong></span> <span class='ocrx_word' id='word_1_147' title='bbox 1548 2056 1922 2138; x_wconf 82' lang='lat' dir='ltr'><strong>specificam</strong></span> 
     </span>
     <span class='ocr_line' id='line_1_27' title="bbox 407 2153 1924 2234; baseline 0.001 -20"><span class='ocrx_word' id='word_1_148' title='bbox 407 2154 822 2234; x_wconf 84' lang='lat' dir='ltr'><strong>dignitatem,</strong></span> <span class='ocrx_word' id='word_1_149' title='bbox 855 2153 966 2216; x_wconf 91' lang='lat' dir='ltr'><strong>sed</strong></span> <span class='ocrx_word' id='word_1_150' title='bbox 1011 2155 1366 2217; x_wconf 90' lang='lat' dir='ltr'><strong>secundum</strong></span> <span class='ocrx_word' id='word_1_151' title='bbox 1415 2155 1786 2218; x_wconf 90' lang='lat' dir='ltr'><strong>meritorum</strong></span> <span class='ocrx_word' id='word_1_152' title='bbox 1831 2154 1924 2216; x_wconf 91' lang='lat' dir='ltr'><strong>di·</strong></span> 
     </span>
     <span class='ocr_line' id='line_1_28' title="bbox 407 2251 1926 2333; baseline 0 -18"><span class='ocrx_word' id='word_1_153' title='bbox 407 2252 792 2316; x_wconf 86' lang='lat' dir='ltr'><strong>versitatem</strong></span> <span class='ocrx_word' id='word_1_154' title='bbox 836 2260 899 2314; x_wconf 88' lang='lat' dir='ltr'><strong>et</strong></span> <span class='ocrx_word' id='word_1_155' title='bbox 944 2253 1232 2333; x_wconf 85' lang='lat' dir='ltr'><strong>gradum.</strong></span> <span class='ocrx_word' id='word_1_156' title='bbox 1287 2251 1462 2315; x_wconf 85' lang='lat' dir='ltr'><strong>Unde</strong></span> <span class='ocrx_word' id='word_1_157' title='bbox 1511 2251 1670 2314; x_wconf 85' lang='lat' dir='ltr'><strong>dixit</strong></span> <span class='ocrx_word' id='word_1_158' title='bbox 1719 2253 1926 2316; x_wconf 86' lang='lat' dir='ltr'><strong>Salva·</strong></span> 
     </span>
    </p>
   </div>
   <div class='ocr_carea' id='block_1_10' title="bbox 2033 1958 3542 2336">
    <p class='ocr_par' dir='ltr' id='par_1_11' title="bbox 2033 1958 3542 2336">
     <span class='ocr_line' id='line_1_29' title="bbox 2033 1958 3537 2040; baseline -0.001 -19"><span class='ocrx_word' id='word_1_159' title='bbox 2033 1960 2249 2040; x_wconf 90' lang='lat' dir='ltr'><strong>gorius</strong></span> <span class='ocrx_word' id='word_1_160' title='bbox 2312 1959 2375 2020; x_wconf 93' lang='lat' dir='ltr'><strong>in</strong></span> <span class='ocrx_word' id='word_1_161' title='bbox 2436 1959 2702 2022; x_wconf 90' lang='lat' dir='ltr'><strong>homilia</strong></span> <span class='ocrx_word' id='word_1_162' title='bbox 2758 1959 2837 2022; x_wconf 93' lang='lat' dir='ltr'><strong>de</strong></span> <span class='ocrx_word' id='word_1_163' title='bbox 2902 1958 3147 2040; x_wconf 87' lang='lat' dir='ltr'><strong>angelis</strong></span> <span class='ocrx_word' id='word_1_164' title='bbox 3206 1958 3537 2022; x_wconf 88' lang='lat' dir='ltr'><strong>evidenter</strong></span> 
     </span>
     <span class='ocr_line' id='line_1_30' title="bbox 2033 2057 3540 2140; baseline -0.001 -20"><span class='ocrx_word' id='word_1_165' title='bbox 2033 2057 2339 2130; x_wconf 80' lang='lat' dir='ltr'><strong>affirmat,</strong></span> <span class='ocrx_word' id='word_1_166' title='bbox 2385 2057 2980 2140; x_wconf 88' lang='lat' dir='ltr'><strong>particulariterque</strong></span> <span class='ocrx_word' id='word_1_167' title='bbox 3025 2057 3436 2140; x_wconf 86' lang='lat' dir='ltr'><strong>prosequitur</strong></span> <span class='ocrx_word' id='word_1_168' title='bbox 3475 2064 3540 2119; x_wconf 91' lang='lat' dir='ltr'><strong>et</strong></span> 
     </span>
     <span class='ocr_line' id='line_1_31' title="bbox 2035 2155 3538 2238; baseline -0.001 -20"><span class='ocrx_word' id='word_1_169' title='bbox 2035 2156 2353 2234; x_wconf 83' lang='lat' dir='ltr'><strong>declarat3</strong></span> <span class='ocrx_word' id='word_1_170' title='bbox 2404 2163 2663 2219; x_wconf 88' lang='lat' dir='ltr'><strong>sanctus</strong></span> <span class='ocrx_word' id='word_1_171' title='bbox 2710 2174 2967 2238; x_wconf 89' lang='lat' dir='ltr'><strong>quoque</strong></span> <span class='ocrx_word' id='word_1_172' title='bbox 3014 2155 3389 2219; x_wconf 89' lang='lat' dir='ltr'><strong>Ambrosius</strong></span> <span class='ocrx_word' id='word_1_173' title='bbox 3438 2173 3538 2216; x_wconf 89' lang='lat' dir='ltr'><strong>su-</strong></span> 
     </span>
     <span class='ocr_line' id='line_1_32' title="bbox 2038 2252 3542 2336; baseline -0.001 -20"><span class='ocrx_word' id='word_1_174' title='bbox 2038 2272 2153 2336; x_wconf 90' lang='lat' dir='ltr'><strong>per</strong></span> <span class='ocrx_word' id='word_1_175' title='bbox 2200 2252 2519 2336; x_wconf 90' lang='lat' dir='ltr'><strong>psalmum</strong></span> <span class='ocrx_word' id='word_1_176' title='bbox 2570 2253 2743 2316; x_wconf 85' lang='lat' dir='ltr'><strong>Beati</strong></span> <span class='ocrx_word' id='word_1_177' title='bbox 2794 2253 3206 2317; x_wconf 87' lang='lat' dir='ltr'><strong>immaculati.</strong></span> <span class='ocrx_word' id='word_1_178' title='bbox 3254 2253 3428 2316; x_wconf 89' lang='lat' dir='ltr'><strong>Unde</strong></span> <span class='ocrx_word' id='word_1_179' title='bbox 3477 2258 3542 2315; x_wconf 90' lang='lat' dir='ltr'><strong>et</strong></span> 
     </span>
    </p>
   </div>
   <div class='ocr_carea' id='block_1_11' title="bbox 93 2349 3543 2432">
    <p class='ocr_par' dir='ltr' id='par_1_12' title="bbox 93 2349 3543 2432">
     <span class='ocr_line' id='line_1_33' title="bbox 93 2349 3543 2432; baseline -0.001 -16"><span class='ocrx_word' id='word_1_180' title='bbox 93 2375 380 2426; x_wconf 44' lang='lat' dir='ltr'><strong>amam„</strong></span> <span class='ocrx_word' id='word_1_181' title='bbox 410 2360 524 2414; x_wconf 85' lang='lat' dir='ltr'><strong>tor</strong></span> <span class='ocrx_word' id='word_1_182' title='bbox 557 2369 572 2415; x_wconf 90' lang='lat'>:</span> <span class='ocrx_word' id='word_1_183' title='bbox 609 2351 678 2414; x_wconf 90' lang='lat' dir='ltr'><strong>ln</strong></span> <span class='ocrx_word' id='word_1_184' title='bbox 709 2353 900 2416; x_wconf 92' lang='lat' dir='ltr'><strong>domo</strong></span> <span class='ocrx_word' id='word_1_185' title='bbox 927 2351 1126 2414; x_wconf 87' lang='lat' dir='ltr'><strong>Patris</strong></span> <span class='ocrx_word' id='word_1_186' title='bbox 1159 2351 1285 2414; x_wconf 89' lang='lat' dir='ltr'><strong>mei</strong></span> <span class='ocrx_word' id='word_1_187' title='bbox 1317 2351 1679 2415; x_wconf 83' lang='lat' dir='ltr'><strong>mansiones</strong></span> <span class='ocrx_word' id='word_1_188' title='bbox 1712 2352 1928 2416; x_wconf 76' lang='lat' dir='ltr'><strong>multae</strong></span> <span class='ocrx_word' id='word_1_189' title='bbox 2037 2351 2103 2414; x_wconf 91' lang='lat' dir='ltr'><strong>B.</strong></span> <span class='ocrx_word' id='word_1_190' title='bbox 2137 2351 2531 2432; x_wconf 84' lang='lat' dir='ltr'><strong>Augustinus</strong></span> <span class='ocrx_word' id='word_1_191' title='bbox 2575 2351 2955 2415; x_wconf 91' lang='lat' dir='ltr'><strong>duodecimo</strong></span> <span class='ocrx_word' id='word_1_192' title='bbox 2996 2352 3075 2414; x_wconf 92' lang='lat' dir='ltr'><strong>de</strong></span> <span class='ocrx_word' id='word_1_193' title='bbox 3116 2350 3383 2413; x_wconf 88' lang='lat' dir='ltr'><strong>Civitate</strong></span> <span class='ocrx_word' id='word_1_194' title='bbox 3428 2349 3543 2414; x_wconf 90' lang='lat' dir='ltr'><strong>Dei</strong></span> 
     </span>
    </p>
   </div>
   <div class='ocr_carea' id='block_1_12' title="bbox 199 4045 1938 4204">
    <p class='ocr_par' dir='ltr' id='par_1_13' title="bbox 199 4045 1938 4204">
     <span class='ocr_line' id='line_1_34' title="bbox 199 4045 393 4091; baseline -0.015 0"><span class='ocrx_word' id='word_1_195' title='bbox 199 4045 393 4091; x_wconf 67' lang='grc' dir='ltr'><strong>κιιειι.</strong></span> 
     </span>
     <span class='ocr_line' id='line_1_35' title="bbox 377 4119 1938 4204; baseline -0.004 -14"><span class='ocrx_word' id='word_1_196' title='bbox 377 4139 392 4150; x_wconf 91' lang='grc'><em>·</em></span> <span class='ocrx_word' id='word_1_197' title='bbox 429 4123 608 4189; x_wconf 87' lang='lat' dir='ltr'><strong>istud</strong></span> <span class='ocrx_word' id='word_1_198' title='bbox 659 4122 845 4185; x_wconf 85' lang='lat' dir='ltr'><strong>valde</strong></span> <span class='ocrx_word' id='word_1_199' title='bbox 894 4119 1271 4185; x_wconf 89' lang='lat' dir='ltr'><strong>rationabile</strong></span> <span class='ocrx_word' id='word_1_200' title='bbox 1325 4129 1443 4195; x_wconf 84' lang='lat' dir='ltr'><strong>est,</strong></span> <span class='ocrx_word' id='word_1_201' title='bbox 1495 4141 1694 4204; x_wconf 90' lang='lat' dir='ltr'><strong>quum</strong></span> <span class='ocrx_word' id='word_1_202' title='bbox 1754 4122 1938 4185; x_wconf 89' lang='grc'>16116-</span> 
     </span>
    </p>
   </div>
   <div class='ocr_carea' id='block_1_13' title="bbox 412 2451 1934 3025">
    <p class='ocr_par' dir='ltr' id='par_1_14' title="bbox 412 2451 1934 3025">
     <span class='ocr_line' id='line_1_36' title="bbox 412 2451 1926 2533; baseline 0.001 -21"><span class='ocrx_word' id='word_1_203' title='bbox 412 2457 600 2524; x_wconf 85' lang='lat' dir='ltr'><strong>sunt,</strong></span> <span class='ocrx_word' id='word_1_204' title='bbox 651 2451 772 2514; x_wconf 90' lang='lat' dir='ltr'><strong>hoc</strong></span> <span class='ocrx_word' id='word_1_205' title='bbox 828 2458 924 2514; x_wconf 87' lang='lat' dir='ltr'><strong>est</strong></span> <span class='ocrx_word' id='word_1_206' title='bbox 979 2451 1138 2514; x_wconf 89' lang='lat' dir='ltr'><strong>varii</strong></span> <span class='ocrx_word' id='word_1_207' title='bbox 1196 2451 1430 2532; x_wconf 86' lang='lat' dir='ltr'><strong>gradus</strong></span> <span class='ocrx_word' id='word_1_208' title='bbox 1491 2453 1926 2533; x_wconf 57' lang='lat' dir='ltr'><strong>praemiorum,</strong></span> 
     </span>
     <span class='ocr_line' id='line_1_37' title="bbox 415 2548 1931 2631; baseline 0 -19"><span class='ocrx_word' id='word_1_209' title='bbox 415 2549 784 2612; x_wconf 88' lang='lat' dir='ltr'><strong>secundum</strong></span> <span class='ocrx_word' id='word_1_210' title='bbox 814 2548 1247 2614; x_wconf 84' lang='lat' dir='ltr'><strong>diversitatem</strong></span> <span class='ocrx_word' id='word_1_211' title='bbox 1281 2557 1346 2613; x_wconf 91' lang='lat' dir='ltr'><strong>et</strong></span> <span class='ocrx_word' id='word_1_212' title='bbox 1373 2549 1762 2631; x_wconf 84' lang='lat' dir='ltr'><strong>exigentiam</strong></span> <span class='ocrx_word' id='word_1_213' title='bbox 1803 2568 1931 2612; x_wconf 87' lang='lat' dir='ltr'><strong>me-</strong></span> 
     </span>
     <span class='ocr_line' id='line_1_38' title="bbox 417 2647 1928 2730; baseline 0.001 -21"><span class='ocrx_word' id='word_1_214' title='bbox 417 2649 718 2712; x_wconf 82' lang='lat' dir='ltr'><strong>ritorum.</strong></span> <span class='ocrx_word' id='word_1_215' title='bbox 753 2647 942 2710; x_wconf 89' lang='lat' dir='ltr'><strong>Porro</strong></span> <span class='ocrx_word' id='word_1_216' title='bbox 981 2647 1193 2730; x_wconf 80' lang='lat' dir='ltr'><strong>angeli</strong></span> <span class='ocrx_word' id='word_1_217' title='bbox 1235 2666 1418 2712; x_wconf 87' lang='lat' dir='ltr'><strong>suam</strong></span> <span class='ocrx_word' id='word_1_218' title='bbox 1464 2647 1928 2711; x_wconf 87' lang='lat' dir='ltr'><strong>beatitudinem</strong></span> 
     </span>
     <span class='ocr_line' id='line_1_39' title="bbox 419 2745 1930 2810; baseline -0.001 0"><span class='ocrx_word' id='word_1_219' title='bbox 419 2754 804 2810; x_wconf 87' lang='lat' dir='ltr'><strong>meruerunt</strong></span> <span class='ocrx_word' id='word_1_220' title='bbox 846 2766 973 2809; x_wconf 89' lang='lat' dir='ltr'><strong>una</strong></span> <span class='ocrx_word' id='word_1_221' title='bbox 1016 2747 1346 2810; x_wconf 89' lang='lat' dir='ltr'><strong>caritativa</strong></span> <span class='ocrx_word' id='word_1_222' title='bbox 1389 2746 1807 2810; x_wconf 89' lang='lat' dir='ltr'><strong>conversione</strong></span> <span class='ocrx_word' id='word_1_223' title='bbox 1851 2745 1930 2808; x_wconf 89' lang='lat' dir='ltr'><strong>ad</strong></span> 
     </span>
     <span class='ocr_line' id='line_1_40' title="bbox 415 2844 1934 2927; baseline -0.001 -18"><span class='ocrx_word' id='word_1_224' title='bbox 415 2845 810 2910; x_wconf 85' lang='lat' dir='ltr'><strong>Creatorem.</strong></span> <span class='ocrx_word' id='word_1_225' title='bbox 847 2845 1185 2927; x_wconf 83' lang='lat' dir='ltr'><strong>Quumque</strong></span> <span class='ocrx_word' id='word_1_226' title='bbox 1243 2844 1550 2927; x_wconf 89' lang='lat' dir='ltr'><strong>possibile</strong></span> <span class='ocrx_word' id='word_1_227' title='bbox 1597 2845 1701 2919; x_wconf 90' lang='lat' dir='ltr'><strong>sit,</strong></span> <span class='ocrx_word' id='word_1_228' title='bbox 1739 2845 1934 2908; x_wconf 86' lang='lat' dir='ltr'><strong>viato-</strong></span> 
     </span>
     <span class='ocr_line' id='line_1_41' title="bbox 415 2943 1932 3025; baseline -0.001 -18"><span class='ocrx_word' id='word_1_229' title='bbox 415 2965 528 3008; x_wconf 85' lang='lat' dir='ltr'><strong>res</strong></span> <span class='ocrx_word' id='word_1_230' title='bbox 579 2945 646 3006; x_wconf 93' lang='lat' dir='ltr'><strong>in</strong></span> <span class='ocrx_word' id='word_1_231' title='bbox 688 2943 884 3025; x_wconf 89' lang='lat' dir='ltr'><strong>hujus</strong></span> <span class='ocrx_word' id='word_1_232' title='bbox 921 2943 1278 3006; x_wconf 75' lang='lat' dir='ltr'><strong>calamitate</strong></span> <span class='ocrx_word' id='word_1_233' title='bbox 1317 2943 1527 3006; x_wconf 88' lang='lat' dir='ltr'><strong>exsilii</strong></span> <span class='ocrx_word' id='word_1_234' title='bbox 1570 2944 1648 3007; x_wconf 90' lang='lat' dir='ltr'><strong>ad</strong></span> <span class='ocrx_word' id='word_1_235' title='bbox 1691 2951 1932 3007; x_wconf 87' lang='lat' dir='ltr'><strong>tantam</strong></span> 
     </span>
    </p>
   </div>
   <div class='ocr_carea' id='block_1_14' title="bbox 2039 2447 3547 3022">
    <p class='ocr_par' dir='ltr' id='par_1_15' title="bbox 2039 2447 3545 2728">
     <span class='ocr_line' id='line_1_42' title="bbox 2039 2447 3545 2531; baseline -0.003 -19"><span class='ocrx_word' id='word_1_236' title='bbox 2039 2449 2364 2524; x_wconf 87' lang='lat' dir='ltr'><strong>disseruit,</strong></span> <span class='ocrx_word' id='word_1_237' title='bbox 2407 2449 2575 2531; x_wconf 92' lang='lat' dir='ltr'><strong>quod</strong></span> <span class='ocrx_word' id='word_1_238' title='bbox 2628 2449 2695 2511; x_wconf 93' lang='lat' dir='ltr'><strong>in</strong></span> <span class='ocrx_word' id='word_1_239' title='bbox 2734 2467 2931 2531; x_wconf 88' lang='lat' dir='ltr'><strong>regno</strong></span> <span class='ocrx_word' id='word_1_240' title='bbox 2970 2448 3213 2512; x_wconf 90' lang='lat' dir='ltr'><strong>coelesti</strong></span> <span class='ocrx_word' id='word_1_241' title='bbox 3256 2466 3383 2511; x_wconf 90' lang='lat' dir='ltr'><strong>una</strong></span> <span class='ocrx_word' id='word_1_242' title='bbox 3420 2447 3545 2510; x_wconf 89' lang='lat' dir='ltr'><strong>erit</strong></span> 
     </span>
     <span class='ocr_line' id='line_1_43' title="bbox 2041 2547 3545 2621; baseline -0.001 -11"><span class='ocrx_word' id='word_1_243' title='bbox 2041 2548 2311 2611; x_wconf 87' lang='lat' dir='ltr'><strong>societas</strong></span> <span class='ocrx_word' id='word_1_244' title='bbox 2366 2555 2430 2610; x_wconf 90' lang='lat' dir='ltr'><strong>et</strong></span> <span class='ocrx_word' id='word_1_245' title='bbox 2482 2567 2611 2610; x_wconf 91' lang='lat' dir='ltr'><strong>una</strong></span> <span class='ocrx_word' id='word_1_246' title='bbox 2661 2547 2945 2610; x_wconf 86' lang='lat' dir='ltr'><strong>Ecclesia</strong></span> <span class='ocrx_word' id='word_1_247' title='bbox 3007 2547 3383 2621; x_wconf 89' lang='lat' dir='ltr'><strong>electorum,</strong></span> <span class='ocrx_word' id='word_1_248' title='bbox 3433 2564 3545 2608; x_wconf 89' lang='lat' dir='ltr'><strong>an-</strong></span> 
     </span>
     <span class='ocr_line' id='line_1_44' title="bbox 2041 2645 2839 2728; baseline -0.003 -19"><span class='ocrx_word' id='word_1_249' title='bbox 2041 2645 2331 2728; x_wconf 89' lang='lat' dir='ltr'><strong>gelorum</strong></span> <span class='ocrx_word' id='word_1_250' title='bbox 2372 2653 2437 2708; x_wconf 90' lang='lat' dir='ltr'><strong>et</strong></span> <span class='ocrx_word' id='word_1_251' title='bbox 2479 2645 2839 2710; x_wconf 88' lang='lat' dir='ltr'><strong>hominum.</strong></span> 
     </span>
    </p>

    <p class='ocr_par' dir='ltr' id='par_1_16' title="bbox 2042 2741 3547 3022">
     <span class='ocr_line' id='line_1_45' title="bbox 2122 2741 3546 2826; baseline -0.002 -19"><span class='ocrx_word' id='word_1_252' title='bbox 2122 2743 2385 2826; x_wconf 88' lang='lat' dir='ltr'><strong>Decepti</strong></span> <span class='ocrx_word' id='word_1_253' title='bbox 2444 2752 2595 2807; x_wconf 89' lang='lat' dir='ltr'><strong>sunt</strong></span> <span class='ocrx_word' id='word_1_254' title='bbox 2652 2761 2825 2824; x_wconf 91' lang='lat' dir='ltr'><strong>ergo,</strong></span> <span class='ocrx_word' id='word_1_255' title='bbox 2876 2743 2989 2826; x_wconf 90' lang='lat' dir='ltr'><strong>qui</strong></span> <span class='ocrx_word' id='word_1_256' title='bbox 3037 2742 3141 2807; x_wconf 89' lang='lat' dir='ltr'><strong>vel</strong></span> <span class='ocrx_word' id='word_1_257' title='bbox 3199 2743 3363 2805; x_wconf 87' lang='lat' dir='ltr'><strong>solas</strong></span> <span class='ocrx_word' id='word_1_258' title='bbox 3422 2741 3546 2804; x_wconf 90' lang='lat' dir='ltr'><strong>vir-</strong></span> 
     </span>
     <span class='ocr_line' id='line_1_46' title="bbox 2042 2838 3546 2923; baseline -0.001 -20"><span class='ocrx_word' id='word_1_259' title='bbox 2042 2841 2247 2922; x_wconf 86' lang='lat' dir='ltr'><strong>gines,</strong></span> <span class='ocrx_word' id='word_1_260' title='bbox 2297 2849 2407 2903; x_wconf 87' lang='lat' dir='ltr'><strong>aut</strong></span> <span class='ocrx_word' id='word_1_261' title='bbox 2452 2840 2619 2904; x_wconf 88' lang='lat' dir='ltr'><strong>solos</strong></span> <span class='ocrx_word' id='word_1_262' title='bbox 2670 2840 2987 2923; x_wconf 88' lang='lat' dir='ltr'><strong>perfectos</strong></span> <span class='ocrx_word' id='word_1_263' title='bbox 3036 2840 3115 2904; x_wconf 89' lang='lat' dir='ltr'><strong>ad</strong></span> <span class='ocrx_word' id='word_1_264' title='bbox 3173 2838 3546 2920; x_wconf 89' lang='lat' dir='ltr'><strong>angelorum</strong></span> 
     </span>
     <span class='ocr_line' id='line_1_47' title="bbox 2045 2937 3547 3022; baseline -0.002 -20"><span class='ocrx_word' id='word_1_265' title='bbox 2045 2937 2475 3021; x_wconf 71' lang='lat' dir='ltr'><strong>:equalitatem</strong></span> <span class='ocrx_word' id='word_1_266' title='bbox 2522 2939 2789 3022; x_wconf 90' lang='lat' dir='ltr'><strong>perduci</strong></span> <span class='ocrx_word' id='word_1_267' title='bbox 2836 2939 3156 3002; x_wconf 90' lang='lat' dir='ltr'><strong>dixerunt.</strong></span> <span class='ocrx_word' id='word_1_268' title='bbox 3208 2938 3547 3020; x_wconf 86' lang='lat' dir='ltr'><strong>Propterea</strong></span> 
     </span>
    </p>
   </div>
   <div class='ocr_carea' id='block_1_15' title="bbox 419 3036 3550 3319">
    <p class='ocr_par' dir='ltr' id='par_1_17' title="bbox 419 3036 3550 3319">
     <span class='ocr_line' id='line_1_48' title="bbox 419 3036 3549 3125; baseline -0.003 -20"><span class='ocrx_word' id='word_1_269' title='bbox 419 3044 758 3106; x_wconf 85' lang='lat' dir='ltr'><strong>caritatem</strong></span> <span class='ocrx_word' id='word_1_270' title='bbox 809 3051 1070 3125; x_wconf 90' lang='lat' dir='ltr'><strong>tamque</strong></span> <span class='ocrx_word' id='word_1_271' title='bbox 1131 3041 1528 3104; x_wconf 88' lang='lat' dir='ltr'><strong>caritativam</strong></span> <span class='ocrx_word' id='word_1_272' title='bbox 1582 3042 1662 3105; x_wconf 87' lang='lat' dir='ltr'><strong>ad</strong></span> <span class='ocrx_word' id='word_1_273' title='bbox 1729 3043 1932 3105; x_wconf 90' lang='lat' dir='ltr'><strong>Deum</strong></span> <span class='ocrx_word' id='word_1_274' title='bbox 1965 3037 2010 3103; x_wconf 89' lang='lat' dir='ltr'>C</span> <span class='ocrx_word' id='word_1_275' title='bbox 2045 3055 2301 3120; x_wconf 91' lang='lat' dir='ltr'><strong>quoque</strong></span> <span class='ocrx_word' id='word_1_276' title='bbox 2332 3045 2515 3101; x_wconf 91' lang='lat' dir='ltr'><strong>caute</strong></span> <span class='ocrx_word' id='word_1_277' title='bbox 2546 3038 2931 3101; x_wconf 90' lang='lat' dir='ltr'><strong>sumendum</strong></span> <span class='ocrx_word' id='word_1_278' title='bbox 2963 3045 3061 3100; x_wconf 90' lang='lat' dir='ltr'><strong>est</strong></span> <span class='ocrx_word' id='word_1_279' title='bbox 3099 3037 3270 3120; x_wconf 90' lang='lat' dir='ltr'><strong>quod</strong></span> <span class='ocrx_word' id='word_1_280' title='bbox 3312 3036 3379 3098; x_wconf 92' lang='lat' dir='ltr'><strong>in</strong></span> <span class='ocrx_word' id='word_1_281' title='bbox 3418 3053 3549 3098; x_wconf 88' lang='lat' dir='ltr'><strong>ser-</strong></span> 
     </span>
     <span class='ocr_line' id='line_1_49' title="bbox 419 3133 3550 3223; baseline -0.003 -19"><span class='ocrx_word' id='word_1_282' title='bbox 419 3141 916 3204; x_wconf 85' lang='lat' dir='ltr'><strong>conversionem</strong></span> <span class='ocrx_word' id='word_1_283' title='bbox 951 3140 1334 3223; x_wconf 86' lang='lat' dir='ltr'><strong>pertingere,</strong></span> <span class='ocrx_word' id='word_1_284' title='bbox 1367 3140 1592 3202; x_wconf 87' lang='lat' dir='ltr'><strong>saltem</strong></span> <span class='ocrx_word' id='word_1_285' title='bbox 1625 3139 1933 3223; x_wconf 87' lang='lat' dir='ltr'><strong>paulatim</strong></span> <span class='ocrx_word' id='word_1_286' title='bbox 2045 3153 2237 3200; x_wconf 90' lang='lat' dir='ltr'><strong>mone</strong></span> <span class='ocrx_word' id='word_1_287' title='bbox 2282 3135 2361 3198; x_wconf 91' lang='lat' dir='ltr'><strong>de</strong></span> <span class='ocrx_word' id='word_1_288' title='bbox 2400 3136 2855 3220; x_wconf 89' lang='lat' dir='ltr'><strong>Assumptione</strong></span> <span class='ocrx_word' id='word_1_289' title='bbox 2898 3135 3375 3218; x_wconf 66' lang='lat' dir='ltr'><strong>gloriosissimis</strong></span> <span class='ocrx_word' id='word_1_290' title='bbox 3414 3133 3550 3196; x_wconf 83' lang='lat' dir='ltr'><strong>vir·</strong></span> 
     </span>
     <span class='ocr_line' id='line_1_50' title="bbox 419 3230 3548 3319; baseline -0.003 -18"><span class='ocrx_word' id='word_1_291' title='bbox 419 3247 490 3302; x_wconf 86' lang='lat' dir='ltr'><strong>et</strong></span> <span class='ocrx_word' id='word_1_292' title='bbox 535 3237 922 3310; x_wconf 88' lang='lat' dir='ltr'><strong>successive,</strong></span> <span class='ocrx_word' id='word_1_293' title='bbox 956 3245 1262 3319; x_wconf 86' lang='lat' dir='ltr'><strong>quantam</strong></span> <span class='ocrx_word' id='word_1_294' title='bbox 1306 3237 1516 3318; x_wconf 84' lang='lat' dir='ltr'><strong>angeli</strong></span> <span class='ocrx_word' id='word_1_295' title='bbox 1560 3245 1708 3300; x_wconf 89' lang='lat' dir='ltr'><strong>ante</strong></span> <span class='ocrx_word' id='word_1_296' title='bbox 1751 3256 1932 3300; x_wconf 90' lang='lat' dir='ltr'><strong>suam</strong></span> <span class='ocrx_word' id='word_1_297' title='bbox 2042 3233 2213 3315; x_wconf 88' lang='lat' dir='ltr'><strong>ginis</strong></span> <span class='ocrx_word' id='word_1_298' title='bbox 2270 3233 2529 3317; x_wconf 87' lang='lat' dir='ltr'><strong>scripsit</strong></span> <span class='ocrx_word' id='word_1_299' title='bbox 2582 3233 2651 3296; x_wconf 91' lang='grc' dir='ltr'><strong>Β.</strong></span> <span class='ocrx_word' id='word_1_300' title='bbox 2702 3233 3126 3316; x_wconf 79' lang='lat' dir='ltr'><strong>Hieronymus</strong></span> <span class='ocrx_word' id='word_1_301' title='bbox 3180 3251 3195 3296; x_wconf 75' lang='grc' dir='ltr'>ε</span> <span class='ocrx_word' id='word_1_302' title='bbox 3246 3230 3548 3308; x_wconf 87' lang='lat' dir='ltr'><strong>Quamvis</strong></span> 
     </span>
    </p>
   </div>
   <div class='ocr_carea' id='block_1_16' title="bbox 419 3335 1937 4106">
    <p class='ocr_par' dir='ltr' id='par_1_18' title="bbox 419 3335 1937 4106">
     <span class='ocr_line' id='line_1_51' title="bbox 419 3335 1934 3417; baseline -0.001 -17"><span class='ocrx_word' id='word_1_303' title='bbox 419 3335 970 3400; x_wconf 86' lang='lat' dir='ltr'><strong>beatificationem</strong></span> <span class='ocrx_word' id='word_1_304' title='bbox 1035 3335 1396 3414; x_wconf 83' lang='lat' dir='ltr'><strong>habebant3</strong></span> <span class='ocrx_word' id='word_1_305' title='bbox 1448 3343 1694 3398; x_wconf 89' lang='lat' dir='ltr'><strong>constat</strong></span> <span class='ocrx_word' id='word_1_306' title='bbox 1764 3335 1934 3417; x_wconf 89' lang='lat' dir='ltr'><strong>quod</strong></span> 
     </span>
     <span class='ocr_line' id='line_1_52' title="bbox 419 3433 1936 3519; baseline -0.003 -20"><span class='ocrx_word' id='word_1_307' title='bbox 419 3436 590 3519; x_wconf 86' lang='lat' dir='ltr'><strong>ipsis</strong></span> <span class='ocrx_word' id='word_1_308' title='bbox 646 3433 972 3517; x_wconf 87' lang='lat' dir='ltr'><strong>parificari</strong></span> <span class='ocrx_word' id='word_1_309' title='bbox 1022 3441 1258 3515; x_wconf 86' lang='lat' dir='ltr'><strong>queant</strong></span> <span class='ocrx_word' id='word_1_310' title='bbox 1305 3433 1372 3495; x_wconf 91' lang='lat' dir='ltr'><strong>in</strong></span> <span class='ocrx_word' id='word_1_311' title='bbox 1419 3433 1641 3515; x_wconf 89' lang='lat' dir='ltr'><strong>gloria,</strong></span> <span class='ocrx_word' id='word_1_312' title='bbox 1695 3433 1826 3496; x_wconf 90' lang='lat' dir='ltr'><strong>imo</strong></span> <span class='ocrx_word' id='word_1_313' title='bbox 1871 3442 1936 3496; x_wconf 91' lang='lat' dir='ltr'><strong>et</strong></span> 
     </span>
     <span class='ocr_line' id='line_1_53' title="bbox 419 3531 1934 3615; baseline -0.002 -18"><span class='ocrx_word' id='word_1_314' title='bbox 419 3533 648 3597; x_wconf 85' lang='lat' dir='ltr'><strong>multis</strong></span> <span class='ocrx_word' id='word_1_315' title='bbox 675 3549 898 3596; x_wconf 89' lang='lat' dir='ltr'><strong>eorum</strong></span> <span class='ocrx_word' id='word_1_316' title='bbox 932 3531 1252 3614; x_wconf 85' lang='lat' dir='ltr'><strong>praeferri3</strong></span> <span class='ocrx_word' id='word_1_317' title='bbox 1276 3531 1572 3614; x_wconf 89' lang='lat' dir='ltr'><strong>quamvis</strong></span> <span class='ocrx_word' id='word_1_318' title='bbox 1603 3531 1934 3615; x_wconf 87' lang='lat' dir='ltr'><strong>probabile</strong></span> 
     </span>
     <span class='ocr_line' id='line_1_54' title="bbox 419 3629 1933 3714; baseline -0.003 -18"><span class='ocrx_word' id='word_1_319' title='bbox 419 3633 534 3704; x_wconf 87' lang='lat' dir='ltr'><strong>sit,</strong></span> <span class='ocrx_word' id='word_1_320' title='bbox 568 3631 740 3714; x_wconf 89' lang='lat' dir='ltr'><strong>quod</strong></span> <span class='ocrx_word' id='word_1_321' title='bbox 769 3647 962 3694; x_wconf 91' lang='lat' dir='ltr'><strong>nemo</strong></span> <span class='ocrx_word' id='word_1_322' title='bbox 991 3629 1292 3693; x_wconf 90' lang='lat' dir='ltr'><strong>omnibus</strong></span> <span class='ocrx_word' id='word_1_323' title='bbox 1332 3630 1459 3694; x_wconf 91' lang='lat' dir='ltr'><strong>illis</strong></span> <span class='ocrx_word' id='word_1_324' title='bbox 1499 3631 1933 3714; x_wconf 82' lang='lat' dir='ltr'><strong>praeemineat,</strong></span> 
     </span>
     <span class='ocr_line' id='line_1_55' title="bbox 423 3728 1937 3815; baseline -0.001 -21"><span class='ocrx_word' id='word_1_325' title='bbox 423 3738 663 3815; x_wconf 86' lang='lat' dir='ltr'><strong>praeter</strong></span> <span class='ocrx_word' id='word_1_326' title='bbox 701 3728 1025 3793; x_wconf 88' lang='lat' dir='ltr'><strong>Christum</strong></span> <span class='ocrx_word' id='word_1_327' title='bbox 1065 3736 1130 3791; x_wconf 90' lang='lat' dir='ltr'><strong>et</strong></span> <span class='ocrx_word' id='word_1_328' title='bbox 1165 3729 1306 3809; x_wconf 81' lang='lat' dir='ltr'><strong>ejus</strong></span> <span class='ocrx_word' id='word_1_329' title='bbox 1345 3728 1788 3810; x_wconf 86' lang='lat' dir='ltr'><strong>dignissimam</strong></span> <span class='ocrx_word' id='word_1_330' title='bbox 1819 3728 1937 3792; x_wconf 89' lang='lat' dir='ltr'><strong>Ge-</strong></span> 
     </span>
     <span class='ocr_line' id='line_1_56' title="bbox 425 3825 1937 3908; baseline -0.002 -15"><span class='ocrx_word' id='word_1_331' title='bbox 425 3829 754 3893; x_wconf 86' lang='lat' dir='ltr'><strong>nitricem.</strong></span> <span class='ocrx_word' id='word_1_332' title='bbox 777 3827 1023 3891; x_wconf 88' lang='lat' dir='ltr'><strong>Idcirco</strong></span> <span class='ocrx_word' id='word_1_333' title='bbox 1053 3827 1120 3890; x_wconf 89' lang='lat' dir='ltr'><strong>in</strong></span> <span class='ocrx_word' id='word_1_334' title='bbox 1151 3825 1496 3907; x_wconf 87' lang='lat' dir='ltr'><strong>Evangelio</strong></span> <span class='ocrx_word' id='word_1_335' title='bbox 1522 3826 1766 3890; x_wconf 88' lang='lat' dir='ltr'><strong>Veritas</strong></span> <span class='ocrx_word' id='word_1_336' title='bbox 1796 3844 1937 3908; x_wconf 88' lang='lat' dir='ltr'><strong>pro-</strong></span> 
     </span>
     <span class='ocr_line' id='line_1_57' title="bbox 425 3923 1936 4008; baseline -0.001 -18"><span class='ocrx_word' id='word_1_337' title='bbox 425 3935 728 4000; x_wconf 86' lang='lat' dir='ltr'><strong>testatur,</strong></span> <span class='ocrx_word' id='word_1_338' title='bbox 775 3925 949 4008; x_wconf 91' lang='lat' dir='ltr'><strong>quod</strong></span> <span class='ocrx_word' id='word_1_339' title='bbox 1005 3925 1116 4007; x_wconf 88' lang='lat' dir='ltr'><strong>qui</strong></span> <span class='ocrx_word' id='word_1_340' title='bbox 1175 3923 1286 3987; x_wconf 91' lang='lat' dir='ltr'><strong>illo</strong></span> <span class='ocrx_word' id='word_1_341' title='bbox 1343 3941 1539 4005; x_wconf 91' lang='lat' dir='ltr'><strong>regno</strong></span> <span class='ocrx_word' id='word_1_342' title='bbox 1595 3925 1772 4006; x_wconf 88' lang='lat' dir='ltr'><strong>digni</strong></span> <span class='ocrx_word' id='word_1_343' title='bbox 1829 3924 1936 3989; x_wconf 87' lang='lat' dir='ltr'><strong>ha-</strong></span> 
     </span>
     <span class='ocr_line' id='line_1_58' title="bbox 429 4022 1936 4106; baseline -0.001 -18"><span class='ocrx_word' id='word_1_344' title='bbox 429 4025 788 4098; x_wconf 88' lang='lat' dir='ltr'><strong>bebuntur,</strong></span> <span class='ocrx_word' id='word_1_345' title='bbox 821 4031 1010 4086; x_wconf 90' lang='lat' dir='ltr'><strong>erunt</strong></span> <span class='ocrx_word' id='word_1_346' title='bbox 1039 4023 1206 4086; x_wconf 86' lang='lat' dir='ltr'><strong>sicut</strong></span> <span class='ocrx_word' id='word_1_347' title='bbox 1242 4022 1449 4104; x_wconf 88' lang='lat' dir='ltr'><strong>angeli</strong></span> <span class='ocrx_word' id='word_1_348' title='bbox 1481 4023 1613 4086; x_wconf 91' lang='lat' dir='ltr'><strong>Dei.</strong></span> <span class='ocrx_word' id='word_1_349' title='bbox 1648 4024 1936 4106; x_wconf 88' lang='lat' dir='ltr'><strong>Denique</strong></span> 
     </span>
    </p>
   </div>
   <div class='ocr_carea' id='block_1_17' title="bbox 2043 3331 3551 4107">
    <p class='ocr_par' dir='ltr' id='par_1_19' title="bbox 2043 3331 3551 4107">
     <span class='ocr_line' id='line_1_59' title="bbox 2043 3331 3551 3416; baseline 0 -20"><span class='ocrx_word' id='word_1_350' title='bbox 2043 3333 2281 3396; x_wconf 85' lang='lat' dir='ltr'><strong>sanctis</strong></span> <span class='ocrx_word' id='word_1_351' title='bbox 2312 3333 2683 3397; x_wconf 89' lang='lat' dir='ltr'><strong>hominibus</strong></span> <span class='ocrx_word' id='word_1_352' title='bbox 2722 3333 3077 3397; x_wconf 88' lang='lat' dir='ltr'><strong>similitudo</strong></span> <span class='ocrx_word' id='word_1_353' title='bbox 3118 3332 3423 3416; x_wconf 79' lang='lat' dir='ltr'><strong>angelicae</strong></span> <span class='ocrx_word' id='word_1_354' title='bbox 3460 3331 3551 3396; x_wconf 88' lang='lat' dir='ltr'><strong>fe·</strong></span> 
     </span>
     <span class='ocr_line' id='line_1_60' title="bbox 2047 3431 3545 3516; baseline 0 -22"><span class='ocrx_word' id='word_1_355' title='bbox 2047 3431 2305 3496; x_wconf 89' lang='lat' dir='ltr'><strong>licitatis</strong></span> <span class='ocrx_word' id='word_1_356' title='bbox 2362 3433 2780 3516; x_wconf 89' lang='lat' dir='ltr'><strong>promittitur,</strong></span> <span class='ocrx_word' id='word_1_357' title='bbox 2836 3431 3069 3495; x_wconf 86' lang='lat' dir='ltr'><strong>veritas</strong></span> <span class='ocrx_word' id='word_1_358' title='bbox 3128 3433 3478 3513; x_wconf 89' lang='lat' dir='ltr'><strong>denegatur</strong></span> <span class='ocrx_word' id='word_1_359' title='bbox 3530 3449 3545 3494; x_wconf 74' lang='grc' dir='ltr'><strong><em>ε</em></strong></span> 
     </span>
     <span class='ocr_line' id='line_1_61' title="bbox 2045 3530 3405 3613; baseline -0.001 -20"><span class='ocrx_word' id='word_1_360' title='bbox 2045 3531 2217 3613; x_wconf 89' lang='lat' dir='ltr'><strong>quod</strong></span> <span class='ocrx_word' id='word_1_361' title='bbox 2248 3531 2401 3594; x_wconf 89' lang='lat' dir='ltr'><strong>satis</strong></span> <span class='ocrx_word' id='word_1_362' title='bbox 2428 3530 2707 3594; x_wconf 89' lang='lat' dir='ltr'><strong>obscure</strong></span> <span class='ocrx_word' id='word_1_363' title='bbox 2739 3530 3059 3613; x_wconf 91' lang='lat' dir='ltr'><strong>prolatum</strong></span> <span class='ocrx_word' id='word_1_364' title='bbox 3090 3538 3405 3594; x_wconf 87' lang='lat' dir='ltr'><strong>censetur.</strong></span> 
     </span>
     <span class='ocr_line' id='line_1_62' title="bbox 2124 3628 3549 3711; baseline 0.001 -20"><span class='ocrx_word' id='word_1_365' title='bbox 2124 3629 2469 3704; x_wconf 88' lang='lat' dir='ltr'><strong>Postremo,</strong></span> <span class='ocrx_word' id='word_1_366' title='bbox 2502 3648 2582 3691; x_wconf 88' lang='lat' dir='ltr'><strong>ex</strong></span> <span class='ocrx_word' id='word_1_367' title='bbox 2611 3628 2713 3692; x_wconf 91' lang='lat' dir='ltr'><strong>his</strong></span> <span class='ocrx_word' id='word_1_368' title='bbox 2752 3629 3015 3711; x_wconf 89' lang='lat' dir='ltr'><strong>quidam</strong></span> <span class='ocrx_word' id='word_1_369' title='bbox 3055 3628 3345 3702; x_wconf 89' lang='lat' dir='ltr'><strong>eliciunt,</strong></span> <span class='ocrx_word' id='word_1_370' title='bbox 3378 3629 3549 3710; x_wconf 91' lang='lat' dir='ltr'><strong>quod</strong></span> 
     </span>
     <span class='ocr_line' id='line_1_63' title="bbox 2047 3729 3549 3813; baseline 0.001 -22"><span class='ocrx_word' id='word_1_371' title='bbox 2047 3729 2348 3793; x_wconf 88' lang='lat' dir='ltr'><strong>infantuli</strong></span> <span class='ocrx_word' id='word_1_372' title='bbox 2379 3729 2460 3792; x_wconf 87' lang='lat' dir='ltr'><strong>ab</strong></span> <span class='ocrx_word' id='word_1_373' title='bbox 2498 3730 2796 3812; x_wconf 86' lang='lat' dir='ltr'><strong>originali</strong></span> <span class='ocrx_word' id='word_1_374' title='bbox 2835 3737 3099 3813; x_wconf 87' lang='lat' dir='ltr'><strong>peccato</strong></span> <span class='ocrx_word' id='word_1_375' title='bbox 3129 3729 3401 3812; x_wconf 89' lang='lat' dir='ltr'><strong>purgati,</strong></span> <span class='ocrx_word' id='word_1_376' title='bbox 3435 3729 3549 3812; x_wconf 89' lang='lat' dir='ltr'><strong>qui</strong></span> 
     </span>
     <span class='ocr_line' id='line_1_64' title="bbox 2049 3827 3546 3912; baseline -0.001 -22"><span class='ocrx_word' id='word_1_377' title='bbox 2049 3828 2301 3891; x_wconf 91' lang='lat' dir='ltr'><strong>nullum</strong></span> <span class='ocrx_word' id='word_1_378' title='bbox 2372 3829 2707 3912; x_wconf 89' lang='lat' dir='ltr'><strong>proprium</strong></span> <span class='ocrx_word' id='word_1_379' title='bbox 2790 3827 3091 3891; x_wconf 90' lang='lat' dir='ltr'><strong>meritum</strong></span> <span class='ocrx_word' id='word_1_380' title='bbox 3160 3827 3546 3902; x_wconf 89' lang='lat' dir='ltr'><strong>habuerunt,</strong></span> 
     </span>
     <span class='ocr_line' id='line_1_65' title="bbox 2047 3927 3546 3992; baseline -0.002 0"><span class='ocrx_word' id='word_1_381' title='bbox 2047 3929 2446 3992; x_wconf 90' lang='lat' dir='ltr'><strong>constituunt</strong></span> <span class='ocrx_word' id='word_1_382' title='bbox 2502 3927 2827 3990; x_wconf 89' lang='lat' dir='ltr'><strong>decimum</strong></span> <span class='ocrx_word' id='word_1_383' title='bbox 2887 3927 3155 3990; x_wconf 88' lang='lat' dir='ltr'><strong>chorum</strong></span> <span class='ocrx_word' id='word_1_384' title='bbox 3209 3927 3546 3989; x_wconf 86' lang='lat' dir='ltr'><strong>Beatorum</strong></span> 
     </span>
     <span class='ocr_line' id='line_1_66' title="bbox 2047 4023 3547 4107; baseline -0.002 -19"><span class='ocrx_word' id='word_1_385' title='bbox 2047 4025 2115 4088; x_wconf 90' lang='lat' dir='ltr'><strong>in</strong></span> <span class='ocrx_word' id='word_1_386' title='bbox 2144 4024 2569 4107; x_wconf 88' lang='lat' dir='ltr'><strong>triumphanti</strong></span> <span class='ocrx_word' id='word_1_387' title='bbox 2603 4024 2888 4088; x_wconf 87' lang='lat' dir='ltr'><strong>Ecclesia</strong></span> <span class='ocrx_word' id='word_1_388' title='bbox 2918 4042 2932 4087; x_wconf 89' lang='lat'><strong>:</strong></span> <span class='ocrx_word' id='word_1_389' title='bbox 2967 4025 3033 4086; x_wconf 87' lang='lat' dir='ltr'><strong>in</strong></span> <span class='ocrx_word' id='word_1_390' title='bbox 3074 4023 3260 4105; x_wconf 88' lang='lat' dir='ltr'><strong>cujus</strong></span> <span class='ocrx_word' id='word_1_391' title='bbox 3290 4023 3547 4104; x_wconf 88' lang='lat' dir='ltr'><strong>signum</strong></span> 
     </span>
    </p>
   </div>
   <div class='ocr_carea' id='block_1_18' title="bbox 2047 4121 3833 4194">
    <p class='ocr_par' dir='ltr' id='par_1_20' title="bbox 2047 4121 3833 4194">
     <span class='ocr_line' id='line_1_67' title="bbox 2047 4121 3833 4194; baseline -0.002 -5"><span class='ocrx_word' id='word_1_392' title='bbox 2047 4125 2433 4189; x_wconf 87' lang='lat' dir='ltr'><strong>describitur</strong></span> <span class='ocrx_word' id='word_1_393' title='bbox 2480 4123 2715 4188; x_wconf 89' lang='lat' dir='ltr'><strong>mulier</strong></span> <span class='ocrx_word' id='word_1_394' title='bbox 2770 4124 2993 4187; x_wconf 91' lang='lat' dir='ltr'><strong>decem</strong></span> <span class='ocrx_word' id='word_1_395' title='bbox 3050 4123 3381 4186; x_wconf 88' lang='lat' dir='ltr'><strong>drachmas</strong></span> <span class='ocrx_word' id='word_1_396' title='bbox 3438 4121 3833 4194; x_wconf 69' lang='lat' dir='ltr'><strong>ha-Lue.n,⁸.</strong></span> 
     </span>
    </p>
   </div>
   <div class='ocr_carea' id='block_1_19' title="bbox 427 4218 3548 4307">
    <p class='ocr_par' dir='ltr' id='par_1_21' title="bbox 427 4218 3548 4307">
     <span class='ocr_line' id='line_1_68' title="bbox 427 4218 3548 4307; baseline -0.001 -19"><span class='ocrx_word' id='word_1_397' title='bbox 427 4221 784 4288; x_wconf 88' lang='lat' dir='ltr'><strong>merabiles</strong></span> <span class='ocrx_word' id='word_1_398' title='bbox 821 4219 1116 4284; x_wconf 88' lang='lat' dir='ltr'><strong>homines</strong></span> <span class='ocrx_word' id='word_1_399' title='bbox 1155 4218 1306 4283; x_wconf 90' lang='lat' dir='ltr'><strong>boni</strong></span> <span class='ocrx_word' id='word_1_400' title='bbox 1346 4235 1464 4303; x_wconf 90' lang='lat' dir='ltr'><strong>pro</strong></span> <span class='ocrx_word' id='word_1_401' title='bbox 1493 4218 1604 4282; x_wconf 92' lang='lat' dir='ltr'><strong>illa</strong></span> <span class='ocrx_word' id='word_1_402' title='bbox 1632 4219 1938 4284; x_wconf 88' lang='lat' dir='ltr'><strong>felicitate</strong></span> <span class='ocrx_word' id='word_1_403' title='bbox 1967 4225 2016 4288; x_wconf 89' lang='lat' dir='ltr'>D</span> <span class='ocrx_word' id='word_1_404' title='bbox 2048 4222 2289 4286; x_wconf 89' lang='lat' dir='ltr'><strong>buisse.</strong></span> <span class='ocrx_word' id='word_1_405' title='bbox 2323 4221 2419 4286; x_wconf 89' lang='lat' dir='ltr'><strong>Ad</strong></span> <span class='ocrx_word' id='word_1_406' title='bbox 2450 4239 2643 4307; x_wconf 90' lang='lat' dir='ltr'><strong>quem</strong></span> <span class='ocrx_word' id='word_1_407' title='bbox 2682 4221 2877 4284; x_wconf 86' lang='lat' dir='ltr'><strong>etiam</strong></span> <span class='ocrx_word' id='word_1_408' title='bbox 2918 4221 3184 4284; x_wconf 87' lang='lat' dir='ltr'><strong>chorum</strong></span> <span class='ocrx_word' id='word_1_409' title='bbox 3225 4219 3548 4303; x_wconf 87' lang='lat' dir='ltr'><strong>pertinere</strong></span> 
     </span>
    </p>
   </div>
   <div class='ocr_carea' id='block_1_20' title="bbox 423 4315 1942 5386">
    <p class='ocr_par' dir='ltr' id='par_1_22' title="bbox 423 4315 1942 5386">
     <span class='ocr_line' id='line_1_69' title="bbox 425 4315 1937 4400; baseline -0.004 -13"><span class='ocrx_word' id='word_1_410' title='bbox 425 4329 526 4387; x_wconf 85' lang='lat' dir='ltr'><strong>tot</strong></span> <span class='ocrx_word' id='word_1_411' title='bbox 555 4321 769 4396; x_wconf 84' lang='lat' dir='ltr'><strong>annis,</strong></span> <span class='ocrx_word' id='word_1_412' title='bbox 789 4317 984 4382; x_wconf 85' lang='lat' dir='ltr'><strong>tantis</strong></span> <span class='ocrx_word' id='word_1_413' title='bbox 1014 4316 1438 4400; x_wconf 89' lang='lat' dir='ltr'><strong>temporibus,</strong></span> <span class='ocrx_word' id='word_1_414' title='bbox 1457 4323 1585 4380; x_wconf 82' lang='lat' dir='ltr'><strong>tam</strong></span> <span class='ocrx_word' id='word_1_415' title='bbox 1619 4315 1937 4381; x_wconf 89' lang='lat' dir='ltr'><strong>indefesse</strong></span> 
     </span>
     <span class='ocr_line' id='line_1_70' title="bbox 425 4413 1941 4491; baseline -0.005 -6"><span class='ocrx_word' id='word_1_416' title='bbox 425 4417 890 4491; x_wconf 85' lang='lat' dir='ltr'><strong>laboraverint,</strong></span> <span class='ocrx_word' id='word_1_417' title='bbox 947 4424 1080 4480; x_wconf 88' lang='lat' dir='ltr'><strong>tam</strong></span> <span class='ocrx_word' id='word_1_418' title='bbox 1137 4415 1296 4478; x_wconf 87' lang='lat' dir='ltr'><strong>dura</strong></span> <span class='ocrx_word' id='word_1_419' title='bbox 1352 4422 1415 4478; x_wconf 94' lang='lat' dir='ltr'><strong>et</strong></span> <span class='ocrx_word' id='word_1_420' title='bbox 1471 4413 1941 4478; x_wconf 86' lang='lat' dir='ltr'><strong>immanissima</strong></span> 
     </span>
     <span class='ocr_line' id='line_1_71' title="bbox 423 4514 1941 4599; baseline -0.001 -18"><span class='ocrx_word' id='word_1_421' title='bbox 423 4524 754 4582; x_wconf 83' lang='lat' dir='ltr'><strong>tormenta</strong></span> <span class='ocrx_word' id='word_1_422' title='bbox 785 4514 1073 4599; x_wconf 89' lang='lat' dir='ltr'><strong>perpessi</strong></span> <span class='ocrx_word' id='word_1_423' title='bbox 1104 4515 1254 4590; x_wconf 86' lang='lat' dir='ltr'><strong>sint,</strong></span> <span class='ocrx_word' id='word_1_424' title='bbox 1271 4521 1402 4578; x_wconf 83' lang='lat' dir='ltr'><strong>tam</strong></span> <span class='ocrx_word' id='word_1_425' title='bbox 1433 4519 1690 4578; x_wconf 89' lang='lat' dir='ltr'><strong>strenue</strong></span> <span class='ocrx_word' id='word_1_426' title='bbox 1721 4521 1941 4579; x_wconf 84' lang='lat' dir='ltr'><strong>contra</strong></span> 
     </span>
     <span class='ocr_line' id='line_1_72' title="bbox 423 4612 1941 4688; baseline -0.001 -10"><span class='ocrx_word' id='word_1_427' title='bbox 423 4616 802 4678; x_wconf 79' lang='lat' dir='ltr'><strong>animarum</strong></span> <span class='ocrx_word' id='word_1_428' title='bbox 831 4631 1092 4676; x_wconf 86' lang='lat' dir='ltr'><strong>suarum</strong></span> <span class='ocrx_word' id='word_1_429' title='bbox 1139 4612 1496 4676; x_wconf 87' lang='lat' dir='ltr'><strong>invisibiles</strong></span> <span class='ocrx_word' id='word_1_430' title='bbox 1538 4612 1775 4688; x_wconf 87' lang='grc'>1103163,</span> <span class='ocrx_word' id='word_1_431' title='bbox 1807 4613 1941 4676; x_wconf 89' lang='grc'>1160</span> 
     </span>
     <span class='ocr_line' id='line_1_73' title="bbox 427 4711 1940 4795; baseline -0.002 -18"><span class='ocrx_word' id='word_1_432' title='bbox 427 4722 497 4778; x_wconf 79' lang='lat' dir='ltr'><strong>et</strong></span> <span class='ocrx_word' id='word_1_433' title='bbox 529 4721 756 4777; x_wconf 86' lang='lat' dir='ltr'><strong>contra</strong></span> <span class='ocrx_word' id='word_1_434' title='bbox 785 4711 1110 4795; x_wconf 88' lang='lat' dir='ltr'><strong>propriam</strong></span> <span class='ocrx_word' id='word_1_435' title='bbox 1141 4711 1534 4774; x_wconf 80' lang='lat' dir='ltr'><strong>voluntatem</strong></span> <span class='ocrx_word' id='word_1_436' title='bbox 1564 4719 1629 4775; x_wconf 90' lang='lat' dir='ltr'><strong>et</strong></span> <span class='ocrx_word' id='word_1_437' title='bbox 1659 4711 1940 4775; x_wconf 88' lang='lat' dir='ltr'><strong>infectis-</strong></span> 
     </span>
     <span class='ocr_line' id='line_1_74' title="bbox 427 4808 1940 4892; baseline -0.001 -17"><span class='ocrx_word' id='word_1_438' title='bbox 427 4813 670 4876; x_wconf 87' lang='lat' dir='ltr'><strong>simam</strong></span> <span class='ocrx_word' id='word_1_439' title='bbox 717 4826 998 4883; x_wconf 87' lang='lat' dir='ltr'><strong>carnem,</strong></span> <span class='ocrx_word' id='word_1_440' title='bbox 1031 4808 1624 4872; x_wconf 89' lang='lat' dir='ltr'><strong>immundissimum</strong></span> <span class='ocrx_word' id='word_1_441' title='bbox 1683 4827 1940 4892; x_wconf 90' lang='lat' dir='ltr'><strong>quoque</strong></span> 
     </span>
     <span class='ocr_line' id='line_1_75' title="bbox 425 4906 1940 4992; baseline -0.005 -17"><span class='ocrx_word' id='word_1_442' title='bbox 425 4930 510 4974; x_wconf 84' lang='grc'><strong>66</strong></span> <span class='ocrx_word' id='word_1_443' title='bbox 541 4907 981 4992; x_wconf 90' lang='lat' dir='ltr'><strong>deceptorium</strong></span> <span class='ocrx_word' id='word_1_444' title='bbox 1013 4906 1318 4970; x_wconf 89' lang='lat' dir='ltr'><strong>mundum</strong></span> <span class='ocrx_word' id='word_1_445' title='bbox 1347 4907 1477 4970; x_wconf 89' lang='lat' dir='ltr'><strong>sint</strong></span> <span class='ocrx_word' id='word_1_446' title='bbox 1507 4907 1774 4990; x_wconf 79' lang='lat' dir='ltr'><strong>praeliati</strong></span> <span class='ocrx_word' id='word_1_447' title='bbox 1801 4926 1818 4988; x_wconf 84' lang='lat'><em>3</em></span> <span class='ocrx_word' id='word_1_448' title='bbox 1849 4915 1940 4972; x_wconf 89' lang='lat' dir='ltr'><strong>tot</strong></span> 
     </span>
     <span class='ocr_line' id='line_1_76' title="bbox 428 5005 1942 5092; baseline -0.002 -21"><span class='ocrx_word' id='word_1_449' title='bbox 428 5007 722 5092; x_wconf 87' lang='lat' dir='ltr'><strong>gemitus</strong></span> <span class='ocrx_word' id='word_1_450' title='bbox 776 5013 968 5088; x_wconf 89' lang='lat' dir='ltr'><strong>atque</strong></span> <span class='ocrx_word' id='word_1_451' title='bbox 1020 5005 1320 5087; x_wconf 85' lang='lat' dir='ltr'><strong>suspiria,</strong></span> <span class='ocrx_word' id='word_1_452' title='bbox 1367 5012 1462 5068; x_wconf 90' lang='lat' dir='ltr'><strong>tot</strong></span> <span class='ocrx_word' id='word_1_453' title='bbox 1512 5005 1828 5069; x_wconf 88' lang='lat' dir='ltr'><strong>orationes</strong></span> <span class='ocrx_word' id='word_1_454' title='bbox 1876 5013 1942 5068; x_wconf 89' lang='lat' dir='ltr'><strong>et</strong></span> 
     </span>
     <span class='ocr_line' id='line_1_77' title="bbox 429 5102 1940 5185; baseline -0.003 -14"><span class='ocrx_word' id='word_1_455' title='bbox 429 5107 740 5171; x_wconf 88' lang='lat' dir='ltr'><strong>lacrimas</strong></span> <span class='ocrx_word' id='word_1_456' title='bbox 778 5102 1416 5185; x_wconf 87' lang='lat' dir='ltr'><strong>ferventissimosque</strong></span> <span class='ocrx_word' id='word_1_457' title='bbox 1462 5103 1736 5166; x_wconf 83' lang='lat' dir='ltr'><strong>affectus</strong></span> <span class='ocrx_word' id='word_1_458' title='bbox 1783 5103 1940 5167; x_wconf 89' lang='lat' dir='ltr'><strong>emi·</strong></span> 
     </span>
     <span class='ocr_line' id='line_1_78' title="bbox 431 5202 1942 5278; baseline -0.003 -8"><span class='ocrx_word' id='word_1_459' title='bbox 431 5206 646 5270; x_wconf 87' lang='lat' dir='ltr'><strong>serint</strong></span> <span class='ocrx_word' id='word_1_460' title='bbox 683 5212 750 5268; x_wconf 89' lang='lat' dir='ltr'><strong>et</strong></span> <span class='ocrx_word' id='word_1_461' title='bbox 785 5202 1142 5266; x_wconf 89' lang='lat' dir='ltr'><strong>obtulerint</strong></span> <span class='ocrx_word' id='word_1_462' title='bbox 1169 5203 1318 5278; x_wconf 90' lang='lat' dir='ltr'><strong>Deo,</strong></span> <span class='ocrx_word' id='word_1_463' title='bbox 1350 5219 1425 5264; x_wconf 88' lang='lat' dir='ltr'><strong>ac</strong></span> <span class='ocrx_word' id='word_1_464' title='bbox 1453 5220 1602 5266; x_wconf 90' lang='lat' dir='ltr'><strong>eum</strong></span> <span class='ocrx_word' id='word_1_465' title='bbox 1643 5211 1774 5266; x_wconf 88' lang='lat' dir='ltr'><strong>tam</strong></span> <span class='ocrx_word' id='word_1_466' title='bbox 1813 5204 1942 5266; x_wconf 85' lang='lat' dir='ltr'><strong>sin-</strong></span> 
     </span>
     <span class='ocr_line' id='line_1_79' title="bbox 433 5300 1938 5386; baseline -0.004 -14"><span class='ocrx_word' id='word_1_467' title='bbox 433 5303 778 5372; x_wconf 82' lang='lat' dir='ltr'><strong>cerissime</strong></span> <span class='ocrx_word' id='word_1_468' title='bbox 821 5321 1079 5386; x_wconf 85' lang='lat' dir='ltr'><strong>semper</strong></span> <span class='ocrx_word' id='word_1_469' title='bbox 1121 5300 1482 5377; x_wconf 84' lang='lat' dir='ltr'><strong>dilexerint,</strong></span> <span class='ocrx_word' id='word_1_470' title='bbox 1522 5307 1588 5365; x_wconf 92' lang='lat' dir='ltr'><strong>et</strong></span> <span class='ocrx_word' id='word_1_471' title='bbox 1635 5319 1752 5384; x_wconf 90' lang='lat' dir='ltr'><strong>pro</strong></span> <span class='ocrx_word' id='word_1_472' title='bbox 1797 5302 1938 5384; x_wconf 88' lang='lat' dir='ltr'><strong>ejus</strong></span> 
     </span>
    </p>
   </div>
   <div class='ocr_carea' id='block_1_21' title="bbox 2049 4319 3551 4602">
    <p class='ocr_par' dir='ltr' id='par_1_23' title="bbox 2049 4319 3551 4602">
     <span class='ocr_line' id='line_1_80' title="bbox 2049 4319 3550 4402; baseline 0.001 -19"><span class='ocrx_word' id='word_1_473' title='bbox 2049 4320 2421 4396; x_wconf 89' lang='lat' dir='ltr'><strong>creduntur,</strong></span> <span class='ocrx_word' id='word_1_474' title='bbox 2462 4319 2838 4384; x_wconf 84' lang='lat' dir='ltr'><strong>naturaliter</strong></span> <span class='ocrx_word' id='word_1_475' title='bbox 2875 4325 3065 4402; x_wconf 87' lang='lat' dir='ltr'><strong>atque</strong></span> <span class='ocrx_word' id='word_1_476' title='bbox 3110 4319 3389 4383; x_wconf 87' lang='lat' dir='ltr'><strong>totaliter</strong></span> <span class='ocrx_word' id='word_1_477' title='bbox 3426 4327 3550 4384; x_wconf 88' lang='lat' dir='ltr'><strong>sto·</strong></span> 
     </span>
     <span class='ocr_line' id='line_1_81' title="bbox 2050 4417 3551 4502; baseline 0.001 -21"><span class='ocrx_word' id='word_1_478' title='bbox 2050 4419 2165 4483; x_wconf 90' lang='lat' dir='ltr'><strong>lidi</strong></span> <span class='ocrx_word' id='word_1_479' title='bbox 2212 4419 2295 4482; x_wconf 91' lang='lat' dir='ltr'><strong>ab</strong></span> <span class='ocrx_word' id='word_1_480' title='bbox 2342 4419 2637 4502; x_wconf 88' lang='lat' dir='ltr'><strong>originali</strong></span> <span class='ocrx_word' id='word_1_481' title='bbox 2686 4418 2997 4494; x_wconf 89' lang='lat' dir='ltr'><strong>mundati,</strong></span> <span class='ocrx_word' id='word_1_482' title='bbox 3048 4417 3161 4501; x_wconf 90' lang='lat' dir='ltr'><strong>qui</strong></span> <span class='ocrx_word' id='word_1_483' title='bbox 3218 4435 3551 4501; x_wconf 87' lang='lat' dir='ltr'><strong>nunquam</strong></span> 
     </span>
     <span class='ocr_line' id='line_1_82' title="bbox 2051 4515 3549 4602; baseline -0.003 -20"><span class='ocrx_word' id='word_1_484' title='bbox 2051 4517 2473 4602; x_wconf 87' lang='lat' dir='ltr'><strong>personaliter</strong></span> <span class='ocrx_word' id='word_1_485' title='bbox 2502 4524 2876 4581; x_wconf 88' lang='lat' dir='ltr'><strong>meruerunt</strong></span> <span class='ocrx_word' id='word_1_486' title='bbox 2912 4534 3032 4580; x_wconf 90' lang='lat' dir='ltr'><strong>nec</strong></span> <span class='ocrx_word' id='word_1_487' title='bbox 3074 4515 3549 4579; x_wconf 86' lang='lat' dir='ltr'><strong>demeruerunt.</strong></span> 
     </span>
    </p>
   </div>
   <div class='ocr_carea' id='block_1_22' title="bbox 2324 4721 3227 4792">
    <p class='ocr_par' dir='ltr' id='par_1_24' title="bbox 2324 4721 3227 4792">
     <span class='ocr_line' id='line_1_83' title="bbox 2324 4721 3227 4792; baseline -0.004 -1"><span class='ocrx_word' id='word_1_488' title='bbox 2324 4725 2845 4792; x_wconf 89' lang='lat' dir='ltr'>PROPOSITIO</span> <span class='ocrx_word' id='word_1_489' title='bbox 2890 4721 3227 4789; x_wconf 85' lang='lat' dir='ltr'><strong>LXXXV.</strong></span> 
     </span>
    </p>
   </div>
   <div class='ocr_carea' id='block_1_23' title="bbox 2051 4905 3555 5386">
    <p class='ocr_par' dir='ltr' id='par_1_25' title="bbox 2051 4905 3555 5386">
     <span class='ocr_line' id='line_1_84' title="bbox 2131 4905 3555 4988; baseline 0.003 -12"><span class='ocrx_word' id='word_1_490' title='bbox 2131 4911 2357 4977; x_wconf 90' lang='lat' dir='ltr'><strong>Inter</strong></span> <span class='ocrx_word' id='word_1_491' title='bbox 2427 4910 2757 4988; x_wconf 75' lang='lat' dir='ltr'><strong>angelos</strong></span> <span class='ocrx_word' id='word_1_492' title='bbox 2823 4905 3071 4976; x_wconf 84' lang='lat' dir='ltr'><strong>bonos</strong></span> <span class='ocrx_word' id='word_1_493' title='bbox 3145 4911 3228 4976; x_wconf 86' lang='lat' dir='ltr'><strong>et</strong></span> <span class='ocrx_word' id='word_1_494' title='bbox 3297 4907 3555 4980; x_wconf 79' lang='lat' dir='ltr'><strong>malos</strong></span> 
     </span>
     <span class='ocr_line' id='line_1_85' title="bbox 2051 5007 3553 5091; baseline 0.003 -17"><span class='ocrx_word' id='word_1_495' title='bbox 2051 5009 2428 5075; x_wconf 80' lang='lat' dir='ltr'><strong>continua</strong></span> <span class='ocrx_word' id='word_1_496' title='bbox 2486 5009 2571 5074; x_wconf 87' lang='lat' dir='ltr'><strong>et</strong></span> <span class='ocrx_word' id='word_1_497' title='bbox 2623 5009 2945 5089; x_wconf 83' lang='lat' dir='ltr'><strong>proprie</strong></span> <span class='ocrx_word' id='word_1_498' title='bbox 3004 5007 3223 5076; x_wconf 76' lang='lat' dir='ltr'><strong>dtota</strong></span> <span class='ocrx_word' id='word_1_499' title='bbox 3282 5021 3553 5091; x_wconf 74' lang='lat' dir='ltr'><strong>pus-na</strong></span> 
     </span>
     <span class='ocr_line' id='line_1_86' title="bbox 2051 5104 3555 5186; baseline 0.001 -13"><span class='ocrx_word' id='word_1_500' title='bbox 2051 5107 2462 5186; x_wconf 75' lang='lat' dir='ltr'><strong>constetit3</strong></span> <span class='ocrx_word' id='word_1_501' title='bbox 2502 5105 2642 5172; x_wconf 84' lang='lat' dir='ltr'><strong>sed</strong></span> <span class='ocrx_word' id='word_1_502' title='bbox 2683 5105 2897 5171; x_wconf 81' lang='lat' dir='ltr'><strong>tnter</strong></span> <span class='ocrx_word' id='word_1_503' title='bbox 2933 5108 3258 5186; x_wconf 76' lang='lat' dir='ltr'><strong>angelos</strong></span> <span class='ocrx_word' id='word_1_504' title='bbox 3305 5104 3555 5174; x_wconf 85' lang='lat' dir='ltr'><strong>bonos</strong></span> 
     </span>
     <span class='ocr_line' id='line_1_87' title="bbox 2052 5204 3553 5287; baseline 0.005 -17"><span class='ocrx_word' id='word_1_505' title='bbox 2052 5218 2319 5287; x_wconf 75' lang='lat' dir='ltr'><strong>pugna</strong></span> <span class='ocrx_word' id='word_1_506' title='bbox 2374 5217 2533 5270; x_wconf 91' lang='lat' dir='ltr'><strong>non</strong></span> <span class='ocrx_word' id='word_1_507' title='bbox 2581 5204 2706 5269; x_wconf 88' lang='lat' dir='ltr'><strong>est</strong></span> <span class='ocrx_word' id='word_1_508' title='bbox 2756 5205 3099 5286; x_wconf 71' lang='lat' dir='ltr'><strong>propi-10,</strong></span> <span class='ocrx_word' id='word_1_509' title='bbox 3130 5205 3271 5273; x_wconf 85' lang='lat' dir='ltr'><strong>sed</strong></span> <span class='ocrx_word' id='word_1_510' title='bbox 3304 5207 3553 5278; x_wconf 78' lang='lat' dir='ltr'><strong>meta-</strong></span> 
     </span>
     <span class='ocr_line' id='line_1_88' title="bbox 2052 5303 2901 5386; baseline 0.006 -17"><span class='ocrx_word' id='word_1_511' title='bbox 2052 5303 2381 5384; x_wconf 76' lang='lat' dir='ltr'><strong>phones</strong></span> <span class='ocrx_word' id='word_1_512' title='bbox 2423 5304 2901 5386; x_wconf 81' lang='lat' dir='ltr'><strong>nuncupata.</strong></span> 
     </span>
    </p>
   </div>
  </div>
 </body>
</html>
