<?xml version="1.0" encoding="UTF-8"?>
<!DOCTYPE html PUBLIC "-//W3C//DTD XHTML 1.0 Transitional//EN"
    "http://www.w3.org/TR/xhtml1/DTD/xhtml1-transitional.dtd">
<html xmlns="http://www.w3.org/1999/xhtml" xml:lang="en" lang="en">
 <head>
  <title>
</title>
<meta http-equiv="Content-Type" content="text/html;charset=utf-8" />
  <meta name='ocr-system' content='tesseract 3.04.00' />
  <meta name='ocr-capabilities' content='ocr_page ocr_carea ocr_par ocr_line ocrx_word'/>
</head>
<body>
  <div class='ocr_page' id='page_1' title='image "./doctorisecstati05unkngoog_0308.png"; bbox 0 0 4300 6259; ppageno 0'>
   <div class='ocr_carea' id='block_1_1' title="bbox 686 2843 764 2874">
    <p class='ocr_par' dir='ltr' id='par_1_1' title="bbox 686 2843 764 2874">
     <span class='ocr_line' id='line_1_1' title="bbox 686 2843 764 2874; baseline -0.013 0"><span class='ocrx_word' id='word_1_1' title='bbox 686 2843 764 2874; x_wconf 69' lang='lat'><strong>.81</strong></span> 
     </span>
    </p>
   </div>
   <div class='ocr_carea' id='block_1_2' title="bbox 843 462 966 526">
    <p class='ocr_par' dir='ltr' id='par_1_2' title="bbox 843 462 966 526">
     <span class='ocr_line' id='line_1_2' title="bbox 843 462 966 526; baseline 0 0"><span class='ocrx_word' id='word_1_2' title='bbox 843 462 966 526; x_wconf 82' lang='lat'><strong>288</strong></span> 
     </span>
    </p>
   </div>
   <div class='ocr_carea' id='block_1_3' title="bbox 1452 480 3366 540">
    <p class='ocr_par' dir='ltr' id='par_1_3' title="bbox 1452 480 3366 540">
     <span class='ocr_line' id='line_1_3' title="bbox 1452 480 3366 540; baseline 0.002 -13"><span class='ocrx_word' id='word_1_3' title='bbox 1452 481 1532 527; x_wconf 81' lang='lat' dir='ltr'><strong>DE</strong></span> <span class='ocrx_word' id='word_1_4' title='bbox 1575 481 1800 528; x_wconf 71' lang='lat' dir='ltr'><strong>mmm:</strong></span> <span class='ocrx_word' id='word_1_5' title='bbox 1843 480 2225 528; x_wconf 73' lang='lat' dir='ltr'><strong>cnnlsrlANAE</strong></span> <span class='ocrx_word' id='word_1_6' title='bbox 2265 480 2569 540; x_wconf 71' lang='lat' dir='ltr'><strong>THnomAE,</strong></span> <span class='ocrx_word' id='word_1_7' title='bbox 2614 482 2788 528; x_wconf 78' lang='lat' dir='ltr'>LIBER</span> <span class='ocrx_word' id='word_1_8' title='bbox 2832 483 2870 528; x_wconf 87' lang='lat'><strong>1.</strong></span> <span class='ocrx_word' id='word_1_9' title='bbox 2916 501 2995 512; x_wconf 89' lang='grc'><strong>--·</strong></span> <span class='ocrx_word' id='word_1_10' title='bbox 3038 484 3177 530; x_wconf 76' lang='lat' dir='ltr'><strong>ART.</strong></span> <span class='ocrx_word' id='word_1_11' title='bbox 3223 483 3366 530; x_wconf 79' lang='lat' dir='ltr'><strong>va1</strong></span> 
     </span>
    </p>
   </div>
   <div class='ocr_carea' id='block_1_4' title="bbox 847 649 3939 736">
    <p class='ocr_par' dir='ltr' id='par_1_4' title="bbox 847 649 3939 736">
     <span class='ocr_line' id='line_1_4' title="bbox 847 649 3939 736; baseline 0.001 -24"><span class='ocrx_word' id='word_1_12' title='bbox 847 657 988 730; x_wconf 88' lang='lat' dir='ltr'><strong>tur;</strong></span> <span class='ocrx_word' id='word_1_13' title='bbox 1022 650 1293 714; x_wconf 82' lang='lat' dir='ltr'><strong>felicitas</strong></span> <span class='ocrx_word' id='word_1_14' title='bbox 1327 669 1476 714; x_wconf 90' lang='lat' dir='ltr'><strong>vero</strong></span> <span class='ocrx_word' id='word_1_15' title='bbox 1505 660 1602 714; x_wconf 91' lang='lat' dir='ltr'><strong>est</strong></span> <span class='ocrx_word' id='word_1_16' title='bbox 1631 651 1786 735; x_wconf 90' lang='lat' dir='ltr'><strong>quid</strong></span> <span class='ocrx_word' id='word_1_17' title='bbox 1819 650 2108 713; x_wconf 77' lang='lat' dir='ltr'><strong>ultimate</strong></span> <span class='ocrx_word' id='word_1_18' title='bbox 2142 649 2346 712; x_wconf 91' lang='lat' dir='ltr'><strong>inten-</strong></span> <span class='ocrx_word' id='word_1_19' title='bbox 2372 653 2423 715; x_wconf 91' lang='lat' dir='ltr'>A</span> <span class='ocrx_word' id='word_1_20' title='bbox 2452 651 2670 724; x_wconf 88' lang='lat' dir='ltr'><strong>sumit,</strong></span> <span class='ocrx_word' id='word_1_21' title='bbox 2705 653 3058 714; x_wconf 91' lang='lat' dir='ltr'><strong>secundum</strong></span> <span class='ocrx_word' id='word_1_22' title='bbox 3096 653 3553 735; x_wconf 82' lang='lat' dir='ltr'><strong>Philosophum</strong></span> <span class='ocrx_word' id='word_1_23' title='bbox 3592 653 3802 736; x_wconf 85' lang='lat' dir='ltr'><strong>primo</strong></span> <span class='ocrx_word' id='word_1_24' title='bbox 3836 653 3939 714; x_wconf 85' lang='lat' dir='ltr'><strong>Po-</strong></span> 
     </span>
    </p>
   </div>
   <div class='ocr_carea' id='block_1_5' title="bbox 839 748 2343 1816">
    <p class='ocr_par' dir='ltr' id='par_1_5' title="bbox 839 748 2343 1816">
     <span class='ocr_line' id='line_1_5' title="bbox 847 748 2340 832; baseline 0.001 -21"><span class='ocrx_word' id='word_1_25' title='bbox 847 758 1006 822; x_wconf 91' lang='lat' dir='ltr'><strong>tum,</strong></span> <span class='ocrx_word' id='word_1_26' title='bbox 1068 770 1268 832; x_wconf 91' lang='lat' dir='ltr'><strong>quum</strong></span> <span class='ocrx_word' id='word_1_27' title='bbox 1336 750 1421 812; x_wconf 90' lang='lat' dir='ltr'><strong>sit</strong></span> <span class='ocrx_word' id='word_1_28' title='bbox 1485 751 1576 814; x_wconf 91' lang='lat' dir='ltr'><strong>rei</strong></span> <span class='ocrx_word' id='word_1_29' title='bbox 1641 750 1816 813; x_wconf 84' lang='lat' dir='ltr'><strong>finis.</strong></span> <span class='ocrx_word' id='word_1_30' title='bbox 1879 751 2126 824; x_wconf 84' lang='lat' dir='ltr'><strong>Adhuc,</strong></span> <span class='ocrx_word' id='word_1_31' title='bbox 2187 748 2340 812; x_wconf 90' lang='lat' dir='ltr'><strong>fidei</strong></span> 
     </span>
     <span class='ocr_line' id='line_1_6' title="bbox 845 847 2341 930; baseline -0.001 -20"><span class='ocrx_word' id='word_1_32' title='bbox 845 847 1123 928; x_wconf 79' lang='lat' dir='ltr'>cognitio</span> <span class='ocrx_word' id='word_1_33' title='bbox 1153 867 1230 910; x_wconf 90' lang='lat' dir='ltr'><strong>ex</strong></span> <span class='ocrx_word' id='word_1_34' title='bbox 1260 855 1437 930; x_wconf 85' lang='lat' dir='ltr'><strong>parte</strong></span> <span class='ocrx_word' id='word_1_35' title='bbox 1469 848 1910 928; x_wconf 91' lang='lat' dir='ltr'><strong>cognoscentis</strong></span> <span class='ocrx_word' id='word_1_36' title='bbox 1951 848 2207 930; x_wconf 89' lang='lat' dir='ltr'><strong>penitus</strong></span> <span class='ocrx_word' id='word_1_37' title='bbox 2249 848 2341 909; x_wconf 88' lang='lat' dir='ltr'><strong>in-</strong></span> 
     </span>
     <span class='ocr_line' id='line_1_7' title="bbox 845 945 2340 1029; baseline 0 -22"><span class='ocrx_word' id='word_1_38' title='bbox 845 947 1163 1029; x_wconf 82' lang='lat' dir='ltr'>completa</span> <span class='ocrx_word' id='word_1_39' title='bbox 1200 953 1296 1008; x_wconf 90' lang='lat' dir='ltr'><strong>est</strong></span> <span class='ocrx_word' id='word_1_40' title='bbox 1337 964 1350 1008; x_wconf 74' lang='grc' dir='ltr'>ε</span> <span class='ocrx_word' id='word_1_41' title='bbox 1396 965 1524 1009; x_wconf 91' lang='lat' dir='ltr'><strong>non</strong></span> <span class='ocrx_word' id='word_1_42' title='bbox 1562 947 1737 1008; x_wconf 91' lang='lat' dir='ltr'><strong>enim</strong></span> <span class='ocrx_word' id='word_1_43' title='bbox 1779 946 1949 1028; x_wconf 85' lang='lat' dir='ltr'><strong>capit</strong></span> <span class='ocrx_word' id='word_1_44' title='bbox 1997 945 2159 1008; x_wconf 90' lang='lat' dir='ltr'><strong>ratio</strong></span> <span class='ocrx_word' id='word_1_45' title='bbox 2203 947 2340 1028; x_wconf 89' lang='lat' dir='ltr'><strong>qui-</strong></span> 
     </span>
     <span class='ocr_line' id='line_1_8' title="bbox 843 1043 2335 1124; baseline -0.001 -18"><span class='ocrx_word' id='word_1_46' title='bbox 843 1043 964 1106; x_wconf 92' lang='lat' dir='ltr'><strong>bus</strong></span> <span class='ocrx_word' id='word_1_47' title='bbox 994 1045 1272 1106; x_wconf 80' lang='lat' dir='ltr'><strong>assentit.</strong></span> <span class='ocrx_word' id='word_1_48' title='bbox 1309 1043 1444 1107; x_wconf 91' lang='lat' dir='ltr'><strong>Non</strong></span> <span class='ocrx_word' id='word_1_49' title='bbox 1479 1053 1573 1107; x_wconf 89' lang='lat' dir='ltr'><strong>est</strong></span> <span class='ocrx_word' id='word_1_50' title='bbox 1607 1044 1800 1124; x_wconf 86' lang='lat' dir='ltr'><strong>igitur</strong></span> <span class='ocrx_word' id='word_1_51' title='bbox 1832 1044 1896 1105; x_wconf 91' lang='lat' dir='ltr'><strong>in</strong></span> <span class='ocrx_word' id='word_1_52' title='bbox 1929 1063 2003 1106; x_wconf 93' lang='lat' dir='ltr'><strong>ea</strong></span> <span class='ocrx_word' id='word_1_53' title='bbox 2045 1044 2335 1106; x_wconf 81' lang='lat' dir='ltr'><strong>felicitas.</strong></span> 
     </span>
     <span class='ocr_line' id='line_1_9' title="bbox 843 1142 2341 1224; baseline -0.001 -20"><span class='ocrx_word' id='word_1_54' title='bbox 843 1143 1293 1205; x_wconf 81' lang='lat' dir='ltr'><strong>Verumtamen</strong></span> <span class='ocrx_word' id='word_1_55' title='bbox 1343 1161 1422 1204; x_wconf 85' lang='lat' dir='ltr'><strong>ex</strong></span> <span class='ocrx_word' id='word_1_56' title='bbox 1471 1150 1649 1224; x_wconf 91' lang='lat' dir='ltr'><strong>parte</strong></span> <span class='ocrx_word' id='word_1_57' title='bbox 1687 1143 1924 1223; x_wconf 90' lang='lat' dir='ltr'><strong>objecti</strong></span> <span class='ocrx_word' id='word_1_58' title='bbox 1965 1142 2341 1222; x_wconf 89' lang='lat' dir='ltr'><strong>dignissima</strong></span> 
     </span>
     <span class='ocr_line' id='line_1_10' title="bbox 843 1238 2338 1322; baseline -0.001 -19"><span class='ocrx_word' id='word_1_59' title='bbox 843 1259 1100 1322; x_wconf 87' lang='lat' dir='ltr'><strong>prorsus</strong></span> <span class='ocrx_word' id='word_1_60' title='bbox 1157 1240 1424 1303; x_wconf 87' lang='lat' dir='ltr'><strong>exsistit.</strong></span> <span class='ocrx_word' id='word_1_61' title='bbox 1478 1239 1795 1322; x_wconf 88' lang='lat' dir='ltr'><strong>Amplius,</strong></span> <span class='ocrx_word' id='word_1_62' title='bbox 1848 1238 2120 1302; x_wconf 83' lang='lat' dir='ltr'><strong>felicitas</strong></span> <span class='ocrx_word' id='word_1_63' title='bbox 2160 1247 2338 1301; x_wconf 91' lang='lat' dir='ltr'><strong>natu-</strong></span> 
     </span>
     <span class='ocr_line' id='line_1_11' title="bbox 840 1338 2339 1402; baseline -0.001 -2"><span class='ocrx_word' id='word_1_64' title='bbox 840 1339 989 1402; x_wconf 88' lang='lat' dir='ltr'><strong>ralis</strong></span> <span class='ocrx_word' id='word_1_65' title='bbox 1047 1338 1347 1402; x_wconf 90' lang='lat' dir='ltr'><strong>convenit</strong></span> <span class='ocrx_word' id='word_1_66' title='bbox 1395 1346 1636 1401; x_wconf 82' lang='lat' dir='ltr'><strong>naturae</strong></span> <span class='ocrx_word' id='word_1_67' title='bbox 1695 1339 2050 1400; x_wconf 91' lang='lat' dir='ltr'><strong>secundum</strong></span> <span class='ocrx_word' id='word_1_68' title='bbox 2099 1338 2199 1399; x_wconf 91' lang='lat' dir='ltr'><strong>sui</strong></span> <span class='ocrx_word' id='word_1_69' title='bbox 2244 1357 2339 1400; x_wconf 91' lang='lat' dir='ltr'><strong>es-</strong></span> 
     </span>
     <span class='ocr_line' id='line_1_12' title="bbox 840 1435 2340 1518; baseline -0.001 -19"><span class='ocrx_word' id='word_1_70' title='bbox 840 1438 1170 1500; x_wconf 89' lang='lat' dir='ltr'><strong>sentialem</strong></span> <span class='ocrx_word' id='word_1_71' title='bbox 1225 1445 1288 1500; x_wconf 91' lang='lat' dir='ltr'><strong>et</strong></span> <span class='ocrx_word' id='word_1_72' title='bbox 1340 1437 1750 1499; x_wconf 81' lang='lat' dir='ltr'><strong>intrinsecam</strong></span> <span class='ocrx_word' id='word_1_73' title='bbox 1785 1435 2270 1518; x_wconf 74' lang='lat' dir='ltr'><strong>perfectionem,</strong></span> <span class='ocrx_word' id='word_1_74' title='bbox 2304 1456 2340 1498; x_wconf 92' lang='lat' dir='ltr'><strong>a</strong></span> 
     </span>
     <span class='ocr_line' id='line_1_13' title="bbox 841 1535 2343 1619; baseline -0.001 -21"><span class='ocrx_word' id='word_1_75' title='bbox 841 1556 966 1619; x_wconf 87' lang='lat' dir='ltr'><strong>qua</strong></span> <span class='ocrx_word' id='word_1_76' title='bbox 993 1537 1294 1599; x_wconf 89' lang='lat' dir='ltr'><strong>videlicet</strong></span> <span class='ocrx_word' id='word_1_77' title='bbox 1323 1535 1473 1598; x_wconf 86' lang='lat' dir='ltr'><strong>fluit</strong></span> <span class='ocrx_word' id='word_1_78' title='bbox 1503 1536 1746 1617; x_wconf 90' lang='lat' dir='ltr'><strong>optima</strong></span> <span class='ocrx_word' id='word_1_79' title='bbox 1777 1537 1978 1617; x_wconf 91' lang='lat' dir='ltr'><strong>ipsius</strong></span> <span class='ocrx_word' id='word_1_80' title='bbox 2011 1536 2236 1608; x_wconf 81' lang='lat' dir='ltr'><strong>virtuS,</strong></span> <span class='ocrx_word' id='word_1_81' title='bbox 2272 1543 2343 1597; x_wconf 90' lang='lat' dir='ltr'><strong>ut</strong></span> 
     </span>
     <span class='ocr_line' id='line_1_14' title="bbox 839 1634 2341 1715; baseline -0.001 -18"><span class='ocrx_word' id='word_1_82' title='bbox 839 1654 1011 1697; x_wconf 90' lang='lat' dir='ltr'><strong>nunc</strong></span> <span class='ocrx_word' id='word_1_83' title='bbox 1041 1636 1284 1697; x_wconf 90' lang='lat' dir='ltr'><strong>dictum</strong></span> <span class='ocrx_word' id='word_1_84' title='bbox 1317 1641 1454 1714; x_wconf 85' lang='lat' dir='ltr'><strong>est3</strong></span> <span class='ocrx_word' id='word_1_85' title='bbox 1488 1634 1650 1696; x_wconf 89' lang='lat' dir='ltr'><strong>fides</strong></span> <span class='ocrx_word' id='word_1_86' title='bbox 1682 1652 1832 1697; x_wconf 89' lang='lat' dir='ltr'><strong>vero</strong></span> <span class='ocrx_word' id='word_1_87' title='bbox 1864 1651 1990 1696; x_wconf 90' lang='lat' dir='ltr'><strong>non</strong></span> <span class='ocrx_word' id='word_1_88' title='bbox 2034 1634 2341 1715; x_wconf 90' lang='lat' dir='ltr'><strong>competit</strong></span> 
     </span>
     <span class='ocr_line' id='line_1_15' title="bbox 841 1731 2335 1816; baseline -0.003 -20"><span class='ocrx_word' id='word_1_89' title='bbox 841 1733 1041 1796; x_wconf 91' lang='lat' dir='ltr'><strong>menti</strong></span> <span class='ocrx_word' id='word_1_90' title='bbox 1091 1753 1206 1816; x_wconf 89' lang='lat' dir='ltr'><strong>per</strong></span> <span class='ocrx_word' id='word_1_91' title='bbox 1252 1733 1468 1796; x_wconf 90' lang='lat' dir='ltr'><strong>lumen</strong></span> <span class='ocrx_word' id='word_1_92' title='bbox 1522 1739 1762 1795; x_wconf 82' lang='lat' dir='ltr'><strong>naturae</strong></span> <span class='ocrx_word' id='word_1_93' title='bbox 1821 1741 1884 1794; x_wconf 88' lang='lat' dir='ltr'><strong>et</strong></span> <span class='ocrx_word' id='word_1_94' title='bbox 1942 1731 2335 1813; x_wconf 91' lang='lat' dir='ltr'><strong>principium</strong></span> 
     </span>
    </p>
   </div>
   <div class='ocr_carea' id='block_1_6' title="bbox 2450 751 3949 1815">
    <p class='ocr_par' dir='ltr' id='par_1_6' title="bbox 2450 751 3946 1400">
     <span class='ocr_line' id='line_1_16' title="bbox 2452 751 3941 835; baseline 0 -24"><span class='ocrx_word' id='word_1_95' title='bbox 2452 751 2813 812; x_wconf 88' lang='lat' dir='ltr'><strong>steriorum.</strong></span> <span class='ocrx_word' id='word_1_96' title='bbox 2849 751 2971 813; x_wconf 92' lang='lat' dir='ltr'><strong>Sed</strong></span> <span class='ocrx_word' id='word_1_97' title='bbox 3003 768 3129 813; x_wconf 89' lang='lat' dir='ltr'><strong>non</strong></span> <span class='ocrx_word' id='word_1_98' title='bbox 3160 753 3377 814; x_wconf 91' lang='lat' dir='ltr'><strong>omnia</strong></span> <span class='ocrx_word' id='word_1_99' title='bbox 3406 771 3483 815; x_wconf 88' lang='lat' dir='ltr'><strong>ex</strong></span> <span class='ocrx_word' id='word_1_100' title='bbox 3514 751 3749 835; x_wconf 88' lang='lat' dir='ltr'><strong>quibus</strong></span> <span class='ocrx_word' id='word_1_101' title='bbox 3788 751 3941 813; x_wconf 78' lang='lat' dir='ltr'><strong>divi-</strong></span> 
     </span>
     <span class='ocr_line' id='line_1_17' title="bbox 2452 847 3941 932; baseline 0.001 -24"><span class='ocrx_word' id='word_1_102' title='bbox 2452 847 2517 908; x_wconf 91' lang='lat' dir='ltr'><strong>ni</strong></span> <span class='ocrx_word' id='word_1_103' title='bbox 2576 866 2715 910; x_wconf 91' lang='lat' dir='ltr'><strong>esse</strong></span> <span class='ocrx_word' id='word_1_104' title='bbox 2769 848 3266 913; x_wconf 88' lang='lat' dir='ltr'><strong>demonstrativa</strong></span> <span class='ocrx_word' id='word_1_105' title='bbox 3320 849 3673 932; x_wconf 90' lang='lat' dir='ltr'><strong>speculatio</strong></span> <span class='ocrx_word' id='word_1_106' title='bbox 3725 849 3941 910; x_wconf 88' lang='lat' dir='ltr'><strong>haberi</strong></span> 
     </span>
     <span class='ocr_line' id='line_1_18' title="bbox 2450 949 3943 1032; baseline 0 -23"><span class='ocrx_word' id='word_1_107' title='bbox 2450 955 2679 1027; x_wconf 92' lang='lat' dir='ltr'><strong>potest,</strong></span> <span class='ocrx_word' id='word_1_108' title='bbox 2714 949 3071 1010; x_wconf 91' lang='lat' dir='ltr'><strong>secundum</strong></span> <span class='ocrx_word' id='word_1_109' title='bbox 3104 949 3393 1032; x_wconf 84' lang='lat' dir='ltr'><strong>proprias</strong></span> <span class='ocrx_word' id='word_1_110' title='bbox 3432 950 3533 1011; x_wconf 89' lang='lat' dir='ltr'><strong>sui</strong></span> <span class='ocrx_word' id='word_1_111' title='bbox 3573 949 3849 1012; x_wconf 89' lang='lat' dir='ltr'><strong>rationes</strong></span> <span class='ocrx_word' id='word_1_112' title='bbox 3883 957 3943 1010; x_wconf 91' lang='lat' dir='ltr'><strong>et</strong></span> 
     </span>
     <span class='ocr_line' id='line_1_19' title="bbox 2450 1046 3943 1127; baseline 0.001 -21"><span class='ocrx_word' id='word_1_113' title='bbox 2450 1046 2697 1127; x_wconf 90' lang='lat' dir='ltr'><strong>species</strong></span> <span class='ocrx_word' id='word_1_114' title='bbox 2754 1047 3210 1126; x_wconf 81' lang='lat' dir='ltr'><strong>cognoscibilia</strong></span> <span class='ocrx_word' id='word_1_115' title='bbox 3266 1056 3414 1110; x_wconf 91' lang='lat' dir='ltr'><strong>sunt</strong></span> <span class='ocrx_word' id='word_1_116' title='bbox 3470 1067 3509 1110; x_wconf 90' lang='lat' dir='ltr'><strong>a</strong></span> <span class='ocrx_word' id='word_1_117' title='bbox 3564 1047 3770 1120; x_wconf 91' lang='lat' dir='ltr'><strong>nobis,</strong></span> <span class='ocrx_word' id='word_1_118' title='bbox 3828 1065 3943 1108; x_wconf 90' lang='lat' dir='ltr'><strong>nec</strong></span> 
     </span>
     <span class='ocr_line' id='line_1_20' title="bbox 2450 1143 3945 1226; baseline 0.003 -23"><span class='ocrx_word' id='word_1_119' title='bbox 2450 1143 2662 1205; x_wconf 89' lang='lat' dir='ltr'><strong>sensui</strong></span> <span class='ocrx_word' id='word_1_120' title='bbox 2698 1143 3078 1224; x_wconf 90' lang='lat' dir='ltr'><strong>subjacent:</strong></span> <span class='ocrx_word' id='word_1_121' title='bbox 3116 1163 3243 1207; x_wconf 90' lang='lat' dir='ltr'><strong>non</strong></span> <span class='ocrx_word' id='word_1_122' title='bbox 3289 1154 3387 1207; x_wconf 92' lang='lat' dir='ltr'><strong>est</strong></span> <span class='ocrx_word' id='word_1_123' title='bbox 3428 1164 3578 1226; x_wconf 89' lang='lat' dir='ltr'><strong>ergo</strong></span> <span class='ocrx_word' id='word_1_124' title='bbox 3618 1146 3763 1207; x_wconf 89' lang='lat' dir='ltr'><strong>talis</strong></span> <span class='ocrx_word' id='word_1_125' title='bbox 3804 1163 3945 1207; x_wconf 89' lang='lat' dir='ltr'><strong>con-</strong></span> 
     </span>
     <span class='ocr_line' id='line_1_21' title="bbox 2450 1241 3946 1326; baseline 0.002 -25"><span class='ocrx_word' id='word_1_126' title='bbox 2450 1241 2782 1322; x_wconf 89' lang='lat' dir='ltr'><strong>templatio</strong></span> <span class='ocrx_word' id='word_1_127' title='bbox 2847 1242 3192 1318; x_wconf 85' lang='lat' dir='ltr'><strong>felicitans,</strong></span> <span class='ocrx_word' id='word_1_128' title='bbox 3262 1243 3577 1326; x_wconf 91' lang='lat' dir='ltr'><strong>quietans,</strong></span> <span class='ocrx_word' id='word_1_129' title='bbox 3639 1251 3749 1306; x_wconf 91' lang='lat' dir='ltr'><strong>aut</strong></span> <span class='ocrx_word' id='word_1_130' title='bbox 3813 1262 3946 1326; x_wconf 92' lang='lat' dir='ltr'><strong>per·</strong></span> 
     </span>
     <span class='ocr_line' id='line_1_22' title="bbox 2455 1337 2640 1400; baseline 0.005 -1"><span class='ocrx_word' id='word_1_131' title='bbox 2455 1337 2640 1400; x_wconf 89' lang='lat' dir='ltr'><strong>fecta.</strong></span> 
     </span>
    </p>

    <p class='ocr_par' dir='ltr' id='par_1_7' title="bbox 2452 1437 3949 1815">
     <span class='ocr_line' id='line_1_23' title="bbox 2530 1437 3945 1512; baseline 0.003 -14"><span class='ocrx_word' id='word_1_132' title='bbox 2530 1437 2739 1512; x_wconf 88' lang='lat' dir='ltr'><strong>Porr0‚</strong></span> <span class='ocrx_word' id='word_1_133' title='bbox 2795 1456 2873 1501; x_wconf 91' lang='lat' dir='ltr'><strong>ex</strong></span> <span class='ocrx_word' id='word_1_134' title='bbox 2922 1438 3040 1500; x_wconf 89' lang='lat' dir='ltr'><strong>hac</strong></span> <span class='ocrx_word' id='word_1_135' title='bbox 3089 1438 3303 1503; x_wconf 88' lang='lat' dir='ltr'><strong>radice</strong></span> <span class='ocrx_word' id='word_1_136' title='bbox 3354 1439 3539 1503; x_wconf 89' lang='lat' dir='ltr'><strong>facile</strong></span> <span class='ocrx_word' id='word_1_137' title='bbox 3598 1447 3697 1502; x_wconf 91' lang='lat' dir='ltr'><strong>est</strong></span> <span class='ocrx_word' id='word_1_138' title='bbox 3740 1448 3945 1504; x_wconf 86' lang='lat' dir='ltr'><strong>osten-</strong></span> 
     </span>
     <span class='ocr_line' id='line_1_24' title="bbox 2452 1534 3947 1617; baseline 0.003 -21"><span class='ocrx_word' id='word_1_139' title='bbox 2452 1534 2623 1608; x_wconf 90' lang='lat' dir='ltr'><strong>dere,</strong></span> <span class='ocrx_word' id='word_1_140' title='bbox 2678 1535 2847 1617; x_wconf 90' lang='lat' dir='ltr'><strong>quod</strong></span> <span class='ocrx_word' id='word_1_141' title='bbox 2910 1537 2974 1597; x_wconf 92' lang='lat' dir='ltr'><strong>in</strong></span> <span class='ocrx_word' id='word_1_142' title='bbox 3032 1537 3149 1600; x_wconf 93' lang='lat' dir='ltr'><strong>hac</strong></span> <span class='ocrx_word' id='word_1_143' title='bbox 3207 1537 3337 1600; x_wconf 81' lang='lat' dir='ltr'><strong>vita</strong></span> <span class='ocrx_word' id='word_1_144' title='bbox 3394 1557 3522 1600; x_wconf 92' lang='lat' dir='ltr'><strong>non</strong></span> <span class='ocrx_word' id='word_1_145' title='bbox 3580 1539 3666 1600; x_wconf 93' lang='lat' dir='ltr'><strong>sit</strong></span> <span class='ocrx_word' id='word_1_146' title='bbox 3718 1539 3947 1600; x_wconf 81' lang='lat' dir='ltr'><strong>animae</strong></span> 
     </span>
     <span class='ocr_line' id='line_1_25' title="bbox 2452 1633 3945 1700; baseline 0.003 -6"><span class='ocrx_word' id='word_1_147' title='bbox 2452 1634 2757 1696; x_wconf 85' lang='lat' dir='ltr'><strong>naturalis</strong></span> <span class='ocrx_word' id='word_1_148' title='bbox 2808 1633 3136 1698; x_wconf 89' lang='lat' dir='ltr'><strong>beatitudo</strong></span> <span class='ocrx_word' id='word_1_149' title='bbox 3184 1638 3537 1699; x_wconf 87' lang='lat' dir='ltr'><strong>statuenda.</strong></span> <span class='ocrx_word' id='word_1_150' title='bbox 3590 1637 3656 1700; x_wconf 90' lang='lat' dir='ltr'><strong>Si</strong></span> <span class='ocrx_word' id='word_1_151' title='bbox 3710 1637 3945 1699; x_wconf 88' lang='lat' dir='ltr'><strong>etenim</strong></span> 
     </span>
     <span class='ocr_line' id='line_1_26' title="bbox 2454 1731 3949 1815; baseline 0.003 -23"><span class='ocrx_word' id='word_1_152' title='bbox 2454 1731 2796 1812; x_wconf 85' lang='lat' dir='ltr'><strong>loquamur</strong></span> <span class='ocrx_word' id='word_1_153' title='bbox 2854 1732 3320 1815; x_wconf 88' lang='lat' dir='ltr'><strong>philosophice,</strong></span> <span class='ocrx_word' id='word_1_154' title='bbox 3380 1743 3535 1798; x_wconf 90' lang='lat' dir='ltr'><strong>tunc</strong></span> <span class='ocrx_word' id='word_1_155' title='bbox 3593 1734 3949 1797; x_wconf 88' lang='lat' dir='ltr'><strong>intellectu·</strong></span> 
     </span>
    </p>
   </div>
   <div class='ocr_carea' id='block_1_7' title="bbox 841 1822 3952 1914">
    <p class='ocr_par' dir='ltr' id='par_1_8' title="bbox 841 1822 3952 1914">
     <span class='ocr_line' id='line_1_27' title="bbox 841 1822 3952 1914; baseline 0.001 -20"><span class='ocrx_word' id='word_1_156' title='bbox 841 1833 1014 1894; x_wconf 91' lang='lat' dir='ltr'><strong>intus</strong></span> <span class='ocrx_word' id='word_1_157' title='bbox 1055 1833 1391 1905; x_wconf 81' lang='lat' dir='ltr'><strong>exsistenS‚</strong></span> <span class='ocrx_word' id='word_1_158' title='bbox 1435 1832 1544 1894; x_wconf 91' lang='lat' dir='ltr'><strong>sed</strong></span> <span class='ocrx_word' id='word_1_159' title='bbox 1595 1850 1708 1914; x_wconf 89' lang='lat' dir='ltr'><strong>per</strong></span> <span class='ocrx_word' id='word_1_160' title='bbox 1755 1831 1973 1892; x_wconf 88' lang='lat' dir='ltr'><strong>lumen</strong></span> <span class='ocrx_word' id='word_1_161' title='bbox 2016 1831 2233 1911; x_wconf 82' lang='lat' dir='ltr'><strong>gratiae</strong></span> <span class='ocrx_word' id='word_1_162' title='bbox 2277 1838 2341 1894; x_wconf 90' lang='lat' dir='ltr'><strong>et</strong></span> <span class='ocrx_word' id='word_1_163' title='bbox 2378 1822 2423 1883; x_wconf 86' lang='lat' dir='ltr'>B</span> <span class='ocrx_word' id='word_1_164' title='bbox 2454 1831 2571 1892; x_wconf 91' lang='lat' dir='ltr'><strong>alis</strong></span> <span class='ocrx_word' id='word_1_165' title='bbox 2602 1831 2837 1904; x_wconf 87' lang='lat' dir='ltr'><strong>anima,</strong></span> <span class='ocrx_word' id='word_1_166' title='bbox 2872 1851 3069 1912; x_wconf 91' lang='lat' dir='ltr'><strong>quum</strong></span> <span class='ocrx_word' id='word_1_167' title='bbox 3105 1834 3188 1894; x_wconf 89' lang='lat' dir='ltr'><strong>sit</strong></span> <span class='ocrx_word' id='word_1_168' title='bbox 3226 1833 3599 1896; x_wconf 84' lang='lat' dir='ltr'><strong>naturaliter</strong></span> <span class='ocrx_word' id='word_1_169' title='bbox 3636 1834 3952 1897; x_wconf 77' lang='lat' dir='ltr'><strong>immorta-</strong></span> 
     </span>
    </p>
   </div>
   <div class='ocr_carea' id='block_1_8' title="bbox 836 1929 2344 2801">
    <p class='ocr_par' dir='ltr' id='par_1_9' title="bbox 838 1929 2344 2486">
     <span class='ocr_line' id='line_1_28' title="bbox 839 1929 2340 2009; baseline -0.001 -16"><span class='ocrx_word' id='word_1_170' title='bbox 839 1931 1270 1994; x_wconf 84' lang='lat' dir='ltr'><strong>extrinsecum</strong></span> <span class='ocrx_word' id='word_1_171' title='bbox 1313 1930 1640 1992; x_wconf 90' lang='lat' dir='ltr'><strong>illustrans</strong></span> <span class='ocrx_word' id='word_1_172' title='bbox 1677 1947 1690 1990; x_wconf 90' lang='lat'><strong>:</strong></span> <span class='ocrx_word' id='word_1_173' title='bbox 1727 1947 1853 1991; x_wconf 92' lang='lat' dir='ltr'><strong>non</strong></span> <span class='ocrx_word' id='word_1_174' title='bbox 1896 1929 2088 2009; x_wconf 88' lang='lat' dir='ltr'><strong>igitur</strong></span> <span class='ocrx_word' id='word_1_175' title='bbox 2132 1935 2230 1990; x_wconf 90' lang='lat' dir='ltr'><strong>est</strong></span> <span class='ocrx_word' id='word_1_176' title='bbox 2274 1929 2340 1991; x_wconf 89' lang='lat' dir='ltr'><strong>in</strong></span> 
     </span>
     <span class='ocr_line' id='line_1_29' title="bbox 839 2028 2341 2110; baseline 0 -19"><span class='ocrx_word' id='word_1_177' title='bbox 839 2049 914 2092; x_wconf 92' lang='lat' dir='ltr'><strong>ea</strong></span> <span class='ocrx_word' id='word_1_178' title='bbox 962 2030 1193 2093; x_wconf 85' lang='lat' dir='ltr'><strong>animae</strong></span> <span class='ocrx_word' id='word_1_179' title='bbox 1243 2029 1588 2091; x_wconf 90' lang='lat' dir='ltr'><strong>beatitudo.</strong></span> <span class='ocrx_word' id='word_1_180' title='bbox 1633 2028 1880 2102; x_wconf 91' lang='lat' dir='ltr'><strong>Adhuc,</strong></span> <span class='ocrx_word' id='word_1_181' title='bbox 1926 2028 2087 2090; x_wconf 85' lang='lat' dir='ltr'><strong>fides</strong></span> <span class='ocrx_word' id='word_1_182' title='bbox 2131 2048 2341 2110; x_wconf 88' lang='lat' dir='ltr'><strong>neque</strong></span> 
     </span>
     <span class='ocr_line' id='line_1_30' title="bbox 838 2126 2344 2210; baseline 0 -20"><span class='ocrx_word' id='word_1_183' title='bbox 838 2129 1126 2190; x_wconf 91' lang='lat' dir='ltr'><strong>animum</strong></span> <span class='ocrx_word' id='word_1_184' title='bbox 1159 2127 1475 2210; x_wconf 91' lang='lat' dir='ltr'><strong>quietum,</strong></span> <span class='ocrx_word' id='word_1_185' title='bbox 1501 2146 1617 2189; x_wconf 88' lang='lat' dir='ltr'><strong>nec</strong></span> <span class='ocrx_word' id='word_1_186' title='bbox 1649 2127 1777 2188; x_wconf 89' lang='lat' dir='ltr'><strong>Deo</strong></span> <span class='ocrx_word' id='word_1_187' title='bbox 1808 2126 2172 2208; x_wconf 86' lang='lat' dir='ltr'><strong>proximum</strong></span> <span class='ocrx_word' id='word_1_188' title='bbox 2203 2126 2344 2190; x_wconf 80' lang='lat' dir='ltr'><strong>effi-</strong></span> 
     </span>
     <span class='ocr_line' id='line_1_31' title="bbox 840 2225 2344 2305; baseline 0.001 -16"><span class='ocrx_word' id='word_1_189' title='bbox 840 2228 926 2289; x_wconf 88' lang='lat' dir='ltr'><strong>cit</strong></span> <span class='ocrx_word' id='word_1_190' title='bbox 963 2245 977 2288; x_wconf 87' lang='lat'>:</span> <span class='ocrx_word' id='word_1_191' title='bbox 1010 2226 1130 2288; x_wconf 89' lang='lat' dir='ltr'><strong>hoc</strong></span> <span class='ocrx_word' id='word_1_192' title='bbox 1161 2226 1336 2288; x_wconf 92' lang='lat' dir='ltr'><strong>enim</strong></span> <span class='ocrx_word' id='word_1_193' title='bbox 1367 2225 1647 2305; x_wconf 81' lang='lat' dir='ltr'><strong>cognitio</strong></span> <span class='ocrx_word' id='word_1_194' title='bbox 1679 2225 1788 2286; x_wconf 90' lang='lat' dir='ltr'><strong>illa</strong></span> <span class='ocrx_word' id='word_1_195' title='bbox 1820 2226 2150 2288; x_wconf 86' lang='lat' dir='ltr'><strong>dumtaxat</strong></span> <span class='ocrx_word' id='word_1_196' title='bbox 2189 2225 2344 2291; x_wconf 82' lang='lat' dir='ltr'><strong>facit</strong></span> 
     </span>
     <span class='ocr_line' id='line_1_32' title="bbox 841 2323 2341 2408; baseline -0.002 -19"><span class='ocrx_word' id='word_1_197' title='bbox 841 2345 983 2407; x_wconf 84' lang='lat' dir='ltr'><strong>quae</strong></span> <span class='ocrx_word' id='word_1_198' title='bbox 1012 2333 1108 2388; x_wconf 90' lang='lat' dir='ltr'><strong>est</strong></span> <span class='ocrx_word' id='word_1_199' title='bbox 1137 2343 1252 2406; x_wconf 85' lang='lat' dir='ltr'><strong>per</strong></span> <span class='ocrx_word' id='word_1_200' title='bbox 1282 2324 1584 2408; x_wconf 89' lang='lat' dir='ltr'><strong>speciem.</strong></span> <span class='ocrx_word' id='word_1_201' title='bbox 1618 2323 1756 2386; x_wconf 93' lang='lat' dir='ltr'><strong>Non</strong></span> <span class='ocrx_word' id='word_1_202' title='bbox 1786 2341 1937 2404; x_wconf 87' lang='lat' dir='ltr'><strong>ergo</strong></span> <span class='ocrx_word' id='word_1_203' title='bbox 1977 2325 2040 2386; x_wconf 91' lang='lat' dir='ltr'><strong>in</strong></span> <span class='ocrx_word' id='word_1_204' title='bbox 2082 2343 2157 2386; x_wconf 90' lang='lat' dir='ltr'><strong>ea</strong></span> <span class='ocrx_word' id='word_1_205' title='bbox 2196 2324 2341 2387; x_wconf 93' lang='lat' dir='ltr'><strong>bea-</strong></span> 
     </span>
     <span class='ocr_line' id='line_1_33' title="bbox 839 2423 1575 2486; baseline -0.003 -1"><span class='ocrx_word' id='word_1_206' title='bbox 839 2424 1044 2486; x_wconf 82' lang='lat' dir='ltr'><strong>titudo</strong></span> <span class='ocrx_word' id='word_1_207' title='bbox 1087 2423 1420 2485; x_wconf 87' lang='lat' dir='ltr'><strong>statuenda</strong></span> <span class='ocrx_word' id='word_1_208' title='bbox 1463 2430 1575 2484; x_wconf 88' lang='lat' dir='ltr'><strong>est.</strong></span> 
     </span>
    </p>

    <p class='ocr_par' dir='ltr' id='par_1_10' title="bbox 836 2520 2339 2801">
     <span class='ocr_line' id='line_1_34' title="bbox 921 2520 2339 2603; baseline -0.002 -19"><span class='ocrx_word' id='word_1_209' title='bbox 921 2521 1261 2584; x_wconf 87' lang='lat' dir='ltr'><strong>Enimvero</strong></span> <span class='ocrx_word' id='word_1_210' title='bbox 1293 2539 1501 2603; x_wconf 91' lang='lat' dir='ltr'><strong>neque</strong></span> <span class='ocrx_word' id='word_1_211' title='bbox 1544 2521 1607 2582; x_wconf 93' lang='lat' dir='ltr'><strong>in</strong></span> <span class='ocrx_word' id='word_1_212' title='bbox 1651 2520 2189 2602; x_wconf 89' lang='lat' dir='ltr'><strong>contemplatione</strong></span> <span class='ocrx_word' id='word_1_213' title='bbox 2227 2520 2339 2584; x_wconf 91' lang='lat' dir='ltr'><strong>Dei</strong></span> 
     </span>
     <span class='ocr_line' id='line_1_35' title="bbox 839 2611 2339 2700; baseline -0.001 -17"><span class='ocrx_word' id='word_1_214' title='bbox 839 2611 1356 2692; x_wconf 85' lang='lat' dir='ltr'><strong>demonstrativa,</strong></span> <span class='ocrx_word' id='word_1_215' title='bbox 1418 2638 1544 2700; x_wconf 93' lang='lat' dir='ltr'><strong>qua</strong></span> <span class='ocrx_word' id='word_1_216' title='bbox 1608 2619 1909 2681; x_wconf 86' lang='lat' dir='ltr'><strong>videlicet</strong></span> <span class='ocrx_word' id='word_1_217' title='bbox 1974 2618 2339 2681; x_wconf 89' lang='lat' dir='ltr'><strong>distinctius</strong></span> 
     </span>
     <span class='ocr_line' id='line_1_36' title="bbox 836 2716 2339 2801; baseline -0.001 -20"><span class='ocrx_word' id='word_1_218' title='bbox 836 2719 1201 2801; x_wconf 85' lang='lat' dir='ltr'><strong>agnoscitur</strong></span> <span class='ocrx_word' id='word_1_219' title='bbox 1257 2718 1446 2789; x_wconf 92' lang='lat' dir='ltr'><strong>Deus,</strong></span> <span class='ocrx_word' id='word_1_220' title='bbox 1498 2716 1602 2779; x_wconf 89' lang='lat' dir='ltr'><strong>vel</strong></span> <span class='ocrx_word' id='word_1_221' title='bbox 1671 2735 1786 2798; x_wconf 91' lang='lat' dir='ltr'><strong>per</strong></span> <span class='ocrx_word' id='word_1_222' title='bbox 1851 2717 2339 2797; x_wconf 85' lang='lat' dir='ltr'><strong>abnegationem</strong></span> 
     </span>
    </p>
   </div>
   <div class='ocr_carea' id='block_1_9' title="bbox 767 2815 2338 2899">
    <p class='ocr_par' dir='ltr' id='par_1_11' title="bbox 767 2815 2338 2899">
     <span class='ocr_line' id='line_1_37' title="bbox 767 2815 2338 2899; baseline 0.003 -25"><span class='ocrx_word' id='word_1_223' title='bbox 767 2845 808 2874; x_wconf 78' lang='lat' dir='ltr'><strong>x.</strong></span> <span class='ocrx_word' id='word_1_224' title='bbox 836 2817 938 2880; x_wconf 89' lang='lat' dir='ltr'><strong>vel</strong></span> <span class='ocrx_word' id='word_1_225' title='bbox 983 2836 1095 2899; x_wconf 87' lang='lat' dir='ltr'><strong>per</strong></span> <span class='ocrx_word' id='word_1_226' title='bbox 1134 2817 1518 2899; x_wconf 90' lang='lat' dir='ltr'><strong>positionem</strong></span> <span class='ocrx_word' id='word_1_227' title='bbox 1549 2815 2118 2897; x_wconf 90' lang='lat' dir='ltr'><strong>(quemadmodum</strong></span> <span class='ocrx_word' id='word_1_228' title='bbox 2160 2815 2338 2897; x_wconf 91' lang='lat' dir='ltr'><strong>prius</strong></span> 
     </span>
    </p>
   </div>
   <div class='ocr_carea' id='block_1_10' title="bbox 838 2912 2338 2994">
    <p class='ocr_par' dir='ltr' id='par_1_12' title="bbox 838 2912 2338 2994">
     <span class='ocr_line' id='line_1_38' title="bbox 838 2912 2338 2994; baseline -0.001 -16"><span class='ocrx_word' id='word_1_229' title='bbox 838 2916 1225 2978; x_wconf 90' lang='lat' dir='ltr'><strong>elucidatum</strong></span> <span class='ocrx_word' id='word_1_230' title='bbox 1259 2915 1404 2994; x_wconf 90' lang='lat' dir='ltr'><strong>est),</strong></span> <span class='ocrx_word' id='word_1_231' title='bbox 1425 2913 1720 2976; x_wconf 89' lang='lat' dir='ltr'><strong>consistit</strong></span> <span class='ocrx_word' id='word_1_232' title='bbox 1748 2912 2038 2975; x_wconf 82' lang='lat' dir='ltr'><strong>felicitaS.</strong></span> <span class='ocrx_word' id='word_1_233' title='bbox 2055 2914 2338 2994; x_wconf 88' lang='lat' dir='ltr'><strong>Proprie-</strong></span> 
     </span>
    </p>
   </div>
   <div class='ocr_carea' id='block_1_11' title="bbox 2449 1929 3955 2993">
    <p class='ocr_par' dir='ltr' id='par_1_13' title="bbox 2449 1929 3955 2993">
     <span class='ocr_line' id='line_1_39' title="bbox 2455 1929 3951 2009; baseline 0.002 -20"><span class='ocrx_word' id='word_1_234' title='bbox 2455 1929 2554 2002; x_wconf 81' lang='lat' dir='ltr'><strong>lis,</strong></span> <span class='ocrx_word' id='word_1_235' title='bbox 2592 1935 2659 1989; x_wconf 96' lang='lat' dir='ltr'><strong>ut</strong></span> <span class='ocrx_word' id='word_1_236' title='bbox 2690 1929 3007 2009; x_wconf 88' lang='lat' dir='ltr'><strong>posterius</strong></span> <span class='ocrx_word' id='word_1_237' title='bbox 3048 1929 3422 2004; x_wconf 90' lang='lat' dir='ltr'><strong>deducetur,</strong></span> <span class='ocrx_word' id='word_1_238' title='bbox 3455 1930 3855 1995; x_wconf 88' lang='lat' dir='ltr'><strong>sublimioris</strong></span> <span class='ocrx_word' id='word_1_239' title='bbox 3888 1938 3951 1994; x_wconf 90' lang='lat' dir='ltr'><strong>et</strong></span> 
     </span>
     <span class='ocr_line' id='line_1_40' title="bbox 2453 2027 3952 2112; baseline 0.003 -23"><span class='ocrx_word' id='word_1_240' title='bbox 2453 2027 2881 2090; x_wconf 89' lang='lat' dir='ltr'><strong>deiformioris</strong></span> <span class='ocrx_word' id='word_1_241' title='bbox 2931 2028 3077 2091; x_wconf 84' lang='lat' dir='ltr'><strong>vitae</strong></span> <span class='ocrx_word' id='word_1_242' title='bbox 3134 2036 3231 2090; x_wconf 91' lang='lat' dir='ltr'><strong>est</strong></span> <span class='ocrx_word' id='word_1_243' title='bbox 3285 2047 3359 2090; x_wconf 90' lang='lat' dir='ltr'><strong>ac</strong></span> <span class='ocrx_word' id='word_1_244' title='bbox 3416 2036 3618 2092; x_wconf 90' lang='lat' dir='ltr'><strong>status</strong></span> <span class='ocrx_word' id='word_1_245' title='bbox 3664 2037 3952 2112; x_wconf 82' lang='lat' dir='ltr'><strong>separata</strong></span> 
     </span>
     <span class='ocr_line' id='line_1_41' title="bbox 2454 2124 3949 2208; baseline 0.003 -22"><span class='ocrx_word' id='word_1_246' title='bbox 2454 2124 2937 2208; x_wconf 91' lang='lat' dir='ltr'><strong>luminibusque</strong></span> <span class='ocrx_word' id='word_1_247' title='bbox 3002 2134 3441 2208; x_wconf 87' lang='lat' dir='ltr'><strong>separatorum</strong></span> <span class='ocrx_word' id='word_1_248' title='bbox 3506 2127 3949 2192; x_wconf 90' lang='lat' dir='ltr'><strong>intellectuum</strong></span> 
     </span>
     <span class='ocr_line' id='line_1_42' title="bbox 2454 2223 3953 2308; baseline 0.003 -24"><span class='ocrx_word' id='word_1_249' title='bbox 2454 2223 2822 2286; x_wconf 90' lang='lat' dir='ltr'><strong>immediate</strong></span> <span class='ocrx_word' id='word_1_250' title='bbox 2854 2224 3054 2297; x_wconf 89' lang='lat' dir='ltr'><strong>unita,</strong></span> <span class='ocrx_word' id='word_1_251' title='bbox 3087 2243 3279 2305; x_wconf 89' lang='lat' dir='ltr'><strong>quam</strong></span> <span class='ocrx_word' id='word_1_252' title='bbox 3315 2225 3399 2287; x_wconf 88' lang='lat' dir='ltr'><strong>sit</strong></span> <span class='ocrx_word' id='word_1_253' title='bbox 3438 2226 3503 2288; x_wconf 92' lang='lat' dir='ltr'><strong>in</strong></span> <span class='ocrx_word' id='word_1_254' title='bbox 3544 2242 3813 2308; x_wconf 88' lang='lat' dir='ltr'><strong>corpore</strong></span> <span class='ocrx_word' id='word_1_255' title='bbox 3852 2245 3953 2288; x_wconf 86' lang='lat' dir='ltr'><strong>ex-</strong></span> 
     </span>
     <span class='ocr_line' id='line_1_43' title="bbox 2454 2321 3953 2402; baseline 0.003 -19"><span class='ocrx_word' id='word_1_256' title='bbox 2454 2323 2704 2383; x_wconf 88' lang='lat' dir='ltr'><strong>sistens.</strong></span> <span class='ocrx_word' id='word_1_257' title='bbox 2742 2322 2805 2384; x_wconf 87' lang='lat' dir='ltr'><strong>Si</strong></span> <span class='ocrx_word' id='word_1_258' title='bbox 2838 2339 2989 2384; x_wconf 90' lang='lat' dir='ltr'><strong>vero</strong></span> <span class='ocrx_word' id='word_1_259' title='bbox 3020 2321 3443 2402; x_wconf 87' lang='lat' dir='ltr'><strong>theologicam</strong></span> <span class='ocrx_word' id='word_1_260' title='bbox 3482 2323 3821 2386; x_wconf 88' lang='lat' dir='ltr'><strong>veritatem</strong></span> <span class='ocrx_word' id='word_1_261' title='bbox 3860 2343 3953 2388; x_wconf 91' lang='lat' dir='ltr'><strong>se-</strong></span> 
     </span>
     <span class='ocr_line' id='line_1_44' title="bbox 2454 2419 3951 2502; baseline 0.002 -20"><span class='ocrx_word' id='word_1_262' title='bbox 2454 2429 2722 2495; x_wconf 90' lang='lat' dir='ltr'><strong>ctemur,</strong></span> <span class='ocrx_word' id='word_1_263' title='bbox 2784 2427 2939 2481; x_wconf 90' lang='lat' dir='ltr'><strong>tunc</strong></span> <span class='ocrx_word' id='word_1_264' title='bbox 2998 2421 3222 2502; x_wconf 90' lang='lat' dir='ltr'><strong>utique</strong></span> <span class='ocrx_word' id='word_1_265' title='bbox 3290 2419 3542 2483; x_wconf 84' lang='lat' dir='ltr'><strong>felicior</strong></span> <span class='ocrx_word' id='word_1_266' title='bbox 3597 2430 3698 2484; x_wconf 90' lang='lat' dir='ltr'><strong>est</strong></span> <span class='ocrx_word' id='word_1_267' title='bbox 3750 2430 3951 2485; x_wconf 88' lang='lat' dir='ltr'><strong>status</strong></span> 
     </span>
     <span class='ocr_line' id='line_1_45' title="bbox 2452 2518 3953 2604; baseline 0.001 -23"><span class='ocrx_word' id='word_1_268' title='bbox 2452 2525 2684 2581; x_wconf 82' lang='lat' dir='ltr'><strong>sanctae</strong></span> <span class='ocrx_word' id='word_1_269' title='bbox 2745 2518 2977 2580; x_wconf 91' lang='lat' dir='ltr'><strong>mentis</strong></span> <span class='ocrx_word' id='word_1_270' title='bbox 3033 2526 3384 2601; x_wconf 80' lang='lat' dir='ltr'><strong>separatuS,</strong></span> <span class='ocrx_word' id='word_1_271' title='bbox 3446 2539 3639 2600; x_wconf 90' lang='lat' dir='ltr'><strong>quam</strong></span> <span class='ocrx_word' id='word_1_272' title='bbox 3698 2520 3953 2604; x_wconf 86' lang='lat' dir='ltr'><strong>corpori</strong></span> 
     </span>
     <span class='ocr_line' id='line_1_46' title="bbox 2452 2615 3954 2701; baseline 0.002 -23"><span class='ocrx_word' id='word_1_273' title='bbox 2452 2615 2962 2678; x_wconf 91' lang='lat' dir='ltr'><strong>communicatus</strong></span> <span class='ocrx_word' id='word_1_274' title='bbox 3006 2617 3359 2678; x_wconf 90' lang='lat' dir='ltr'><strong>secundum</strong></span> <span class='ocrx_word' id='word_1_275' title='bbox 3409 2636 3590 2679; x_wconf 89' lang='lat' dir='ltr'><strong>suam</strong></span> <span class='ocrx_word' id='word_1_276' title='bbox 3638 2619 3954 2701; x_wconf 89' lang='lat' dir='ltr'><strong>corrupti—</strong></span> 
     </span>
     <span class='ocr_line' id='line_1_47' title="bbox 2451 2713 3955 2796; baseline 0.003 -21"><span class='ocrx_word' id='word_1_277' title='bbox 2451 2714 2645 2775; x_wconf 92' lang='lat' dir='ltr'><strong>bilem</strong></span> <span class='ocrx_word' id='word_1_278' title='bbox 2690 2733 2880 2796; x_wconf 89' lang='lat' dir='ltr'><strong>quam</strong></span> <span class='ocrx_word' id='word_1_279' title='bbox 2922 2733 3093 2776; x_wconf 92' lang='lat' dir='ltr'><strong>nunc</strong></span> <span class='ocrx_word' id='word_1_280' title='bbox 3142 2713 3333 2776; x_wconf 89' lang='lat' dir='ltr'><strong>habet</strong></span> <span class='ocrx_word' id='word_1_281' title='bbox 3381 2715 3808 2791; x_wconf 88' lang='lat' dir='ltr'><strong>harmoniam,</strong></span> <span class='ocrx_word' id='word_1_282' title='bbox 3848 2717 3955 2780; x_wconf 88' lang='lat' dir='ltr'><strong>de-</strong></span> 
     </span>
     <span class='ocr_line' id='line_1_48' title="bbox 2449 2813 3953 2895; baseline 0.003 -21"><span class='ocrx_word' id='word_1_283' title='bbox 2449 2813 3006 2894; x_wconf 86' lang='lat' dir='ltr'><strong>structibilemque</strong></span> <span class='ocrx_word' id='word_1_284' title='bbox 3054 2813 3559 2895; x_wconf 89' lang='lat' dir='ltr'><strong>dispositionem.</strong></span> <span class='ocrx_word' id='word_1_285' title='bbox 3612 2815 3799 2878; x_wconf 89' lang='lat' dir='ltr'><strong>Nunc</strong></span> <span class='ocrx_word' id='word_1_286' title='bbox 3845 2837 3953 2879; x_wconf 88' lang='lat' dir='ltr'><strong>au-</strong></span> 
     </span>
     <span class='ocr_line' id='line_1_49' title="bbox 2449 2912 3953 2993; baseline 0.003 -20"><span class='ocrx_word' id='word_1_287' title='bbox 2449 2918 2577 2973; x_wconf 91' lang='lat' dir='ltr'><strong>tem</strong></span> <span class='ocrx_word' id='word_1_288' title='bbox 2611 2912 2945 2973; x_wconf 89' lang='lat' dir='ltr'><strong>inductum</strong></span> <span class='ocrx_word' id='word_1_289' title='bbox 2976 2918 3093 2984; x_wconf 90' lang='lat' dir='ltr'><strong>est,</strong></span> <span class='ocrx_word' id='word_1_290' title='bbox 3108 2913 3269 2993; x_wconf 93' lang='lat' dir='ltr'><strong>quod</strong></span> <span class='ocrx_word' id='word_1_291' title='bbox 3303 2912 3574 2975; x_wconf 84' lang='lat' dir='ltr'><strong>felicitas</strong></span> <span class='ocrx_word' id='word_1_292' title='bbox 3605 2916 3953 2978; x_wconf 89' lang='lat' dir='ltr'><strong>secundum</strong></span> 
     </span>
    </p>
   </div>
   <div class='ocr_carea' id='block_1_12' title="bbox 837 3000 3951 3095">
    <p class='ocr_par' dir='ltr' id='par_1_14' title="bbox 837 3000 3951 3095">
     <span class='ocr_line' id='line_1_50' title="bbox 837 3000 3951 3095; baseline 0.001 -21"><span class='ocrx_word' id='word_1_293' title='bbox 837 3022 995 3076; x_wconf 91' lang='lat' dir='ltr'><strong>tates</strong></span> <span class='ocrx_word' id='word_1_294' title='bbox 1038 3032 1315 3095; x_wconf 89' lang='lat' dir='ltr'><strong>namque</strong></span> <span class='ocrx_word' id='word_1_295' title='bbox 1358 3011 1682 3074; x_wconf 86' lang='lat' dir='ltr'><strong>felicitatis</strong></span> <span class='ocrx_word' id='word_1_296' title='bbox 1728 3019 1897 3084; x_wconf 89' lang='lat' dir='ltr'><strong>sunt,</strong></span> <span class='ocrx_word' id='word_1_297' title='bbox 1930 3029 2187 3073; x_wconf 91' lang='lat' dir='ltr'><strong>omnem</strong></span> <span class='ocrx_word' id='word_1_298' title='bbox 2221 3013 2335 3073; x_wconf 88' lang='lat' dir='ltr'><strong>mi·</strong></span> <span class='ocrx_word' id='word_1_299' title='bbox 2370 3000 2413 3063; x_wconf 89' lang='lat' dir='ltr'>C</span> <span class='ocrx_word' id='word_1_300' title='bbox 2447 3010 2762 3092; x_wconf 89' lang='lat' dir='ltr'><strong>optimum</strong></span> <span class='ocrx_word' id='word_1_301' title='bbox 2806 3016 3040 3071; x_wconf 86' lang='lat' dir='ltr'><strong>statum</strong></span> <span class='ocrx_word' id='word_1_302' title='bbox 3083 3010 3165 3071; x_wconf 90' lang='lat' dir='ltr'><strong>sit</strong></span> <span class='ocrx_word' id='word_1_303' title='bbox 3209 3009 3559 3094; x_wconf 87' lang='lat' dir='ltr'><strong>unicuique</strong></span> <span class='ocrx_word' id='word_1_304' title='bbox 3596 3013 3951 3076; x_wconf 87' lang='lat' dir='ltr'><strong>attribuen-</strong></span> 
     </span>
    </p>
   </div>
   <div class='ocr_carea' id='block_1_13' title="bbox 834 3110 2339 4174">
    <p class='ocr_par' dir='ltr' id='par_1_15' title="bbox 834 3110 2339 4174">
     <span class='ocr_line' id='line_1_51' title="bbox 839 3110 2337 3192; baseline -0.003 -17"><span class='ocrx_word' id='word_1_305' title='bbox 839 3113 1072 3175; x_wconf 87' lang='lat' dir='ltr'><strong>seriam</strong></span> <span class='ocrx_word' id='word_1_306' title='bbox 1129 3112 1490 3184; x_wconf 86' lang='lat' dir='ltr'><strong>excludere,</strong></span> <span class='ocrx_word' id='word_1_307' title='bbox 1551 3110 1839 3173; x_wconf 89' lang='lat' dir='ltr'><strong>animum</strong></span> <span class='ocrx_word' id='word_1_308' title='bbox 1903 3110 2213 3192; x_wconf 89' lang='lat' dir='ltr'><strong>quietare,</strong></span> <span class='ocrx_word' id='word_1_309' title='bbox 2273 3116 2337 3171; x_wconf 91' lang='lat' dir='ltr'><strong>et</strong></span> 
     </span>
     <span class='ocr_line' id='line_1_52' title="bbox 837 3207 2336 3292; baseline -0.002 -19"><span class='ocrx_word' id='word_1_310' title='bbox 837 3230 1095 3274; x_wconf 90' lang='lat' dir='ltr'><strong>omnem</strong></span> <span class='ocrx_word' id='word_1_311' title='bbox 1143 3208 1673 3292; x_wconf 90' lang='lat' dir='ltr'><strong>potentialitatem</strong></span> <span class='ocrx_word' id='word_1_312' title='bbox 1722 3207 2023 3270; x_wconf 88' lang='lat' dir='ltr'><strong>desiderii</strong></span> <span class='ocrx_word' id='word_1_313' title='bbox 2081 3216 2336 3270; x_wconf 90' lang='lat' dir='ltr'><strong>actuare</strong></span> 
     </span>
     <span class='ocr_line' id='line_1_53' title="bbox 836 3306 2339 3391; baseline -0.003 -19"><span class='ocrx_word' id='word_1_314' title='bbox 836 3317 900 3372; x_wconf 90' lang='lat' dir='ltr'><strong>et</strong></span> <span class='ocrx_word' id='word_1_315' title='bbox 945 3309 1256 3391; x_wconf 86' lang='lat' dir='ltr'><strong>perficere</strong></span> <span class='ocrx_word' id='word_1_316' title='bbox 1291 3325 1304 3369; x_wconf 89' lang='lat'>:</span> <span class='ocrx_word' id='word_1_317' title='bbox 1339 3307 1568 3390; x_wconf 92' lang='lat' dir='ltr'><strong>adepto</strong></span> <span class='ocrx_word' id='word_1_318' title='bbox 1613 3325 1892 3388; x_wconf 88' lang='lat' dir='ltr'><strong>namque</strong></span> <span class='ocrx_word' id='word_1_319' title='bbox 1937 3306 2090 3380; x_wconf 85' lang='lat' dir='ltr'><strong>fine,</strong></span> <span class='ocrx_word' id='word_1_320' title='bbox 2134 3313 2339 3368; x_wconf 90' lang='lat' dir='ltr'><strong>cessat</strong></span> 
     </span>
     <span class='ocr_line' id='line_1_54' title="bbox 837 3405 2337 3486; baseline -0.003 -16"><span class='ocrx_word' id='word_1_321' title='bbox 837 3408 1052 3470; x_wconf 90' lang='lat' dir='ltr'><strong>moti0.</strong></span> <span class='ocrx_word' id='word_1_322' title='bbox 1101 3406 1434 3469; x_wconf 90' lang='lat' dir='ltr'><strong>Cernimus</strong></span> <span class='ocrx_word' id='word_1_323' title='bbox 1481 3413 1716 3478; x_wconf 90' lang='lat' dir='ltr'><strong>autem,</strong></span> <span class='ocrx_word' id='word_1_324' title='bbox 1761 3406 1929 3486; x_wconf 88' lang='lat' dir='ltr'><strong>quod</strong></span> <span class='ocrx_word' id='word_1_325' title='bbox 1977 3423 2104 3486; x_wconf 88' lang='lat' dir='ltr'><strong>quo</strong></span> <span class='ocrx_word' id='word_1_326' title='bbox 2154 3405 2337 3485; x_wconf 88' lang='lat' dir='ltr'><strong>plura</strong></span> 
     </span>
     <span class='ocr_line' id='line_1_55' title="bbox 836 3503 2336 3584; baseline -0.003 -16"><span class='ocrx_word' id='word_1_327' title='bbox 836 3507 914 3568; x_wconf 91' lang='lat' dir='ltr'><strong>de</strong></span> <span class='ocrx_word' id='word_1_328' title='bbox 945 3507 1072 3568; x_wconf 93' lang='lat' dir='ltr'><strong>Deo</strong></span> <span class='ocrx_word' id='word_1_329' title='bbox 1110 3505 1296 3567; x_wconf 90' lang='lat' dir='ltr'><strong>nobis</strong></span> <span class='ocrx_word' id='word_1_330' title='bbox 1339 3505 1878 3576; x_wconf 87' lang='lat' dir='ltr'><strong>demonstrentur,</strong></span> <span class='ocrx_word' id='word_1_331' title='bbox 1912 3520 1987 3563; x_wconf 93' lang='lat' dir='ltr'><strong>eo</strong></span> <span class='ocrx_word' id='word_1_332' title='bbox 2024 3503 2336 3584; x_wconf 84' lang='lat' dir='ltr'><strong>ampliora</strong></span> 
     </span>
     <span class='ocr_line' id='line_1_56' title="bbox 834 3601 2335 3683; baseline -0.002 -18"><span class='ocrx_word' id='word_1_333' title='bbox 834 3604 998 3665; x_wconf 89' lang='lat' dir='ltr'><strong>scire</strong></span> <span class='ocrx_word' id='word_1_334' title='bbox 1059 3601 1578 3683; x_wconf 90' lang='lat' dir='ltr'><strong>concupiscimus</strong></span> <span class='ocrx_word' id='word_1_335' title='bbox 1632 3618 1645 3662; x_wconf 77' lang='grc' dir='ltr'>ε</span> <span class='ocrx_word' id='word_1_336' title='bbox 1699 3617 1824 3662; x_wconf 91' lang='lat' dir='ltr'><strong>non</strong></span> <span class='ocrx_word' id='word_1_337' title='bbox 1885 3618 2035 3680; x_wconf 86' lang='lat' dir='ltr'><strong>ergo</strong></span> <span class='ocrx_word' id='word_1_338' title='bbox 2094 3601 2335 3681; x_wconf 88' lang='lat' dir='ltr'><strong>quietat</strong></span> 
     </span>
     <span class='ocr_line' id='line_1_57' title="bbox 835 3698 2333 3779; baseline -0.003 -16"><span class='ocrx_word' id='word_1_339' title='bbox 835 3708 1116 3763; x_wconf 90' lang='lat' dir='ltr'><strong>mentem</strong></span> <span class='ocrx_word' id='word_1_340' title='bbox 1149 3699 1266 3761; x_wconf 87' lang='lat' dir='ltr'><strong>ista</strong></span> <span class='ocrx_word' id='word_1_341' title='bbox 1298 3698 1594 3779; x_wconf 88' lang='lat' dir='ltr'><strong>cognitio.</strong></span> <span class='ocrx_word' id='word_1_342' title='bbox 1630 3698 1982 3760; x_wconf 90' lang='lat' dir='ltr'><strong>Plurimum</strong></span> <span class='ocrx_word' id='word_1_343' title='bbox 2013 3699 2207 3760; x_wconf 92' lang='lat' dir='ltr'><strong>etiam</strong></span> <span class='ocrx_word' id='word_1_344' title='bbox 2240 3699 2333 3760; x_wconf 90' lang='lat' dir='ltr'><strong>in—</strong></span> 
     </span>
     <span class='ocr_line' id='line_1_58' title="bbox 835 3795 2334 3877; baseline -0.002 -16"><span class='ocrx_word' id='word_1_345' title='bbox 835 3798 1239 3861; x_wconf 88' lang='lat' dir='ltr'><strong>certitudinis</strong></span> <span class='ocrx_word' id='word_1_346' title='bbox 1269 3797 1482 3870; x_wconf 90' lang='lat' dir='ltr'><strong>habet,</strong></span> <span class='ocrx_word' id='word_1_347' title='bbox 1517 3803 1776 3877; x_wconf 90' lang='lat' dir='ltr'><strong>propter</strong></span> <span class='ocrx_word' id='word_1_348' title='bbox 1817 3795 2084 3857; x_wconf 88' lang='lat' dir='ltr'><strong>nimiam</strong></span> <span class='ocrx_word' id='word_1_349' title='bbox 2129 3796 2334 3858; x_wconf 89' lang='lat' dir='ltr'><strong>excel-</strong></span> 
     </span>
     <span class='ocr_line' id='line_1_59' title="bbox 837 3892 2332 3975; baseline -0.001 -17"><span class='ocrx_word' id='word_1_350' title='bbox 837 3897 1098 3958; x_wconf 90' lang='lat' dir='ltr'><strong>lentiam</strong></span> <span class='ocrx_word' id='word_1_351' title='bbox 1137 3903 1200 3957; x_wconf 91' lang='lat' dir='ltr'><strong>et</strong></span> <span class='ocrx_word' id='word_1_352' title='bbox 1239 3893 1717 3975; x_wconf 90' lang='lat' dir='ltr'><strong>simplicitatem</strong></span> <span class='ocrx_word' id='word_1_353' title='bbox 1761 3892 2185 3973; x_wconf 87' lang='lat' dir='ltr'><strong>intelligibilis</strong></span> <span class='ocrx_word' id='word_1_354' title='bbox 2230 3913 2332 3956; x_wconf 89' lang='lat' dir='ltr'><strong>su-</strong></span> 
     </span>
     <span class='ocr_line' id='line_1_60' title="bbox 837 3991 2333 4076; baseline -0.002 -20"><span class='ocrx_word' id='word_1_355' title='bbox 837 4014 951 4076; x_wconf 90' lang='lat' dir='ltr'><strong>pra</strong></span> <span class='ocrx_word' id='word_1_356' title='bbox 997 4002 1290 4056; x_wconf 90' lang='lat' dir='ltr'><strong>naturam</strong></span> <span class='ocrx_word' id='word_1_357' title='bbox 1349 4000 1412 4053; x_wconf 93' lang='lat' dir='ltr'><strong>et</strong></span> <span class='ocrx_word' id='word_1_358' title='bbox 1469 3992 1732 4054; x_wconf 92' lang='lat' dir='ltr'><strong>modum</strong></span> <span class='ocrx_word' id='word_1_359' title='bbox 1780 3991 2219 4053; x_wconf 86' lang='lat' dir='ltr'><strong>ratiocinantis</strong></span> <span class='ocrx_word' id='word_1_360' title='bbox 2269 3999 2333 4054; x_wconf 92' lang='lat' dir='ltr'><strong>et</strong></span> 
     </span>
     <span class='ocr_line' id='line_1_61' title="bbox 837 4089 2329 4174; baseline -0.003 -18"><span class='ocrx_word' id='word_1_361' title='bbox 837 4092 1200 4174; x_wconf 87' lang='lat' dir='ltr'><strong>potentialis</strong></span> <span class='ocrx_word' id='word_1_362' title='bbox 1262 4090 1621 4152; x_wconf 89' lang='lat' dir='ltr'><strong>intellectus</strong></span> <span class='ocrx_word' id='word_1_363' title='bbox 1681 4107 1694 4150; x_wconf 71' lang='grc' dir='ltr'>ε</span> <span class='ocrx_word' id='word_1_364' title='bbox 1748 4089 1915 4171; x_wconf 88' lang='lat' dir='ltr'><strong>quod</strong></span> <span class='ocrx_word' id='word_1_365' title='bbox 1975 4108 2052 4151; x_wconf 90' lang='lat' dir='ltr'><strong>ex</strong></span> <span class='ocrx_word' id='word_1_366' title='bbox 2114 4091 2329 4152; x_wconf 91' lang='lat' dir='ltr'><strong>multi-</strong></span> 
     </span>
    </p>
   </div>
   <div class='ocr_carea' id='block_1_14' title="bbox 2442 3108 3953 4158">
    <p class='ocr_par' dir='ltr' id='par_1_16' title="bbox 2442 3108 3953 4158">
     <span class='ocr_line' id='line_1_62' title="bbox 2446 3108 3953 3189; baseline 0.003 -19"><span class='ocrx_word' id='word_1_367' title='bbox 2446 3109 2543 3170; x_wconf 92' lang='lat' dir='ltr'><strong>da.</strong></span> <span class='ocrx_word' id='word_1_368' title='bbox 2580 3109 2915 3189; x_wconf 89' lang='lat' dir='ltr'><strong>Quumque</strong></span> <span class='ocrx_word' id='word_1_369' title='bbox 2946 3108 3029 3170; x_wconf 89' lang='lat' dir='ltr'><strong>sit</strong></span> <span class='ocrx_word' id='word_1_370' title='bbox 3058 3108 3248 3171; x_wconf 89' lang='lat' dir='ltr'><strong>homo</strong></span> <span class='ocrx_word' id='word_1_371' title='bbox 3280 3109 3383 3171; x_wconf 85' lang='lat' dir='ltr'><strong>vel</strong></span> <span class='ocrx_word' id='word_1_372' title='bbox 3416 3111 3693 3173; x_wconf 87' lang='lat' dir='ltr'><strong>maxime</strong></span> <span class='ocrx_word' id='word_1_373' title='bbox 3724 3131 3953 3176; x_wconf 89' lang='lat' dir='ltr'><strong>secun·</strong></span> 
     </span>
     <span class='ocr_line' id='line_1_63' title="bbox 2446 3205 3952 3280; baseline 0.003 -11"><span class='ocrx_word' id='word_1_374' title='bbox 2446 3206 2602 3269; x_wconf 92' lang='lat' dir='ltr'><strong>dum</strong></span> <span class='ocrx_word' id='word_1_375' title='bbox 2643 3205 3073 3280; x_wconf 86' lang='lat' dir='ltr'><strong>Aristotelem,</strong></span> <span class='ocrx_word' id='word_1_376' title='bbox 3120 3206 3220 3268; x_wconf 88' lang='lat' dir='ltr'><strong>vel</strong></span> <span class='ocrx_word' id='word_1_377' title='bbox 3265 3207 3546 3270; x_wconf 86' lang='lat' dir='ltr'><strong>totaliter</strong></span> <span class='ocrx_word' id='word_1_378' title='bbox 3591 3211 3952 3272; x_wconf 90' lang='lat' dir='ltr'><strong>secundum</strong></span> 
     </span>
     <span class='ocr_line' id='line_1_64' title="bbox 2446 3304 3951 3384; baseline 0.003 -18"><span class='ocrx_word' id='word_1_379' title='bbox 2446 3304 2769 3367; x_wconf 89' lang='lat' dir='ltr'><strong>Platonem</strong></span> <span class='ocrx_word' id='word_1_380' title='bbox 2814 3311 2877 3365; x_wconf 91' lang='lat' dir='ltr'><strong>et</strong></span> <span class='ocrx_word' id='word_1_381' title='bbox 2915 3304 3330 3380; x_wconf 87' lang='lat' dir='ltr'><strong>Avicennam,</strong></span> <span class='ocrx_word' id='word_1_382' title='bbox 3364 3325 3520 3367; x_wconf 92' lang='lat' dir='ltr'><strong>suus</strong></span> <span class='ocrx_word' id='word_1_383' title='bbox 3558 3306 3951 3384; x_wconf 87' lang='lat' dir='ltr'><strong>intellectus,</strong></span> 
     </span>
     <span class='ocr_line' id='line_1_65' title="bbox 2447 3401 3953 3482; baseline 0.004 -19"><span class='ocrx_word' id='word_1_384' title='bbox 2447 3402 2727 3464; x_wconf 89' lang='lat' dir='ltr'><strong>hominis</strong></span> <span class='ocrx_word' id='word_1_385' title='bbox 2769 3401 3043 3463; x_wconf 86' lang='lat' dir='ltr'><strong>felicitas</strong></span> <span class='ocrx_word' id='word_1_386' title='bbox 3086 3420 3215 3465; x_wconf 92' lang='lat' dir='ltr'><strong>non</strong></span> <span class='ocrx_word' id='word_1_387' title='bbox 3254 3402 3450 3482; x_wconf 91' lang='lat' dir='ltr'><strong>hujus</strong></span> <span class='ocrx_word' id='word_1_388' title='bbox 3489 3403 3635 3468; x_wconf 81' lang='lat' dir='ltr'><strong>vitae</strong></span> <span class='ocrx_word' id='word_1_389' title='bbox 3676 3412 3799 3480; x_wconf 88' lang='lat' dir='ltr'><strong>est,</strong></span> <span class='ocrx_word' id='word_1_390' title='bbox 3842 3406 3953 3469; x_wconf 87' lang='lat' dir='ltr'><strong>sed</strong></span> 
     </span>
     <span class='ocr_line' id='line_1_66' title="bbox 2444 3499 3953 3574; baseline 0.003 -12"><span class='ocrx_word' id='word_1_391' title='bbox 2444 3499 2687 3562; x_wconf 87' lang='lat' dir='ltr'><strong>altioris</strong></span> <span class='ocrx_word' id='word_1_392' title='bbox 2747 3506 2964 3561; x_wconf 83' lang='lat' dir='ltr'><strong>statuS.</strong></span> <span class='ocrx_word' id='word_1_393' title='bbox 3018 3499 3345 3574; x_wconf 87' lang='lat' dir='ltr'><strong>Praeterea,</strong></span> <span class='ocrx_word' id='word_1_394' title='bbox 3406 3502 3545 3563; x_wconf 92' lang='lat' dir='ltr'><strong>sine</strong></span> <span class='ocrx_word' id='word_1_395' title='bbox 3602 3502 3953 3566; x_wconf 87' lang='lat' dir='ltr'><strong>stabilitate</strong></span> 
     </span>
     <span class='ocr_line' id='line_1_67' title="bbox 2446 3597 3953 3682; baseline 0.003 -21"><span class='ocrx_word' id='word_1_396' title='bbox 2446 3606 2511 3662; x_wconf 91' lang='lat' dir='ltr'><strong>et</strong></span> <span class='ocrx_word' id='word_1_397' title='bbox 2547 3597 2887 3661; x_wconf 87' lang='lat' dir='ltr'><strong>securitate</strong></span> <span class='ocrx_word' id='word_1_398' title='bbox 2928 3606 3117 3680; x_wconf 90' lang='lat' dir='ltr'><strong>atque</strong></span> <span class='ocrx_word' id='word_1_399' title='bbox 3156 3597 3369 3679; x_wconf 88' lang='lat' dir='ltr'><strong>quiete</strong></span> <span class='ocrx_word' id='word_1_400' title='bbox 3422 3599 3637 3662; x_wconf 91' lang='lat' dir='ltr'><strong>nullus</strong></span> <span class='ocrx_word' id='word_1_401' title='bbox 3685 3618 3953 3682; x_wconf 84' lang='lat' dir='ltr'><strong>prorsus</strong></span> 
     </span>
     <span class='ocr_line' id='line_1_68' title="bbox 2445 3696 3951 3763; baseline 0.003 -5"><span class='ocrx_word' id='word_1_402' title='bbox 2445 3697 2599 3759; x_wconf 79' lang='lat' dir='ltr'><strong>felix</strong></span> <span class='ocrx_word' id='word_1_403' title='bbox 2640 3696 2922 3758; x_wconf 87' lang='lat' dir='ltr'><strong>dicitur:</strong></span> <span class='ocrx_word' id='word_1_404' title='bbox 2956 3696 3066 3758; x_wconf 90' lang='lat' dir='ltr'><strong>sed</strong></span> <span class='ocrx_word' id='word_1_405' title='bbox 3114 3696 3178 3757; x_wconf 94' lang='lat' dir='ltr'><strong>in</strong></span> <span class='ocrx_word' id='word_1_406' title='bbox 3224 3696 3343 3758; x_wconf 91' lang='lat' dir='ltr'><strong>hac</strong></span> <span class='ocrx_word' id='word_1_407' title='bbox 3384 3697 3515 3758; x_wconf 91' lang='lat' dir='ltr'><strong>vita</strong></span> <span class='ocrx_word' id='word_1_408' title='bbox 3558 3698 3776 3761; x_wconf 89' lang='lat' dir='ltr'><strong>nullus</strong></span> <span class='ocrx_word' id='word_1_409' title='bbox 3818 3709 3951 3763; x_wconf 89' lang='lat' dir='ltr'><strong>tam</strong></span> 
     </span>
     <span class='ocr_line' id='line_1_69' title="bbox 2444 3795 3949 3877; baseline 0.003 -19"><span class='ocrx_word' id='word_1_410' title='bbox 2444 3795 2691 3858; x_wconf 91' lang='lat' dir='ltr'><strong>stabilis</strong></span> <span class='ocrx_word' id='word_1_411' title='bbox 2722 3813 2861 3857; x_wconf 90' lang='grc'><strong>6556</strong></span> <span class='ocrx_word' id='word_1_412' title='bbox 2892 3801 3119 3876; x_wconf 90' lang='lat' dir='ltr'><strong>potest,</strong></span> <span class='ocrx_word' id='word_1_413' title='bbox 3153 3795 3311 3876; x_wconf 89' lang='lat' dir='ltr'><strong>quin</strong></span> <span class='ocrx_word' id='word_1_414' title='bbox 3344 3795 3651 3877; x_wconf 88' lang='lat' dir='ltr'><strong>possibile</strong></span> <span class='ocrx_word' id='word_1_415' title='bbox 3680 3797 3768 3859; x_wconf 89' lang='lat' dir='ltr'><strong>sit</strong></span> <span class='ocrx_word' id='word_1_416' title='bbox 3796 3817 3949 3862; x_wconf 90' lang='lat' dir='ltr'><strong>eum</strong></span> 
     </span>
     <span class='ocr_line' id='line_1_70' title="bbox 2444 3891 3951 3977; baseline 0.003 -22"><span class='ocrx_word' id='word_1_417' title='bbox 2444 3911 2559 3977; x_wconf 88' lang='lat' dir='ltr'><strong>per</strong></span> <span class='ocrx_word' id='word_1_418' title='bbox 2588 3892 2940 3955; x_wconf 89' lang='lat' dir='ltr'><strong>infortunia</strong></span> <span class='ocrx_word' id='word_1_419' title='bbox 2968 3900 3030 3954; x_wconf 92' lang='lat' dir='ltr'><strong>et</strong></span> <span class='ocrx_word' id='word_1_420' title='bbox 3062 3891 3472 3955; x_wconf 90' lang='lat' dir='ltr'><strong>infirmitates</strong></span> <span class='ocrx_word' id='word_1_421' title='bbox 3510 3894 3575 3956; x_wconf 87' lang='lat' dir='ltr'><strong>in</strong></span> <span class='ocrx_word' id='word_1_422' title='bbox 3618 3895 3951 3959; x_wconf 88' lang='lat' dir='ltr'><strong>miseriam</strong></span> 
     </span>
     <span class='ocr_line' id='line_1_71' title="bbox 2443 3989 3953 4078; baseline 0.005 -26"><span class='ocrx_word' id='word_1_423' title='bbox 2443 3991 2782 4073; x_wconf 90' lang='lat' dir='ltr'><strong>quamdam</strong></span> <span class='ocrx_word' id='word_1_424' title='bbox 2825 3989 3060 4053; x_wconf 88' lang='lat' dir='ltr'><strong>delabi.</strong></span> <span class='ocrx_word' id='word_1_425' title='bbox 3103 3992 3366 4064; x_wconf 81' lang='lat' dir='ltr'><strong>RursuS,</strong></span> <span class='ocrx_word' id='word_1_426' title='bbox 3408 4009 3535 4054; x_wconf 92' lang='lat' dir='ltr'><strong>non</strong></span> <span class='ocrx_word' id='word_1_427' title='bbox 3587 3993 3741 4055; x_wconf 89' lang='lat' dir='ltr'><strong>sinit</strong></span> <span class='ocrx_word' id='word_1_428' title='bbox 3789 4015 3953 4078; x_wconf 80' lang='lat' dir='ltr'><strong>prae·</strong></span> 
     </span>
     <span class='ocr_line' id='line_1_72' title="bbox 2442 4088 3952 4158; baseline 0.003 -6"><span class='ocrx_word' id='word_1_429' title='bbox 2442 4089 2637 4152; x_wconf 90' lang='lat' dir='ltr'><strong>sentis</strong></span> <span class='ocrx_word' id='word_1_430' title='bbox 2670 4089 2814 4152; x_wconf 83' lang='lat' dir='ltr'><strong>vitae</strong></span> <span class='ocrx_word' id='word_1_431' title='bbox 2844 4088 3123 4152; x_wconf 91' lang='lat' dir='ltr'><strong>conditio</strong></span> <span class='ocrx_word' id='word_1_432' title='bbox 3156 4089 3623 4153; x_wconf 88' lang='lat' dir='ltr'><strong>incessabiliter</strong></span> <span class='ocrx_word' id='word_1_433' title='bbox 3650 4091 3952 4158; x_wconf 87' lang='lat' dir='ltr'><strong>insistere</strong></span> 
     </span>
    </p>
   </div>
   <div class='ocr_carea' id='block_1_15' title="bbox 834 4186 3953 4274">
    <p class='ocr_par' dir='ltr' id='par_1_17' title="bbox 834 4186 3953 4274">
     <span class='ocr_line' id='line_1_73' title="bbox 834 4186 3953 4274; baseline 0.001 -22"><span class='ocrx_word' id='word_1_434' title='bbox 834 4191 1118 4274; x_wconf 89' lang='lat' dir='ltr'><strong>plicitate</strong></span> <span class='ocrx_word' id='word_1_435' title='bbox 1188 4189 1566 4271; x_wconf 91' lang='lat' dir='ltr'><strong>opinionum</strong></span> <span class='ocrx_word' id='word_1_436' title='bbox 1640 4195 1814 4270; x_wconf 88' lang='lat' dir='ltr'><strong>patet</strong></span> <span class='ocrx_word' id='word_1_437' title='bbox 1885 4187 2143 4249; x_wconf 91' lang='lat' dir='ltr'><strong>illorum</strong></span> <span class='ocrx_word' id='word_1_438' title='bbox 2218 4189 2327 4269; x_wconf 91' lang='lat' dir='ltr'><strong>qui</strong></span> <span class='ocrx_word' id='word_1_439' title='bbox 2361 4186 2408 4247; x_wconf 93' lang='lat' dir='ltr'><strong>D</strong></span> <span class='ocrx_word' id='word_1_440' title='bbox 2444 4196 2721 4250; x_wconf 92' lang='lat' dir='ltr'><strong>mentem</strong></span> <span class='ocrx_word' id='word_1_441' title='bbox 2765 4187 3187 4269; x_wconf 89' lang='lat' dir='ltr'><strong>speculationi</strong></span> <span class='ocrx_word' id='word_1_442' title='bbox 3224 4204 3238 4250; x_wconf 90' lang='lat'><strong>:</strong></span> <span class='ocrx_word' id='word_1_443' title='bbox 3274 4189 3489 4270; x_wconf 90' lang='lat' dir='ltr'><strong>itaque</strong></span> <span class='ocrx_word' id='word_1_444' title='bbox 3518 4189 3601 4252; x_wconf 89' lang='lat' dir='ltr'><strong>ob</strong></span> <span class='ocrx_word' id='word_1_445' title='bbox 3632 4191 3953 4255; x_wconf 84' lang='lat' dir='ltr'><strong>instabili·</strong></span> 
     </span>
    </p>
   </div>
   <div class='ocr_carea' id='block_1_16' title="bbox 829 4286 2328 5160">
    <p class='ocr_par' dir='ltr' id='par_1_18' title="bbox 829 4286 2328 5160">
     <span class='ocr_line' id='line_1_74' title="bbox 834 4286 2328 4367; baseline -0.001 -17"><span class='ocrx_word' id='word_1_446' title='bbox 834 4297 1128 4350; x_wconf 88' lang='lat' dir='ltr'><strong>naturam</strong></span> <span class='ocrx_word' id='word_1_447' title='bbox 1176 4287 1540 4349; x_wconf 89' lang='lat' dir='ltr'><strong>divinorum</strong></span> <span class='ocrx_word' id='word_1_448' title='bbox 1591 4304 1705 4367; x_wconf 89' lang='lat' dir='ltr'><strong>per</strong></span> <span class='ocrx_word' id='word_1_449' title='bbox 1762 4286 2328 4349; x_wconf 90' lang='lat' dir='ltr'><strong>demonstrationis</strong></span> 
     </span>
     <span class='ocr_line' id='line_1_75' title="bbox 834 4383 2324 4470; baseline 0 -24"><span class='ocrx_word' id='word_1_450' title='bbox 834 4403 1206 4470; x_wconf 90' lang='lat' dir='ltr'><strong>processum</strong></span> <span class='ocrx_word' id='word_1_451' title='bbox 1256 4383 1523 4445; x_wconf 82' lang='lat' dir='ltr'><strong>scrutari</strong></span> <span class='ocrx_word' id='word_1_452' title='bbox 1585 4383 1790 4445; x_wconf 85' lang='lat' dir='ltr'><strong>conati</strong></span> <span class='ocrx_word' id='word_1_453' title='bbox 1842 4391 2008 4444; x_wconf 91' lang='lat' dir='ltr'><strong>sunt.</strong></span> <span class='ocrx_word' id='word_1_454' title='bbox 2061 4383 2324 4458; x_wconf 80' lang='lat' dir='ltr'><strong>RursuS,</strong></span> 
     </span>
     <span class='ocr_line' id='line_1_76' title="bbox 836 4480 2328 4565; baseline -0.002 -17"><span class='ocrx_word' id='word_1_455' title='bbox 836 4485 1200 4548; x_wconf 88' lang='lat' dir='ltr'><strong>intellectus</strong></span> <span class='ocrx_word' id='word_1_456' title='bbox 1251 4480 1598 4565; x_wconf 82' lang='lat' dir='ltr'><strong>possibiliS,</strong></span> <span class='ocrx_word' id='word_1_457' title='bbox 1641 4500 1840 4564; x_wconf 91' lang='lat' dir='ltr'><strong>quum</strong></span> <span class='ocrx_word' id='word_1_458' title='bbox 1882 4482 1964 4542; x_wconf 93' lang='lat' dir='ltr'><strong>sit</strong></span> <span class='ocrx_word' id='word_1_459' title='bbox 2003 4482 2067 4542; x_wconf 93' lang='lat' dir='ltr'><strong>in</strong></span> <span class='ocrx_word' id='word_1_460' title='bbox 2112 4489 2328 4563; x_wconf 88' lang='lat' dir='ltr'><strong>poten-</strong></span> 
     </span>
     <span class='ocr_line' id='line_1_77' title="bbox 831 4579 2327 4660; baseline -0.003 -13"><span class='ocrx_word' id='word_1_461' title='bbox 831 4585 921 4647; x_wconf 91' lang='lat' dir='ltr'><strong>tia</strong></span> <span class='ocrx_word' id='word_1_462' title='bbox 967 4583 1043 4647; x_wconf 90' lang='lat' dir='ltr'><strong>ad</strong></span> <span class='ocrx_word' id='word_1_463' title='bbox 1092 4599 1314 4645; x_wconf 91' lang='lat' dir='ltr'><strong>omnes</strong></span> <span class='ocrx_word' id='word_1_464' title='bbox 1361 4580 1599 4642; x_wconf 87' lang='lat' dir='ltr'><strong>formas</strong></span> <span class='ocrx_word' id='word_1_465' title='bbox 1650 4579 2112 4660; x_wconf 84' lang='lat' dir='ltr'><strong>intelligibileS,</strong></span> <span class='ocrx_word' id='word_1_466' title='bbox 2160 4580 2327 4643; x_wconf 90' lang='lat' dir='ltr'><strong>sicut</strong></span> 
     </span>
     <span class='ocr_line' id='line_1_78' title="bbox 833 4679 2323 4750; baseline -0.003 -4"><span class='ocrx_word' id='word_1_467' title='bbox 833 4684 1097 4746; x_wconf 90' lang='lat' dir='ltr'><strong>materia</strong></span> <span class='ocrx_word' id='word_1_468' title='bbox 1147 4682 1224 4744; x_wconf 89' lang='lat' dir='ltr'><strong>ad</strong></span> <span class='ocrx_word' id='word_1_469' title='bbox 1273 4680 1510 4742; x_wconf 89' lang='lat' dir='ltr'><strong>formas</strong></span> <span class='ocrx_word' id='word_1_470' title='bbox 1568 4679 1914 4750; x_wconf 91' lang='lat' dir='ltr'><strong>sensuales,</strong></span> <span class='ocrx_word' id='word_1_471' title='bbox 1967 4679 2323 4742; x_wconf 90' lang='lat' dir='ltr'><strong>secundum</strong></span> 
     </span>
     <span class='ocr_line' id='line_1_79' title="bbox 830 4777 2324 4861; baseline -0.003 -15"><span class='ocrx_word' id='word_1_472' title='bbox 830 4784 1197 4855; x_wconf 90' lang='lat' dir='ltr'><strong>Averroem,</strong></span> <span class='ocrx_word' id='word_1_473' title='bbox 1242 4779 1350 4861; x_wconf 90' lang='lat' dir='ltr'><strong>qui</strong></span> <span class='ocrx_word' id='word_1_474' title='bbox 1383 4779 1575 4841; x_wconf 88' lang='lat' dir='ltr'><strong>etiam</strong></span> <span class='ocrx_word' id='word_1_475' title='bbox 1605 4778 1713 4851; x_wconf 88' lang='lat' dir='ltr'><strong>ait,</strong></span> <span class='ocrx_word' id='word_1_476' title='bbox 1749 4777 1918 4858; x_wconf 93' lang='lat' dir='ltr'><strong>quod</strong></span> <span class='ocrx_word' id='word_1_477' title='bbox 1960 4777 2324 4841; x_wconf 90' lang='lat' dir='ltr'><strong>intellectus</strong></span> 
     </span>
     <span class='ocr_line' id='line_1_80' title="bbox 831 4874 2325 4964; baseline -0.003 -22"><span class='ocrx_word' id='word_1_478' title='bbox 831 4878 1159 4964; x_wconf 89' lang='lat' dir='ltr'><strong>possibilis</strong></span> <span class='ocrx_word' id='word_1_479' title='bbox 1201 4879 1285 4940; x_wconf 89' lang='lat' dir='ltr'><strong>sit</strong></span> <span class='ocrx_word' id='word_1_480' title='bbox 1335 4875 1604 4939; x_wconf 68' lang='lat' dir='ltr'><strong>infinitae</strong></span> <span class='ocrx_word' id='word_1_481' title='bbox 1645 4875 1943 4957; x_wconf 62' lang='lat' dir='ltr'><strong>potentiae</strong></span> <span class='ocrx_word' id='word_1_482' title='bbox 1984 4874 2048 4936; x_wconf 92' lang='lat' dir='ltr'><strong>in</strong></span> <span class='ocrx_word' id='word_1_483' title='bbox 2095 4875 2325 4957; x_wconf 91' lang='lat' dir='ltr'><strong>recipi-</strong></span> 
     </span>
     <span class='ocr_line' id='line_1_81' title="bbox 830 4973 2323 5056; baseline -0.003 -15"><span class='ocrx_word' id='word_1_484' title='bbox 830 4979 1028 5056; x_wconf 89' lang='lat' dir='ltr'><strong>endo;</strong></span> <span class='ocrx_word' id='word_1_485' title='bbox 1051 4977 1193 5039; x_wconf 93' lang='lat' dir='ltr'><strong>ideo</strong></span> <span class='ocrx_word' id='word_1_486' title='bbox 1224 4994 1350 5039; x_wconf 93' lang='lat' dir='ltr'><strong>non</strong></span> <span class='ocrx_word' id='word_1_487' title='bbox 1383 4982 1590 5056; x_wconf 87' lang='lat' dir='ltr'><strong>potest</strong></span> <span class='ocrx_word' id='word_1_488' title='bbox 1619 4992 1732 5055; x_wconf 89' lang='lat' dir='ltr'><strong>per</strong></span> <span class='ocrx_word' id='word_1_489' title='bbox 1763 4973 2323 5036; x_wconf 89' lang='lat' dir='ltr'><strong>demonstrationis</strong></span> 
     </span>
     <span class='ocr_line' id='line_1_82' title="bbox 829 5070 2318 5160; baseline -0.005 -21"><span class='ocrx_word' id='word_1_490' title='bbox 829 5094 1201 5160; x_wconf 86' lang='lat' dir='ltr'><strong>processum</strong></span> <span class='ocrx_word' id='word_1_491' title='bbox 1244 5072 1462 5136; x_wconf 91' lang='lat' dir='ltr'><strong>reduci</strong></span> <span class='ocrx_word' id='word_1_492' title='bbox 1511 5071 1588 5134; x_wconf 89' lang='lat' dir='ltr'><strong>ad</strong></span> <span class='ocrx_word' id='word_1_493' title='bbox 1638 5079 1853 5133; x_wconf 90' lang='lat' dir='ltr'><strong>actum</strong></span> <span class='ocrx_word' id='word_1_494' title='bbox 1903 5070 2259 5152; x_wconf 90' lang='lat' dir='ltr'><strong>perfectum</strong></span> <span class='ocrx_word' id='word_1_495' title='bbox 2303 5089 2318 5132; x_wconf 73' lang='grc' dir='ltr'>ε</span> 
     </span>
    </p>
   </div>
   <div class='ocr_carea' id='block_1_17' title="bbox 828 5169 2348 5251">
    <p class='ocr_par' dir='ltr' id='par_1_19' title="bbox 828 5169 2348 5251">
     <span class='ocr_line' id='line_1_83' title="bbox 828 5169 2348 5251; baseline -0.005 -13"><span class='ocrx_word' id='word_1_496' title='bbox 828 5172 1284 5238; x_wconf 88' lang='lat' dir='ltr'><strong>demonstratio</strong></span> <span class='ocrx_word' id='word_1_497' title='bbox 1331 5170 1504 5234; x_wconf 90' lang='lat' dir='ltr'><strong>enim</strong></span> <span class='ocrx_word' id='word_1_498' title='bbox 1553 5188 1667 5250; x_wconf 90' lang='lat' dir='ltr'><strong>per</strong></span> <span class='ocrx_word' id='word_1_499' title='bbox 1713 5169 2002 5251; x_wconf 83' lang='lat' dir='ltr'><strong>quaedam</strong></span> <span class='ocrx_word' id='word_1_500' title='bbox 2066 5170 2348 5251; x_wconf 89' lang='lat' dir='ltr'><strong>propria·</strong></span> 
     </span>
    </p>
   </div>
   <div class='ocr_carea' id='block_1_18' title="bbox 829 5267 2315 5362">
    <p class='ocr_par' dir='ltr' id='par_1_20' title="bbox 829 5267 2315 5362">
     <span class='ocr_line' id='line_1_84' title="bbox 829 5267 2315 5362; baseline -0.004 -26"><span class='ocrx_word' id='word_1_501' title='bbox 829 5273 1137 5362; x_wconf 89' lang='lat' dir='ltr'><strong>procedit,</strong></span> <span class='ocrx_word' id='word_1_502' title='bbox 1162 5278 1228 5332; x_wconf 91' lang='lat' dir='ltr'><strong>et</strong></span> <span class='ocrx_word' id='word_1_503' title='bbox 1253 5288 1333 5332; x_wconf 84' lang='lat' dir='ltr'><strong>ex</strong></span> <span class='ocrx_word' id='word_1_504' title='bbox 1361 5267 1666 5330; x_wconf 89' lang='lat' dir='ltr'><strong>sensitiva</strong></span> <span class='ocrx_word' id='word_1_505' title='bbox 1705 5267 2066 5350; x_wconf 87' lang='lat' dir='ltr'><strong>cognitione</strong></span> <span class='ocrx_word' id='word_1_506' title='bbox 2103 5276 2315 5330; x_wconf 91' lang='lat' dir='ltr'><strong>ortum</strong></span> 
     </span>
    </p>
   </div>
   <div class='ocr_carea' id='block_1_19' title="bbox 2431 4285 3955 5338">
    <p class='ocr_par' dir='ltr' id='par_1_21' title="bbox 2431 4285 3955 5338">
     <span class='ocr_line' id='line_1_85' title="bbox 2440 4285 3951 4367; baseline 0.004 -21"><span class='ocrx_word' id='word_1_507' title='bbox 2440 4286 2586 4347; x_wconf 89' lang='lat' dir='ltr'><strong>tatis</strong></span> <span class='ocrx_word' id='word_1_508' title='bbox 2615 4285 3044 4348; x_wconf 86' lang='lat' dir='ltr'><strong>adhaesionem</strong></span> <span class='ocrx_word' id='word_1_509' title='bbox 3076 4301 3202 4346; x_wconf 89' lang='lat' dir='ltr'><strong>non</strong></span> <span class='ocrx_word' id='word_1_510' title='bbox 3236 4294 3333 4347; x_wconf 90' lang='lat' dir='ltr'><strong>est</strong></span> <span class='ocrx_word' id='word_1_511' title='bbox 3363 4285 3509 4367; x_wconf 88' lang='lat' dir='ltr'><strong>quis</strong></span> <span class='ocrx_word' id='word_1_512' title='bbox 3548 4287 3613 4348; x_wconf 91' lang='lat' dir='ltr'><strong>in</strong></span> <span class='ocrx_word' id='word_1_513' title='bbox 3654 4287 3775 4350; x_wconf 87' lang='lat' dir='ltr'><strong>hac</strong></span> <span class='ocrx_word' id='word_1_514' title='bbox 3814 4290 3951 4352; x_wconf 85' lang='lat' dir='ltr'><strong>vita</strong></span> 
     </span>
     <span class='ocr_line' id='line_1_86' title="bbox 2439 4383 3955 4464; baseline 0.004 -19"><span class='ocrx_word' id='word_1_515' title='bbox 2439 4383 2611 4446; x_wconf 85' lang='lat' dir='ltr'><strong>felix.</strong></span> <span class='ocrx_word' id='word_1_516' title='bbox 2660 4384 2902 4456; x_wconf 90' lang='lat' dir='ltr'><strong>Denu0,</strong></span> <span class='ocrx_word' id='word_1_517' title='bbox 2945 4383 3485 4464; x_wconf 89' lang='lat' dir='ltr'><strong>quemadmodum</strong></span> <span class='ocrx_word' id='word_1_518' title='bbox 3534 4384 3811 4449; x_wconf 87' lang='lat' dir='ltr'><strong>felicitas</strong></span> <span class='ocrx_word' id='word_1_519' title='bbox 3848 4396 3955 4451; x_wconf 89' lang='lat' dir='ltr'><strong>est</strong></span> 
     </span>
     <span class='ocr_line' id='line_1_87' title="bbox 2438 4480 3947 4566; baseline 0.003 -23"><span class='ocrx_word' id='word_1_520' title='bbox 2438 4481 3067 4554; x_wconf 87' lang='lat' dir='ltr'><strong>desiderabilissima,</strong></span> <span class='ocrx_word' id='word_1_521' title='bbox 3103 4481 3195 4542; x_wconf 91' lang='lat' dir='ltr'><strong>sic</strong></span> <span class='ocrx_word' id='word_1_522' title='bbox 3237 4480 3379 4562; x_wconf 88' lang='lat' dir='ltr'><strong>ejus</strong></span> <span class='ocrx_word' id='word_1_523' title='bbox 3420 4483 3683 4546; x_wconf 88' lang='lat' dir='ltr'><strong>amissio</strong></span> <span class='ocrx_word' id='word_1_524' title='bbox 3724 4503 3947 4566; x_wconf 85' lang='lat' dir='ltr'><strong>poena-</strong></span> 
     </span>
     <span class='ocr_line' id='line_1_88' title="bbox 2440 4578 3951 4660; baseline 0.003 -18"><span class='ocrx_word' id='word_1_525' title='bbox 2440 4579 2683 4642; x_wconf 87' lang='lat' dir='ltr'><strong>lissima</strong></span> <span class='ocrx_word' id='word_1_526' title='bbox 2740 4585 2853 4641; x_wconf 89' lang='lat' dir='ltr'><strong>est.</strong></span> <span class='ocrx_word' id='word_1_527' title='bbox 2907 4578 3217 4652; x_wconf 84' lang='lat' dir='ltr'><strong>Quoniam</strong></span> <span class='ocrx_word' id='word_1_528' title='bbox 3278 4578 3472 4660; x_wconf 87' lang='lat' dir='ltr'><strong>igitur</strong></span> <span class='ocrx_word' id='word_1_529' title='bbox 3528 4599 3791 4646; x_wconf 89' lang='lat' dir='ltr'><strong>necesse</strong></span> <span class='ocrx_word' id='word_1_530' title='bbox 3848 4593 3951 4647; x_wconf 84' lang='lat' dir='ltr'><strong>est</strong></span> 
     </span>
     <span class='ocr_line' id='line_1_89' title="bbox 2436 4678 3947 4762; baseline 0.004 -23"><span class='ocrx_word' id='word_1_531' title='bbox 2436 4678 2763 4740; x_wconf 90' lang='lat' dir='ltr'><strong>hominem</strong></span> <span class='ocrx_word' id='word_1_532' title='bbox 2806 4685 3075 4740; x_wconf 87' lang='lat' dir='ltr'><strong>mortem</strong></span> <span class='ocrx_word' id='word_1_533' title='bbox 3127 4694 3252 4739; x_wconf 92' lang='lat' dir='ltr'><strong>non</strong></span> <span class='ocrx_word' id='word_1_534' title='bbox 3298 4679 3589 4754; x_wconf 86' lang='lat' dir='ltr'><strong>evadere,</strong></span> <span class='ocrx_word' id='word_1_535' title='bbox 3632 4681 3947 4762; x_wconf 89' lang='lat' dir='ltr'><strong>possibile</strong></span> 
     </span>
     <span class='ocr_line' id='line_1_90' title="bbox 2436 4776 3947 4861; baseline 0.005 -24"><span class='ocrx_word' id='word_1_536' title='bbox 2436 4794 2689 4858; x_wconf 90' lang='lat' dir='ltr'><strong>quoque</strong></span> <span class='ocrx_word' id='word_1_537' title='bbox 2720 4784 2816 4839; x_wconf 89' lang='lat' dir='ltr'><strong>est</strong></span> <span class='ocrx_word' id='word_1_538' title='bbox 2846 4776 3058 4858; x_wconf 90' lang='lat' dir='ltr'><strong>ipsum</strong></span> <span class='ocrx_word' id='word_1_539' title='bbox 3092 4776 3540 4858; x_wconf 87' lang='lat' dir='ltr'><strong>multipliciter</strong></span> <span class='ocrx_word' id='word_1_540' title='bbox 3580 4798 3617 4841; x_wconf 94' lang='lat' dir='ltr'><strong>a</strong></span> <span class='ocrx_word' id='word_1_541' title='bbox 3656 4781 3947 4861; x_wconf 86' lang='lat' dir='ltr'><strong>perfecta</strong></span> 
     </span>
     <span class='ocr_line' id='line_1_91' title="bbox 2436 4873 3947 4960; baseline 0.004 -23"><span class='ocrx_word' id='word_1_542' title='bbox 2436 4873 2973 4956; x_wconf 90' lang='lat' dir='ltr'><strong>contemplatione</strong></span> <span class='ocrx_word' id='word_1_543' title='bbox 3033 4875 3353 4958; x_wconf 88' lang='lat' dir='ltr'><strong>impediri.</strong></span> <span class='ocrx_word' id='word_1_544' title='bbox 3418 4877 3683 4940; x_wconf 88' lang='lat' dir='ltr'><strong>Ratione</strong></span> <span class='ocrx_word' id='word_1_545' title='bbox 3743 4879 3947 4960; x_wconf 88' lang='lat' dir='ltr'><strong>igitur</strong></span> 
     </span>
     <span class='ocr_line' id='line_1_92' title="bbox 2436 4972 3943 5054; baseline 0.005 -20"><span class='ocrx_word' id='word_1_546' title='bbox 2436 4973 2865 5036; x_wconf 89' lang='lat' dir='ltr'><strong>insecuritatis</strong></span> <span class='ocrx_word' id='word_1_547' title='bbox 2913 4973 3129 5035; x_wconf 90' lang='lat' dir='ltr'><strong>nullus</strong></span> <span class='ocrx_word' id='word_1_548' title='bbox 3180 4972 3462 5054; x_wconf 88' lang='lat' dir='ltr'><strong>perfecte</strong></span> <span class='ocrx_word' id='word_1_549' title='bbox 3510 4974 3667 5038; x_wconf 85' lang='lat' dir='ltr'><strong>felix</strong></span> <span class='ocrx_word' id='word_1_550' title='bbox 3712 4986 3813 5039; x_wconf 90' lang='lat' dir='ltr'><strong>est</strong></span> <span class='ocrx_word' id='word_1_551' title='bbox 3872 4979 3943 5041; x_wconf 86' lang='lat' dir='ltr'><strong>in</strong></span> 
     </span>
     <span class='ocr_line' id='line_1_93' title="bbox 2434 5070 3939 5152; baseline 0.003 -19"><span class='ocrx_word' id='word_1_552' title='bbox 2434 5072 2550 5133; x_wconf 89' lang='lat' dir='ltr'><strong>hac</strong></span> <span class='ocrx_word' id='word_1_553' title='bbox 2600 5072 2747 5134; x_wconf 86' lang='lat' dir='ltr'><strong>vita.</strong></span> <span class='ocrx_word' id='word_1_554' title='bbox 2801 5070 3048 5152; x_wconf 90' lang='lat' dir='ltr'><strong>Quippe</strong></span> <span class='ocrx_word' id='word_1_555' title='bbox 3096 5089 3270 5133; x_wconf 92' lang='lat' dir='ltr'><strong>nunc</strong></span> <span class='ocrx_word' id='word_1_556' title='bbox 3321 5079 3647 5135; x_wconf 89' lang='lat' dir='ltr'><strong>ostensum</strong></span> <span class='ocrx_word' id='word_1_557' title='bbox 3697 5083 3816 5150; x_wconf 89' lang='lat' dir='ltr'><strong>est,</strong></span> <span class='ocrx_word' id='word_1_558' title='bbox 3872 5077 3939 5138; x_wconf 88' lang='lat' dir='ltr'><strong>in</strong></span> 
     </span>
     <span class='ocr_line' id='line_1_94' title="bbox 2433 5169 3936 5255; baseline 0.003 -23"><span class='ocrx_word' id='word_1_559' title='bbox 2433 5169 2608 5232; x_wconf 91' lang='lat' dir='ltr'><strong>nulla</strong></span> <span class='ocrx_word' id='word_1_560' title='bbox 2638 5169 3001 5232; x_wconf 88' lang='lat' dir='ltr'><strong>divinorum</strong></span> <span class='ocrx_word' id='word_1_561' title='bbox 3044 5169 3368 5250; x_wconf 90' lang='lat' dir='ltr'><strong>agnitione</strong></span> <span class='ocrx_word' id='word_1_562' title='bbox 3407 5170 3559 5233; x_wconf 92' lang='lat' dir='ltr'><strong>huic</strong></span> <span class='ocrx_word' id='word_1_563' title='bbox 3600 5172 3746 5236; x_wconf 84' lang='lat' dir='ltr'><strong>vitae</strong></span> <span class='ocrx_word' id='word_1_564' title='bbox 3788 5192 3936 5255; x_wconf 91' lang='lat' dir='ltr'><strong>pos-</strong></span> 
     </span>
     <span class='ocr_line' id='line_1_95' title="bbox 2431 5266 3936 5338; baseline 0.005 -8"><span class='ocrx_word' id='word_1_565' title='bbox 2431 5266 2604 5330; x_wconf 89' lang='lat' dir='ltr'><strong>sibili</strong></span> <span class='ocrx_word' id='word_1_566' title='bbox 2654 5267 3005 5331; x_wconf 89' lang='lat' dir='ltr'><strong>contentari</strong></span> <span class='ocrx_word' id='word_1_567' title='bbox 3054 5287 3168 5330; x_wconf 91' lang='lat' dir='ltr'><strong>seu</strong></span> <span class='ocrx_word' id='word_1_568' title='bbox 3215 5267 3440 5332; x_wconf 89' lang='lat' dir='ltr'><strong>sistere</strong></span> <span class='ocrx_word' id='word_1_569' title='bbox 3498 5270 3936 5338; x_wconf 86' lang='lat' dir='ltr'><strong>intellectuale</strong></span> 
     </span>
    </p>
   </div>
   <div class='ocr_carea' id='block_1_20' title="bbox 4264 0 4271 1374">
    <p class='ocr_par' dir='ltr' id='par_1_22' title="bbox 4264 0 4271 1374">
     <span class='ocr_line' id='line_1_96' title="bbox 4264 0 4271 1374; baseline 0 0"><span class='ocrx_word' id='word_1_570' title='bbox 4264 0 4271 1374; x_wconf 95' lang='lat' dir='ltr'><strong> </strong></span> 
     </span>
    </p>
   </div>
   <div class='ocr_carea' id='block_1_21' title="bbox 4257 2327 4278 6227">
    <p class='ocr_par' dir='ltr' id='par_1_23' title="bbox 4257 2327 4278 6227">
     <span class='ocr_line' id='line_1_97' title="bbox 4257 2327 4278 6227; baseline 0 0"><span class='ocrx_word' id='word_1_571' title='bbox 4257 2327 4278 6227; x_wconf 95' lang='lat' dir='ltr'><strong> </strong></span> 
     </span>
    </p>
   </div>
  </div>
 </body>
</html>
