4300 6259
74 767 187 808 Dent.
200 778 277 807 xxx
284 779 329 814 u,

106 1353 169 1396 lib.
182 1354 229 1402 ll,
242 1359 325 1398 art.

84 1430 139 1458 Lu.

82 1649 193 1690 Rom.
210 1653 323 1700 nst.

107 2136 117 2177 l
142 2139 236 2180 Cor.
254 2153 324 2188 xv,

940 486 1018 532 DE
1060 485 1287 533 numm:
1330 483 1713 531 cumsrlANAE
1755 482 2057 540 TnEomAE,
2104 483 2280 531 LIBER
2325 486 2385 532 11.
2432 505 2512 516 —-·
2553 490 2692 537 ΛΒΤ.
2739 489 2876 538 XCIV

3349 472 3464 538 ὅθί

360 671 523 716 num
554 655 879 735 generatio
918 656 1215 728 cessabit,
1246 656 1429 737 juxta
1468 654 1625 717 illud
1662 671 1675 718 ε
1708 654 1865 718 Con·
1896 656 1947 718 A
1976 655 2254 720 dinatior
2293 659 2416 722 erit
2462 660 2594 724 vita
2643 662 2708 724 in
2760 665 3002 727 mundo
3049 649 3172 728 isto
3219 682 3472 727 conver-

358 753 573 815 stituit
612 755 922 818 terminos
976 755 1363 836 populorum
1413 754 1597 834 juxta
1644 773 1865 816 nume-

358 869 505 914 rum
542 852 827 916 filiorum
858 854 1073 926 Israel,
1110 855 1172 916 id
1205 860 1301 917 est
1330 853 1699 916 electorum.

442 951 771 1025 Praeterea,
816 954 870 1015 si
914 959 1057 1035 post
1104 952 1639 1016 resurrectionem
1682 969 1865 1032 gene-

358 1050 525 1112 ratio
582 1052 857 1126 durabit,
909 1060 1019 1114 aut
1077 1060 1228 1114 tunc
1276 1050 1621 1132 generandi
1684 1051 1871 1113 mori-

356 1157 552 1210 entur
620 1150 985 1233 aliquando,
1059 1156 1169 1212 aut
1240 1149 1529 1212 minime.
1602 1148 1665 1210 Si
1738 1166 1865 1211 non

360 1247 742 1320 morientur,
778 1267 929 1328 ergo
958 1249 1099 1311 sine
1129 1246 1423 1329 originali
1467 1253 1729 1329 peccato
1757 1265 1866 1308 na-

356 1353 647 1419 scentur,
678 1366 881 1428 quum
928 1347 1283 1410 secundum
1328 1345 1699 1427 praehabita,
1734 1362 1865 1406 mo-

357 1442 570 1505 riendi
602 1444 947 1506 necessitas
988 1443 1071 1506 sit
1111 1462 1297 1525 poena
1342 1443 1547 1524 culpa)
1590 1442 1864 1524 origina-

356 1539 461 1602 lis.
510 1541 636 1604 Hoc
674 1549 887 1604 autem
930 1549 1027 1603 est
1071 1548 1291 1604 contra
1322 1541 1717 1623 Apostolum,
1752 1540 1863 1622 qui

353 1641 589 1702 asserit
629 1659 742 1722 per
780 1659 981 1702 unum
1040 1639 1369 1703 hominem
1417 1647 1747 1721 peccatum
1798 1638 1863 1700 in

354 1756 585 1802 omnes
617 1739 972 1802 devenisse.
1000 1739 1263 1812 RursuS,
1286 1739 1335 1801 si
1372 1739 1511 1800 sine
1542 1737 1731 1820 culpa
1762 1756 1865 1799 na-

1974 755 2274 818 santium.
2311 757 2431 820 Sed
2461 759 2766 824 vitiosum
2797 771 2895 826 est
2925 770 2989 826 et
3019 763 3471 836 inordinatum,

1975 853 2039 914 in
2072 851 2190 915 hac
2229 855 2358 916 vita
2395 857 2558 920 cibis
2599 859 2691 921 uti
2738 868 2802 922 et
2841 861 3130 924 venereis
3173 878 3299 923 non
3334 879 3475 942 pro-

1976 958 2117 1030 pter
2186 952 2431 1033 prolem
2504 957 2982 1036 producendam
3063 958 3476 1040 corporisque

1974 1048 2480 1126 subsistentiam,
2531 1056 2642 1117 sed
2702 1055 2902 1119 solam
2961 1057 3474 1120 delectationem.

1978 1145 2174 1226 Cujus
2214 1149 2550 1214 verissima
2590 1153 2750 1217 ratio
2793 1162 2906 1216 est.
2941 1154 3098 1217 Nam
3146 1153 3478 1236 praedicto-

1977 1262 2119 1306 rum
2179 1254 2439 1310 actuum
2501 1249 2954 1314 delectationes
3012 1269 3136 1315 non
3197 1259 3346 1314 sunt
3407 1252 3480 1314 si-

1978 1360 2091 1404 nes
2119 1343 2470 1420 actionum,
2505 1347 2614 1409 sed
2661 1350 2872 1430 potius
2916 1367 3283 1413 econverso.
3330 1351 3478 1413 Ideo

1976 1441 2149 1503 enim
2210 1443 2532 1522 praedietis
2588 1445 2836 1508 actibus
2893 1447 3263 1511 sensibilem
3313 1449 3480 1510 dele-

1975 1539 2318 1602 ctationem
2366 1549 2590 1604 natura
2637 1544 2916 1618 miscuit,
2951 1564 3030 1607 ne
3073 1545 3156 1608 ob
3196 1545 3478 1609 laborem

1975 1644 2039 1698 et
2076 1644 2286 1700 cetera
2329 1657 2472 1720 quae
2517 1640 2936 1703 circumstant
2974 1650 3039 1705 et
3079 1661 3478 1726 consequun-

1974 1741 2101 1808 tur,
2142 1735 2524 1799 desisterent
2562 1738 2865 1801 animalia
2906 1739 2986 1802 ab
3030 1740 3478 1821 hujuscemodi

354 1845 695 1900 scerentur
724 1845 789 1900 et
830 1837 1143 1900 moriendi
1186 1837 1586 1908 necessitate,
1620 1835 1863 1898 redem-
1904 1835 1951 1896 B
1977 1833 2228 1895 actibus
2276 1835 2424 1898 vitae
2473 1843 2536 1898 et
2592 1837 3059 1900 conservationi
3119 1839 3478 1921 specierum

354 1935 579 2018 ptione
628 1955 771 2018 quae
820 1955 935 2018 per
985 1936 1363 2016 sanguinem
1416 1935 1647 1998 Christi
1700 1934 1866 1996 sacta

352 2041 479 2106 est,
528 2052 935 2116 nequaquam
980 2040 1242 2114 egerent
1280 2051 1293 2096 :
1339 2034 1509 2114 quod
1558 2039 1869 2114 repugnat

354 2133 695 2196 sententiae
724 2131 1011 2213 Apostoli
1041 2132 1120 2193 ad
1142 2131 1523 2204 CorinthiOS,
1540 2131 1717 2194 Sicut
1744 2131 1789 2212 (i
1802 2151 1867 2192 n-

354 2231 531 2312 quit)
579 2232 643 2293 in
694 2231 896 2293 Adam
947 2249 1171 2293 omnes
1222 2229 1607 2302 moriuntur,
1660 2229 1744 2290 ita
1804 2237 1867 2291 et

354 2329 423 2390 in
460 2328 709 2392 Christo
740 2347 962 2392 omnes
992 2327 1519 2392 vivificabuntur.
1546 2327 1681 2390 Non
1712 2345 1863 2408 ergo

354 2434 663 2509 poterunt
694 2426 1216 2509 incorruptibiles
1248 2445 1407 2488 esse.
1444 2425 1508 2488 Si
1549 2443 1701 2488 vero
1730 2443 1863 2487 cor-

350 2524 701 2607 ruptibiles
746 2533 954 2599 erunt,
987 2532 1097 2586 aut
1139 2532 1283 2606 post
1328 2532 1597 2586 mortem
1636 2523 1865 2585 animae

350 2642 583 2684 rursus
622 2623 1001 2704 corporibus
1042 2622 1538 2704 copulabuntur,
1572 2628 1683 2684 aut
1712 2638 1861 2683 non.

350 2721 419 2783 Si
482 2721 981 2802 copulabuntur,
1033 2720 1460 2802 exspectanda
1520 2727 1655 2782 erat
1702 2719 1867 2800 ipso-

352 2839 502 2881 rum
557 2819 979 2892 resuscitatio,
1032 2827 1346 2901 quatenus
1396 2837 1619 2880 omnes
1669 2816 1863 2881 simul

354 2925 809 2998 resurgerent3
849 2917 948 2980 vel
997 2917 1172 2978 nulla
1210 2924 1308 2978 est
1348 2916 1505 2980 ratio
1548 2915 1630 2978 ob
1670 2935 1861 2998 quam

1978 1932 2376 1995 necessariiS.
2426 1932 2536 1996 Est
2583 1953 2732 2016 ergo
2791 1935 3094 1998 indecens
3145 1944 3482 2018 praeposte·

1976 2047 2214 2111 rusque
2257 2031 2435 2104 ordo,
2479 2032 2813 2114 praedictos
2856 2042 3038 2096 actus
3082 2032 3164 2096 ob
3209 2033 3482 2096 delecta·

1976 2128 2220 2191 tionem
2272 2129 2602 2191 dumtaxat
2651 2131 3032 2194 continuari.
3077 2132 3214 2194 Non
3267 2131 3481 2213 itaque

1979 2225 2045 2287 in
2076 2227 2558 2308 resurgentibus
2601 2228 3046 2304 remanebunt,
3079 2247 3352 2310 quorum
3393 2229 3484 2293 vi-

1976 2331 2039 2386 ta
2094 2325 2549 2388 decentissima
2607 2335 2670 2389 et
2725 2326 3201 2390 ordinatissima
3248 2345 3482 2410 ponen-

1976 2422 2055 2484 da
2096 2430 2211 2484 est.

2056 2521 2383 2594 Praeterea,
2435 2521 2762 2586 beatitudo
2811 2522 3112 2598 hominis,
3160 2523 3238 2586 ad
3287 2542 3480 2606 quam

1977 2621 2361 2682 resurrectio
2389 2620 2739 2694 ordinatur,
2775 2621 2839 2682 in
2873 2621 3342 2703 praenominatis
3373 2638 3481 2683 vo-

1978 2717 2332 2799 luptatibus
2381 2719 2714 2780 statuenda
2762 2735 2888 2780 non
2937 2727 3055 2792 est,
3109 2719 3276 2781 sicut
3325 2738 3483 2800 prae-

1977 2816 2477 2878 demonstratum
2524 2823 2620 2878 est
2654 2834 2667 2879 :
2703 2834 2827 2878 non
2871 2835 3020 2898 ergo
3061 2817 3483 2880 remanebunt

1977 2914 2042 2975 in
2092 2913 2595 2994 resurgentibus.
2648 2915 2964 2996 AmpliuS,
3019 2933 3094 2977 ea
3143 2934 3286 2997 quae
3333 2923 3484 2977 sunt

356 3015 551 3078 modo
596 3015 977 3078 universalis
1020 3015 1401 3078 resurrectio
1442 3013 1761 3076 differtur.
1798 3013 1859 3076 Si
1898 3007 1941 3070 C
1977 3009 2311 3092 praesentis
2356 3011 2521 3084 vitae,
2564 3011 2642 3073 ad
2687 3011 3150 3074 beatitudinem
3196 3011 3476 3075 futuram

350 3115 640 3196 denique
708 3114 939 3176 animae
1001 3113 1389 3176 materiebus
1454 3131 1581 3175 non
1652 3112 1865 3174 denuo

352 3213 855 3293 conjungentur,
883 3212 1352 3293 permanebunt
1385 3211 1447 3272 in
1480 3216 1861 3292 perpetuum

352 3319 665 3392 separatae
726 3328 739 3371 :
791 3310 961 3390 quod
1018 3309 1208 3390 paulo
1263 3316 1409 3370 ante
1468 3309 1863 3370 destructum

350 3417 472 3472 est.
540 3409 801 3480 lterum,
864 3426 1061 3489 quum
1122 3406 1353 3469 animae
1411 3407 1677 3468 istorum
1736 3405 1867 3466 sint

352 3508 651 3588 ejusdem
686 3513 925 3568 naturae
956 3523 1101 3566 cum
1133 3522 1355 3567 eorum
1386 3503 1722 3566 animabus
1756 3503 1866 3584 qui

352 3613 507 3668 ante
549 3603 1081 3666 resurrectionem
1122 3603 1525 3674 exstiterunt,
1559 3602 1717 3664 ratio
1748 3601 1869 3663 fin-

354 3705 423 3786 gi
472 3721 599 3766 non
650 3709 859 3784 potest
911 3721 1027 3764 cur
1077 3720 1205 3763 non
1264 3701 1567 3764 omnibus
1623 3699 1865 3781 aequale

359 3801 760 3866 beneficium
817 3807 1175 3882 praestetur,
1224 3818 1425 3882 quum
1485 3799 1867 3861 resurrectio

358 3903 447 3964 sit
490 3900 807 3982 reparatio
850 3897 1139 3961 defectus
1184 3905 1443 3960 naturae.
1491 3897 1865 3977 Investigari

358 4000 559 4062 etiam
601 3997 826 4080 possit,
867 3997 921 4059 si
960 3997 1097 4059 sine
1148 4003 1315 4059 statu
1359 3995 1687 4077 generatio
1730 4013 1869 4077 pro-

361 4099 571 4170 cedet,
608 4104 718 4159 aut
748 4094 1131 4178 quandoque
1162 4094 1361 4156 sistet.
1399 4093 1461 4156 Si
1496 4110 1619 4156 non
1654 4093 1865 4168 stabit,

1975 3108 2330 3170 ordinanda
2379 3115 2547 3170 sunt.
2603 3108 2664 3170 Si
2722 3127 2873 3190 ergo
2933 3109 3253 3190 praedictae
3311 3109 3480 3172 dele-

1978 3207 2286 3268 ctationes
2330 3214 2480 3268 sunt
2523 3206 2600 3268 ad
2648 3207 3108 3270 beatitudinem
3162 3208 3482 3288 pertinen-

1977 3313 2093 3377 teS,
2147 3304 2370 3366 cadere
2425 3303 2662 3365 debent
2711 3313 2774 3366 et
2821 3323 2962 3367 esse
3016 3305 3081 3366 in
3130 3305 3482 3368 intentione

1978 3404 2055 3465 ad
2102 3402 2476 3466 Felicitatem
2521 3404 3007 3466 resurrectionis
3056 3404 3478 3466 tendentium.

1978 3503 2105 3564 Hoc
2145 3509 2360 3563 autem
2405 3509 2575 3564 esset
2612 3502 2937 3564 vitiosum.
2975 3503 3084 3564 Est
3121 3503 3294 3565 enim
3336 3521 3480 3566 con-

1978 3608 2074 3662 tra
2115 3601 2418 3662 virtutem
2466 3600 2929 3682 temperantiae,
2983 3608 3051 3663 ut
3101 3602 3246 3683 quis
3293 3621 3328 3664 a
3379 3620 3483 3664 vo-

1979 3698 2330 3780 luptatibus
2371 3698 2580 3760 carnis
2625 3717 2798 3760 nunc
2839 3699 3102 3781 quidem
3141 3699 3479 3774 abstineat,

1977 3805 2049 3859 ut
2094 3796 2502 3878 postmodum
2555 3795 2986 3858 abundantius
3041 3797 3284 3859 eisdem
3341 3817 3481 3880 per·

1978 3894 2244 3956 fruatur.
2299 3893 2362 3956 Si
2411 3911 2560 3974 ergo
2618 3912 2826 3974 neque
2887 3894 2964 3954 ad
3018 3893 3479 3958 beatitudinem

1979 4012 2188 4075 neque
2246 3994 2323 4054 ad
2375 3991 2574 4054 finem
2625 3991 2978 4054 naturalem
3034 3991 3480 4074 hujuscemodi

1978 4091 2428 4154 delectationes
2490 4090 2554 4151 in
2625 4088 2842 4151 futura
2907 4090 3038 4152 vita
3105 4091 3476 4172 proficiunt,

361 4204 521 4258 tunc
570 4194 923 4258 electorum
972 4201 1035 4255 et
1092 4191 1511 4274 reproborum
1560 4211 1867 4254 numerus
1901 4195 1947 4256 D
1978 4190 2343 4252 nullatenus
2389 4186 2828 4250 remanebunt.
2863 4189 3110 4262 Adhuc,
3150 4209 3292 4271 quae
3336 4191 3478 4254 bea-

362 4293 834 4378 praeordinatus
894 4309 1021 4354 non
1072 4298 1169 4354 est
1227 4309 1437 4372 neque
1487 4292 1867 4353 determina-

360 4402 472 4455 tus
522 4411 536 4455 ε
585 4393 756 4473 quod
805 4390 1039 4453 divinae
1081 4389 1409 4471 sapientia>
1449 4407 1574 4452 non
1614 4407 1865 4470 compe-

362 4494 463 4555 tit.
534 4491 601 4554 Si
661 4497 873 4551 autem
933 4487 1279 4570 aliquando
1340 4487 1634 4560 cessabit,
1697 4487 1864 4550 idem

364 4589 717 4654 dicendum
750 4587 872 4650 erit
900 4605 935 4648 a
966 4585 1307 4668 principio.

446 4689 640 4750 Porro
689 4685 743 4749 si
795 4684 938 4766 quis
989 4684 1182 4758 dicat,
1236 4703 1387 4746 usus
1447 4683 1739 4746 ciborum
1795 4700 1867 4744 ae

360 4803 789 4850 venereorum
839 4790 981 4865 post
1037 4782 1567 4844 resurrectionem
1631 4798 1873 4862 perma-

363 4904 543 4958 nere,
592 4902 719 4946 non
768 4881 1013 4944 ratione
1064 4880 1477 4962 procurandae
1528 4879 1723 4960 prolis
1764 4886 1873 4941 aut

364 4980 771 5056 sustentandi
828 4979 1136 5060 corporiS,
1199 4978 1309 5040 sed
1367 4977 1450 5039 ob
1508 4976 1707 5039 solam
1766 4977 1871 5038 de·

367 5081 777 5144 lectationem
830 5078 893 5139 in
943 5078 1171 5139 horum
1226 5095 1340 5138 usu
1394 5075 1870 5147 consistentem,

366 5200 452 5243 ne
484 5179 617 5240 ulla
648 5177 810 5239 desit
838 5176 1045 5238 Beatis
1077 5175 1443 5250 delectati03
1466 5174 1585 5235 hoc
1618 5173 1873 5255 penitus

367 5276 721 5342 ridiculum
773 5281 891 5337 est.
939 5273 1081 5336 Vita
1120 5290 1353 5355 nempe
1398 5271 1736 5334 Beatorum
1780 5289 1875 5334 or-

1979 4287 2316 4350 titudinem
2373 4286 2690 4358 minuunt,
2742 4305 2774 4347 a
2824 4285 3040 4349 futura
3086 4287 3479 4352 beatitudine

1979 4385 2462 4468 praescindenda
2508 4391 2675 4446 sunt.
2733 4385 2967 4447 Futura
3014 4394 3228 4450 autem
3278 4388 3475 4452 beati-

1977 4484 2151 4554 tud0‚
2186 4482 2718 4563 quemadmodum
2760 4491 3218 4564 praeostensum
3257 4494 3374 4560 est,
3405 4486 3470 4548 in
3518 4511 3592 4554 ub.
3625 4509 3656 4562 ι,
3679 4513 3762 4554 ιιι-ι.

1979 4581 2203 4662 primae
2260 4579 2547 4642 veritatis
2605 4581 3140 4662 contemplatione
3209 4602 3320 4646 seu
3378 4585 3587 4648 vi-m·

1977 4678 2155 4740 sione
2199 4677 2310 4740 Dei
2359 4685 2550 4758 atque
2602 4695 2869 4740 summae
2914 4677 3216 4741 bonitatis
3256 4700 3473 4745 amore

1981 4775 2289 4838 consistit.
2345 4774 2679 4838 Cernimus
2739 4792 2889 4836 vero
2939 4785 3001 4838 et
3048 4778 3311 4841 omnino
3369 4799 3473 4842 ex-

1980 4875 2290 4957 perimur,
2341 4873 2511 4954 quod
2560 4890 2689 4955 quo
2736 4893 2772 4934 a
2829 4874 3245 4938 sensibilibus
3303 4879 3478 4942 volu-

1982 4972 2286 5056 ptatibuS,
2337 4979 2398 5032 et
2448 4969 2800 5052 praesertim
2857 4979 3080 5050 gustus
3140 4982 3203 5036 et
3253 4983 3475 5050 tactus,

1983 5091 2124 5153 quae
2165 5070 2354 5132 etiam
2390 5067 2687 5131 bestiales
2725 5087 2762 5129 a
2807 5068 3203 5151 philosophis
3235 5093 3479 5137 nuncu-

1985 5175 2236 5251 pantur,
2276 5168 2490 5229 anima
2529 5167 2791 5228 liberior
2829 5165 3022 5228 fuerit
3062 5176 3123 5230 et
3157 5173 3478 5249 remotior,

1985 5287 2061 5332 eo
2106 5265 2419 5330 intensius
2461 5263 2982 5347 contemplationi
3021 5265 3386 5334 divinorum
3418 5281 3482 5335 et
