4300 6259
96 3767 233 3810 propos.
242 3771 311 3800 m.

1156 514 1577 564 nauum-nio
1617 514 2014 564 rusotomca.
2064 533 2141 544 —
2183 515 2262 562 na
2303 515 2564 564 ananus
3294 498 3411 562 163

331 682 507 744 etiam
564 682 961 744 reducuntur
1004 699 1147 764 quae
1194 681 1259 744 in
1308 681 1477 746 libro
1522 682 1809 746 Lxxxnl
1839 682 1887 746 A
1918 684 2151 758 unitas,
2185 685 2419 748 veritas
2448 693 2512 748 et
2541 683 2792 748 bonitas
2827 701 2842 746 ι
2877 683 2964 746 ita
3001 684 3172 765 quod
3204 682 3412 746 unitas

332 779 745 852 Quaestionum
792 787 1269 850 commemorat,
1312 780 1531 842 dicens
1579 799 1593 844 ε
1636 782 1811 854 Quod
1922 783 2198 864 pertinet
2243 783 2322 845 ad
2371 784 2657 856 modum,
2699 783 2932 844 veritas
2977 782 3055 844 ad
3099 781 3410 864 speciem,

331 885 579 950 constat,
624 879 793 960 quod
836 878 1241 952 discernitur,
1284 879 1453 960 quod
1496 881 1807 960 congruit.
1918 879 2171 944 bonitas
2215 881 2294 944 ad
2342 881 2674 958 ordinem;
2725 887 2789 944 et
2847 899 3034 942 causa
3083 880 3292 960 prima
3349 879 3416 940 in

334 976 827 1058 Unumquodque
857 975 1093 1038 etenim
1138 993 1253 1056 per
1281 995 1469 1038 suum
1500 995 1639 1040 esse
1668 994 1813 1040 con·
1919 978 2161 1041 ratione
2207 997 2412 1043 causae
2451 979 2798 1041 efficientis
2837 979 2946 1040 dat
2985 978 3317 1052 unitatem,
3351 977 3416 1039 in

330 1081 487 1152 stat3
527 1093 641 1156 per
682 1093 863 1136 suam
904 1075 1177 1137 sormam
1215 1075 1659 1156 cognoscitur3
1698 1094 1813 1158 per
1920 1077 2164 1139 ratione
2208 1095 2413 1140 causae
2463 1075 2846 1159 exemplaris
2896 1074 3212 1158 imprimit
3253 1073 3419 1138 veri-

330 1173 605 1236 ordinem
635 1193 825 1237 suum
855 1175 1149 1255 congruit
1178 1173 1303 1236 sibi
1334 1193 1406 1238 ac
1435 1175 1599 1238 aliis.
1918 1183 2137 1250 tatem,
2173 1176 2239 1239 in
2272 1176 2514 1239 ratione
2546 1195 2752 1239 causae
2782 1175 3019 1250 finalis,
3045 1173 3416 1238 bonitatem.

400 1271 717 1346 Praeterea,
768 1291 969 1354 quum
1020 1273 1187 1334 Deus
1236 1273 1320 1334 sit
1366 1273 1811 1336 universorum
2000 1274 2065 1336 ln
2130 1274 2232 1337 his
2283 1274 2490 1338 tribus
2547 1273 3244 1357 supergloriosissimus
3309 1273 3424 1337 De·

328 1387 505 1432 causa
554 1370 620 1432 in
668 1369 909 1452 triplici
956 1387 1189 1451 genere
1229 1389 1457 1444 causae,
1490 1370 1811 1445 videlicet,
1922 1391 1997 1434 us
2056 1373 2368 1437 mundum
2426 1373 2777 1446 constituit,
2829 1371 2993 1452 regit
3039 1379 3104 1434 et
3153 1371 3419 1453 judicat.

326 1465 683 1541 efficientis,
716 1475 779 1530 et
811 1467 1097 1530 formalis
1134 1487 1249 1532 seu
1286 1469 1693 1552 exemplaris,
1724 1477 1815 1532 at·
1922 1471 1991 1533 ln
2038 1470 2139 1534 his
2191 1471 2330 1553 ipse
2379 1470 2786 1554 omnipotens
2831 1470 3034 1534 Judex
3091 1488 3210 1533 nec
3254 1487 3427 1533 com-

328 1584 441 1647 que
471 1565 708 1640 finaliS,
741 1574 959 1628 causat
988 1567 1123 1630 haec
1161 1567 1283 1630 tria
1324 1567 1389 1630 in
1428 1567 1685 1630 entibus
1724 1587 1817 1630 se·
1922 1568 2234 1653 prehendi
2267 1577 2474 1652 potest
2505 1587 2623 1631 nec
2655 1567 3058 1651 reprehendi.
3093 1567 3162 1630 ln
3195 1567 3424 1632 horum

326 1663 597 1724 cundum
628 1663 971 1746 quamdam
1000 1665 1585 1748 appropriationem
1618 1684 1633 1728 :
1668 1666 1820 1749 quia
1922 1668 2117 1730 trium
2153 1667 2468 1742 clausura,
2503 1667 2702 1730 multa
2732 1685 2904 1730 nunc
2936 1666 3134 1729 latent
3161 1666 3424 1730 abscon-

328 1759 387 1821 in
436 1768 747 1842 quantum
798 1781 989 1825 causa
1035 1761 1353 1838 efficiens,
1406 1764 1513 1826 dat
1560 1781 1700 1827 esse
1748 1764 1820 1826 li·
1922 1766 2077 1841 dita,
2129 1784 2272 1848 quae
2332 1765 2619 1828 clavibus
2679 1765 3008 1848 sapientiae
3055 1771 3118 1827 et
3161 1764 3427 1846 justitiae

329 1859 657 1938 mitatum3
704 1860 769 1921 in
817 1866 1127 1942 quantum
1175 1879 1365 1924 causa
1407 1861 1815 1944 exemplaris,
1848 1868 1896 1932 B
1924 1871 2113 1946 atque
2148 1863 2380 1945 judicii
2421 1863 2532 1926 Dei
2574 1880 2692 1926 suo
2730 1870 3016 1945 tempore
3057 1863 3428 1926 reserabun-

328 1955 537 2019 int‘luit
576 1958 861 2041 speciem
902 1965 967 2021 et
1003 1977 1339 2022 numerum
1380 1960 1817 2024 essentialium
1924 1971 2050 2036 tur,
2082 1962 2340 2046 quando
2378 1969 2442 2025 et
2481 1961 3018 2025 illuminabuntur
3055 1961 3428 2025 abscondita
3455 1973 3660 2026 {cm-‚m
3704 2004 3717 2018 .

328 2056 815 2119 intrinsecorum
858 2057 1367 2139 principiorum3
1400 2057 1467 2120 in
1506 2067 1819 2141 quantum
1925 2060 2358 2136 tenebrarum,
2391 2068 2453 2123 et
2493 2061 2948 2124 revelabuntur
2985 2059 3252 2122 consilia
3295 2078 3430 2123 cor·

329 2173 507 2216 causa
535 2155 779 2230 finalis,
814 2155 1079 2236 largitur
1108 2157 1360 2238 pondus
1398 2175 1471 2219 ac
1501 2158 1817 2222 ordinem.
1928 2159 2127 2222 dium.
2179 2159 2496 2242 Amplius,
2555 2160 2678 2222 tria
2723 2159 2856 2222 haec
2907 2157 2974 2220 in
3024 2157 3216 2220 rebus
3275 2159 3428 2221 acti-

400 2255 669 2336 Insuper
708 2255 789 2317 ad
832 2255 967 2318 haec
1012 2254 1135 2317 tria
1178 2263 1469 2337 spectant
1510 2265 1639 2320 tres
1684 2275 1824 2340 pro·
1928 2256 2180 2340 busque
2219 2257 2519 2320 humanis
2559 2256 2824 2341 speciali
2865 2256 3055 2319 modo
3097 2256 3432 2319 inveniun-

330 2351 623 2435 prietates
680 2353 869 2427 entis,
919 2353 1095 2417 omni
1153 2355 1287 2418 enti
1344 2357 1821 2432 convenientes,
1932 2364 2075 2419 tur:
2104 2362 2363 2439 propter
2393 2357 2562 2438 quod
2594 2362 2926 2438 peccatum
2958 2354 3264 2416 asseritur
3292 2371 3434 2417 esse

328 2459 389 2514 et
440 2452 897 2516 convertibiles
956 2471 1107 2516 cum
1156 2453 1409 2530 eodem,
1460 2475 1603 2539 quae
1650 2464 1823 2532 sunt,
1936 2454 2264 2537 corruptio
2295 2453 2490 2530 modi,
2523 2453 2762 2537 speciei
2793 2471 2866 2516 ac
2896 2452 3156 2516 ordinis,

1524 2899 1667 2984 DE
1740 2897 2250 2988 ANGELIS

674 3243 1195 3310 PROPOSITIO
1242 3243 1487 3308 LXIII.
1850 3239 1895 3302 C
1934 3237 2222 3301 formans
2267 3254 2282 3300 ε
2331 3236 2482 3319 quia
2528 3237 2608 3300 ad
2650 3237 3078 3300 exercendum
3123 3255 3235 3300 seu
3279 3237 3437 3300 obti-

1934 3335 2222 3398 nendum
2267 3353 2414 3398 suas
2457 3334 2883 3418 perfectiones
2927 3342 2990 3397 et
3035 3336 3438 3418 operationes

404 3437 703 3518 Aug-en
762 3437 850 3502 1n
908 3435 1185 3502 ord-ine
1240 3437 1605 3504 universi
1664 3431 1825 3516 pri·
1934 3433 2310 3496 naturaliter
2351 3431 2476 3494 sibi
2515 3432 2992 3506 convenientes,
3034 3451 3158 3496 non
3199 3433 3442 3515 indiget

332 3551 545 3604 mum
584 3535 673 3602 et
712 3547 1115 3600 summum
1155 3533 1522 3601 obtinent
1562 3533 1827 3599 locum
1938 3529 2220 3594 materiae
2249 3529 2486 3593 unione
2515 3537 2625 3592 aut
2654 3531 2939 3612 corporis
2968 3531 3435 3594 communione.

334 3635 767 3702 seeundum
806 3631 1247 3712 theologos,
1278 3633 1519 3713 prout
1544 3633 1631 3697 1n
1660 3629 1827 3698 me-
1936 3629 2274 3711 Quumque
2334 3627 2538 3690 forma
2595 3628 2678 3690 sit
2736 3627 2890 3690 finis
2950 3627 3250 3702 materiae,
3309 3645 3438 3691 non

334 3733 821 3800 mentatione
864 3729 1422 3811 philosophica
1460 3729 1555 3796 de
1594 3729 1831 3796 intel·
1938 3727 2162 3790 unitur
2205 3726 2487 3790 materiae
2529 3733 2639 3788 aut
2682 3727 2954 3808 corpori,
2991 3727 3114 3789 nisi
3160 3727 3442 3806 indigeat

334 3831 699 3912 lig-entus
716 3830 1022 3896 <fletum
1052 3829 1175 3896 est
1200 3829 1636 3896 secundum
1664 3827 1833 3910 phi·
1942 3825 2069 3888 illis
2099 3825 2178 3888 ad
2209 3823 2688 3886 subsistendum
2727 3831 2918 3906 atque
2947 3825 3264 3906 agendum
3297 3843 3440 3906 quae

334 3929 729 4012 Iosophos.
1941 3921 2065 3984 sibi
2109 3921 2524 3985 conveniunt.

409 4028 585 4102 Quod
630 4033 751 4100 est,
784 4023 935 4108 quia
962 4025 1064 4104 (ut
1107 4024 1295 4087 docet
1334 4023 1689 4108 Scriptura)
1727 4043 1834 4087 an·
2022 4019 2181 4082 Hinc
2227 4027 2475 4082 constat
2519 4019 2820 4100 angelum
2866 4018 2948 4082 ab
2995 4018 3209 4082 anima
3255 4021 3444 4082 ratio-

332 4123 451 4206 geli
480 4130 638 4186 sunt
676 4120 1041 4206 spirituales
1076 4120 1668 4204 intellectualesque
1705 4139 1836 4184 cre-
1942 4117 2071 4182 nali
2102 4117 2407 4200 distingui
2441 4117 2768 4200 specifice,
2801 4117 2954 4180 etei
2999 4116 3444 4201 multipliciter

334 4228 547 4296 aturae,
580 4221 823 4304 quibus
852 4218 1171 4281 naturales
1212 4218 1495 4282 scientiae
1531 4237 1604 4282 ac
1641 4220 1837 4282 virtu-
1944 4216 2382 4300 praeeminere,
2443 4234 2646 4298 quum
2709 4215 2924 4279 anima
2980 4215 3308 4280 rationalis
3377 4217 3444 4282 in

334 4330 425 4385 tes
470 4329 627 4386 sunt
675 4325 1043 4392 concreatae,
1085 4337 1126 4380 a
1165 4318 1411 4382 vilitate
1454 4317 1731 4382 materiae
1772 4325 1839 4380 et
1946 4334 2061 4378 sua
2088 4322 2314 4378 natura
2353 4321 2542 4378 tantae
2581 4314 2664 4376 sit
2700 4313 3104 4388 declivitatis,
3139 4316 3310 4396 quod
3341 4334 3446 4378 na-

338 4420 651 4503 corporali
708 4419 1081 4500 contagione
1138 4417 1391 4480 mundae
1454 4436 1528 4480 ac
1594 4415 1833 4492 liberae,
1866 4417 1916 4481 D
1946 4413 2238 4476 turaliter
2279 4413 2692 4494 conjungitur
2731 4411 3005 4495 corpori,
3039 4420 3111 4475 ut
3150 4431 3266 4496 per
3304 4413 3445 4495 ejus

338 4518 759 4582 nobilissimis
803 4533 1059 4598 quoque
1112 4533 1421 4597 personae,
1479 4515 1835 4578 Creatorem
1946 4511 2328 4594 obsequium
2377 4519 2442 4574 et
2485 4511 2916 4574 ministerium
2964 4529 3270 4574 sensuum
3319 4512 3448 4575 adi·

341 4636 463 4699 prae
494 4615 733 4680 ceteris
772 4614 994 4698 purius
1031 4613 1271 4694 jugiter
1309 4613 1835 4695 contemplanteS‚
1948 4611 2235 4695 piscatur
2291 4611 2590 4673 scientias
2655 4618 2720 4672 et
2783 4611 3052 4672 virtutes
3122 4610 3444 4686 distincte,

336 4735 407 4778 ac
464 4715 685 4799 primo
732 4730 995 4796 capaces
1045 4711 1488 4776 illustrationis
1532 4731 1605 4774 ac
1664 4728 1839 4774 reve·
1946 4729 2222 4793 quarum
2273 4709 2524 4772 confusi
2571 4709 3027 4791 generalesque
3075 4708 3332 4771 habitus
3372 4727 3448 4772 ac

342 4813 595 4878 lationis
656 4812 909 4875 divinae.
972 4811 1131 4872 Hinc
1198 4811 1367 4873 Deus
1432 4809 1839 4892 omnipotens
1949 4807 2284 4872 seminaria
2312 4807 2597 4889 quaedam
2629 4813 2964 4870 concreata
2983 4813 3048 4868 et
3070 4806 3285 4869 innata
3305 4815 3450 4869 sunt

340 4913 721 4994 perhibetur
760 4909 1057 4990 angelum
1102 4908 1465 4972 condidisse
1508 4926 1705 4990 prope
1746 4926 1837 4982 se,
1949 4908 2031 4970 ei.
2064 4907 2546 4978 Verumtamen,
2577 4905 2883 4986 quoniam
2931 4903 3182 4986 species
3230 4922 3447 4968 rerum

342 5012 401 5074 id
450 5020 550 5075 est
608 5009 989 5074 similiorem
1040 5006 1165 5070 sibi
1218 5007 1385 5069 inter
1432 5013 1661 5081 creata,
1714 5025 1842 5069 ma·
1952 5007 2151 5070 instar
2187 5021 2602 5068 numerorum
2642 5019 2946 5065 connexas
2983 5009 3154 5076 sunt,
3185 5003 3449 5084 angelus

344 5111 567 5174 teriam
601 5126 755 5174 vero
784 5124 983 5190 prope
1011 5105 1196 5168 nihil.
1230 5105 1391 5168 Hinc
1420 5105 1683 5188 angelus
1712 5123 1839 5169 non
1952 5105 2222 5168 infimus
2265 5110 2331 5166 et
2368 5101 2582 5165 anima
2623 5101 2971 5175 rationalis,
3015 5108 3326 5184 quantum
3369 5101 3449 5165 ad

343 5218 437 5272 est
472 5209 687 5273 forma
722 5204 1096 5269 naturaliter
1138 5203 1407 5268 unibilis
1444 5203 1697 5286 corpori
1734 5213 1843 5267 aut
1952 5202 2269 5266 naturalia
2309 5202 2616 5282 grandem
2657 5199 2895 5262 habent
2935 5199 3450 5264 convenientiam

346 5309 627 5372 materiae
674 5315 979 5388 tanquam
1026 5303 1233 5368 forma
1274 5301 1711 5366 substantialis
1754 5303 1843 5368 in·
1954 5303 2019 5364 in
2068 5300 2292 5364 ordine
2340 5305 2404 5362 et
2449 5316 2680 5382 genere
2727 5315 2845 5364 suo
2895 5315 2910 5362 :
2965 5305 3224 5382 propter
3277 5301 3450 5384 quod
