4300 6259
160 2269 345 2310 {¹⁸0⁹oe-

120 2332 285 2363 mm·

90 4817 153 4860 Dc
166 4817 347 4858 Coeleet.

68 4883 175 4924 hier.
194 4893 231 4922 c-
260 4892 321 4920 π.

1228 495 2089 576 ΕΒΒΙΒΝΤΑΪΙΟῘΗΕΟΒΟΘΨΑ.
2136 515 2216 526 -
2260 499 2338 544 ΒΕ
2381 499 2640 546 Annuus

3365 479 3483 546 163

384 661 661 729 sectione
716 667 1040 750 specifica.
1088 667 1217 732 Nec
1273 669 1715 752 apparentiam
1774 667 1881 731 ha·
1908 665 2145 748 Agicis
2205 677 2268 732 et
2326 669 2722 732 naturalibus
2775 678 3046 744 tantum,
3097 687 3226 734 non
3271 677 3484 733 autem

384 762 523 837 bet,
552 765 601 826 si
630 783 849 828 omnes
891 767 1095 848 angeli
1134 767 1421 848 ejusdem
1460 767 1882 830 consisterent

382 863 645 944 speciei,
689 865 859 946 quod
902 871 1075 928 tanta
1117 864 1345 928 fuisset
1396 863 1763 928 differentia
1814 865 1879 926 in

382 962 799 1025 conversione
854 981 1077 1025 eorum
1135 964 1213 1026 ad
1275 963 1657 1036 Creatorem,
1710 962 1881 1044 quod

386 1059 645 1140 quidam
676 1079 897 1124 eorum
937 1069 1151 1124 essent
1194 1063 1273 1125 de
1314 1061 1584 1125 summis
1626 1061 1755 1124 illis
1784 1078 1881 1124 or·

384 1156 645 1220 dinibus
692 1159 1025 1242 Seraphim
1074 1179 1147 1222 ac
1197 1158 1567 1233 Cherubim,
1619 1159 1881 1241 quidam

382 1255 467 1318 de
504 1254 767 1318 infimis.
814 1255 1077 1329 RursuS,
1122 1275 1323 1338 quum
1365 1256 1739 1319 credibilius
1776 1255 1880 1330 sit,

384 1360 615 1434 praeter
668 1353 967 1436 angelum
1026 1361 1089 1417 et
1148 1353 1473 1417 hominem
1546 1373 1673 1418 non
1744 1373 1883 1418 esse

382 1451 666 1533 aliquam
706 1452 1079 1516 rationalem
1110 1461 1175 1515 et
1212 1453 1709 1516 intellectualem
1751 1471 1881 1514 cre-

380 1551 736 1628 aturam;si
768 1569 991 1614 omnes
1022 1551 1229 1633 angeli
1260 1551 1551 1634 ejusdem
1582 1558 1732 1614 sunt
1750 1570 1885 1633 spe·

378 1648 529 1720 ciei,
582 1666 709 1711 non
762 1657 861 1712 est
910 1649 1033 1712 nisi
1086 1669 1213 1712 una
1262 1649 1509 1732 species
1560 1649 1883 1730 specialis·

378 1746 549 1808 sima
606 1746 1055 1810 intellectualis
1112 1755 1351 1810 naturae
1407 1746 1593 1809 altior
1660 1753 1885 1808 natura

1988 767 2053 830 in
2104 767 2422 829 civilibus.
2476 769 2546 830 ln
2597 769 2899 831 civilibus
2947 787 3227 850 namque
3277 767 3490 830 multi-

1988 865 2248 947 plicatio
2273 872 2371 928 est
2399 867 2476 928 ad
2509 867 2864 930 ministeria
2893 885 3008 948 per
3036 865 3492 930 ordinationem

1990 964 2236 1046 politici
2277 963 2582 1048 sapientis
2623 983 2636 1027 :
2670 965 3008 1047 dispositio
3045 970 3260 1028 autem
3299 971 3364 1026 et
3398 980 3494 1026 or-

1988 1063 2230 1125 dinatio
2261 1063 2435 1144 regni
2468 1063 2746 1125 coelestis
2777 1071 2968 1144 atque
2999 1062 3302 1144 angelicas
3331 1061 3494 1124 hier·

1988 1160 2244 1234 archiae,
2297 1160 2570 1224 similior
2617 1169 2714 1222 est
2761 1161 3040 1242 politicis
3087 1167 3151 1222 et
3193 1159 3494 1222 civilibus

1992 1276 2186 1340 quam
2247 1258 2468 1340 logicis
2517 1267 2582 1320 et
2638 1257 3057 1320 naturalibus.
3109 1257 3270 1320 Hine
3327 1257 3494 1320 sicut

1994 1356 2058 1418 in
2118 1356 2554 1420 ecclesiastica
2612 1355 2969 1419 hierarchia
3015 1363 3080 1418 et
3127 1355 3491 1437 principatu

1992 1461 2246 1516 terreno
2275 1455 2458 1517 decet
2495 1471 2828 1536 supremos
2863 1453 3154 1535 praelatos
3183 1471 3257 1515 ac
3287 1470 3488 1533 regeS,

1992 1550 2210 1633 plures
2259 1550 2492 1614 habere
2537 1551 2862 1613 ministros
2911 1551 3202 1632 ejusdem
3251 1557 3492 1612 naturae

1990 1668 2063 1712 ac
2094 1650 2420 1731 dignitatis
2449 1657 2638 1731 atque
2670 1648 2999 1722 officii,ita
3029 1649 3094 1712 in
3125 1649 3489 1732 principatu

1992 1747 2179 1830 Regis
2209 1747 2504 1810 altissimi
2533 1748 3112 1830 :quemadmodum
3134 1747 3327 1810 etiam
3355 1745 3495 1828 pul-

378 1845 683 1907 humana.
727 1845 903 1920 Quod
949 1845 1200 1908 videtur
1242 1844 1425 1907 valde
1468 1843 1815 1907 absurdum
1863 1862 1877 1906 :
1919 1846 2209 1911 Bebrior
2263 1853 2432 1908 esset
2487 1847 2686 1908 sessio
2741 1865 2816 1908 ac
2876 1845 3196 1928 processio
3253 1845 3319 1906 in
3367 1863 3494 1926 qua

377 1962 589 2025 quum
632 1943 849 2005 anima
908 1943 1231 2006 rationalis
1281 1943 1367 2005 ita
1414 1962 1480 2006 se
1530 1942 1758 2004 habeat
1816 1941 1881 2004 in

374 2042 609 2104 ordine
651 2041 1181 2104 intellectualium
1226 2048 1619 2113 naturarum,
1663 2057 1882 2122 quem-

374 2139 729 2202 admodum
791 2139 1056 2202 materia
1112 2139 1319 2221 prima
1376 2139 1441 2200 in
1498 2138 1721 2201 ordine
1780 2157 1885 2200 en-

374 2237 571 2310 tium,
632 2245 703 2299 ut
758 2237 823 2299 in
884 2236 1385 2301 Elementatione
1442 2235 1885 2318 philosophica

375 2343 477 2398 est
534 2335 905 2398 deductum.
956 2336 1089 2409 Quo
1146 2341 1413 2408 constat,
1472 2335 1643 2416 quod
1700 2333 1883 2396 valde

374 2433 603 2496 multae
650 2441 803 2495 sunt
857 2434 1104 2515 species
1164 2431 1695 2495 intellectualium
1754 2449 1885 2493 cre-

370 2539 709 2594 aturarum
740 2549 853 2593 seu
884 2531 1254 2611 angelorum
1288 2530 1545 2592 homine
1577 2529 1829 2592 altiores
1866 2546 1878 2591 :

369 2631 619 2712 alioqui
650 2629 941 2710 angelica
980 2637 1203 2692 natura
1242 2646 1367 2691 non
1400 2627 1724 2690 videretur
1754 2635 1883 2690 tam

372 2747 627 2810 magnae
684 2727 1101 2800 excellentiae,
1155 2745 1353 2810 quum
1414 2725 1477 2788 in
1538 2724 1719 2788 nullo
1766 2742 1883 2788 suo

370 2827 715 2910 supposito
774 2833 1063 2888 naturam
1120 2824 1467 2888 humanam
1524 2825 1879 2897 excederet,

372 2925 505 2988 nisi
540 2927 605 2987 in
636 2941 768 2988 uno
795 2925 995 3004 gradu
1016 2923 1341 3004 dignitatis
1372 2922 1711 3004 specificas.
1732 2923 1885 2986 Prae·

1994 1945 2210 2026 plures
2269 1951 2484 2007 essent
2539 1943 3028 2026 archiepiscopi,
3090 1943 3306 2025 plures
3364 1942 3495 2024 epi-

1992 2043 2193 2124 scopi,
2223 2043 2438 2126 plures
2467 2042 2729 2105 abbates
2759 2050 2822 2105 et
2849 2041 3306 2114 archidiaconi,
3333 2040 3494 2103 mul-

1992 2141 2039 2202 ti
2071 2159 2326 2223 quoque
2359 2158 2559 2221 reges,
2595 2141 2783 2204 multi
2816 2142 3012 2204 duces
3044 2139 3362 2222 multique
3393 2156 3494 2201 co-

1997 2239 2182 2301 mites
2211 2257 2284 2300 ac
2316 2237 2608 2311 baroneS,
2629 2257 2823 2320 quam
2855 2257 3022 2300 unus
3053 2237 3288 2320 aliquis
3318 2237 3499 2300 dum-

1992 2343 2164 2399 taxat
2207 2335 2452 2398 talium.
2505 2371 2586 2382 —
2627 2337 2954 2408 Praeterea,
3000 2335 3490 2398 fundamentum

1994 2433 2318 2516 opinionis
2348 2434 2518 2514 quod
2550 2433 2614 2495 in
2646 2433 2890 2515 angelis
2929 2440 3023 2496 tot
3059 2440 3210 2496 sunt
3247 2432 3495 2514 speeies

1991 2538 2148 2612 quot
2189 2530 2539 2604 individua,
2573 2537 2670 2593 est
2711 2531 2854 2604 hoc,
2888 2531 3058 2612 quod
3099 2530 3492 2612 principium

1992 2628 2518 2691 individuationis
2561 2636 2658 2691 est
2703 2629 2841 2710 ipsa
2885 2628 3172 2702 materia,
3205 2647 3316 2690 seu
3363 2646 3496 2690 ma-

1990 2727 2151 2788 teria
2199 2725 2462 2807 signata,
2511 2734 2622 2788 aut
2667 2726 3007 2808 quantitas.
3059 2727 3235 2802 Quod
3283 2733 3486 2789 totum

1992 2823 2401 2906 reprobatum
2459 2831 2556 2886 est
2611 2825 2674 2887 in
2729 2824 3228 2889 Elementatione
3287 2823 3487 2907 philo·
3541 2856 3714 2900 W,

1990 2921 2254 3003 sophica
2287 2938 2302 2984 :
2335 2940 2534 3004 quum
2577 2929 2642 2984 et
2679 2922 2944 2984 materia
2981 2923 3060 2985 de
3099 2940 3166 2984 se
3209 2923 3290 2984 sit
3330 2920 3485 3004 quid
3513 2920 3658 2950 '‘m'·

370 3032 577 3096 terea,
608 3024 687 3086 de
718 3023 928 3104 primo
968 3021 1079 3084 illo
1116 3027 1419 3103 apostata,
1460 3021 1570 3103 qui
1615 3028 1679 3082 et
1716 3039 1885 3082 sum·
1912 3016 1956 3079 C
1992 3019 2778 3097 indeterminatissimum3
2814 3019 3076 3082 materia
3105 3037 3256 3082 vero
3285 3021 3489 3102 signa-

204 3155 257 3184 ec
302 3175 313 3184 .
376 3141 527 3184 mus
556 3121 801 3184 exstitit
834 3119 1228 3201 angelorum,
1260 3119 1571 3200 scriptum
1613 3125 1709 3180 est
1742 3137 1757 3181 :
1790 3119 1882 3182 Tu

300 3208 323 3232 ⁴
370 3218 785 3300 signaculum
832 3215 1299 3288 similitudinis,
1352 3215 1579 3298 plenus
1636 3216 1887 3298 sapien-

369 3319 487 3390 tia,
522 3325 589 3379 et
628 3315 951 3398 perfectus
990 3315 1239 3378 decore.
1276 3315 1583 3388 Quocirca
1626 3321 1883 3376 sanctus

368 3415 607 3478 scribit
654 3413 993 3494 Gregorius
1046 3431 1059 3475 :
1111 3412 1391 3492 Angelus
1452 3411 1559 3474 ille
1620 3430 1743 3475 non
1803 3412 1883 3473 ad

366 3513 873 3576 similitudinem
918 3511 1027 3572 Dei
1074 3509 1299 3584 factuS,
1333 3510 1443 3573 sed
1482 3509 1881 3590 signaculum

366 3609 821 3674 similitudinis
873 3606 1268 3690 perhibetur,
1338 3615 1407 3668 ut
1459 3626 1586 3689 quo
1650 3607 1715 3668 in
1774 3607 1885 3669 illo

368 3708 681 3772 subtilior
726 3726 837 3770 seu
882 3704 1221 3768 sublimior
1264 3713 1360 3768 est
1402 3713 1649 3778 natura,
1682 3723 1759 3768 co
1802 3705 1885 3766 si-

368 3807 681 3870 militudo
708 3805 817 3868 Dei
851 3805 915 3867 in
951 3805 1091 3887 ipso
1120 3803 1483 3866 evidentius
1524 3805 1885 3865 insinuetur

368 3922 703 3988 expressa.
735 3904 851 3966 Per
879 3903 1049 3984 quod
1079 3901 1459 3976 ostenditur,
1494 3903 1663 3984 quod
1702 3902 1881 3965 altio-

368 4007 465 4068 ris
508 4011 717 4067 exstet
759 4009 1001 4065 naturae
1042 4020 1236 4084 quam
1279 4000 1409 4063 alii.

456 4104 621 4166 Hinc
654 4101 837 4164 tertia
866 4119 937 4164 ac
973 4099 1367 4182 probabilior
1405 4109 1597 4162 restat
1630 4101 1883 4182 positio,

1992 3125 2055 3180 ta
2098 3118 2184 3179 sit
2223 3117 2376 3198 quid
2425 3117 2916 3191 individuatum,
2963 3135 3090 3180 non
3136 3117 3489 3181 individua-

1993 3216 2184 3278 tionis
2241 3215 2676 3298 principium3
2729 3217 3048 3298 quantitas
3098 3233 3352 3297 quoque
3411 3215 3495 3277 sit

1992 3314 2288 3375 accidens
2327 3313 2684 3377 substantia
2713 3315 3028 3395 posterius
3064 3313 3126 3375 in
3159 3332 3320 3386 esse,
3353 3331 3496 3375 cau-

1994 3411 2240 3472 salitate
2289 3428 2360 3472 ac
2411 3411 2737 3492 dignitate.
2791 3411 3128 3493 Quumque
3178 3409 3352 3474 solus
3401 3411 3496 3472 in-

1995 3509 2289 3571 tellectus
2327 3509 2392 3570 in
2435 3508 2627 3571 rebus
2669 3517 2886 3571 causet
2927 3508 3494 3580 universalitatem,

1994 3625 2110 3668 nec
2169 3606 2412 3687 aliquid
2464 3607 2854 3688 producatur
2901 3606 3024 3668 nisi
3073 3606 3194 3668 hoc
3250 3605 3494 3687 aliquid

1992 3713 2101 3767 aut
2130 3723 2246 3766 ens
2280 3705 2684 3786 particulare,
2719 3706 3048 3786 formaque
3079 3705 3158 3766 sit
3199 3723 3340 3786 quae
3367 3704 3494 3766 dis-

1994 3801 2232 3882 tinguit
2273 3810 2336 3862 et
2377 3809 2662 3883 separat3
2705 3801 2910 3863 forma
2940 3817 3016 3862 eo
3055 3800 3195 3882 ipso
3236 3808 3334 3862 est
3363 3819 3492 3862 rea-

1994 3900 2138 3962 liter
2181 3901 2337 3982 quid
2384 3899 2764 3982 particulare
2808 3907 2872 3961 et
2922 3898 3312 3961 individuale
3361 3915 3490 3980 quo

1993 4008 2089 4062 est
2128 3999 2442 4062 terminus
2484 3998 2669 4060 realis
2712 3997 3146 4079 productionis
3183 3997 3320 4058 sive
3357 4015 3490 4059 cre-

1992 4098 2247 4170 ationiS,
2293 4104 2357 4160 et
2403 4097 2554 4159 item
2608 4097 2850 4159 ratione
2898 4095 3280 4157 exsistentiae
3321 4102 3492 4157 actu-

368 4203 551 4286 quod
584 4200 791 4282 angeli
822 4200 1114 4281 ejusdem
1146 4197 1323 4262 chori
1356 4217 1427 4261 ac
1458 4199 1887 4272 ordiniS,sunt
1916 4200 1966 4264 D
1992 4197 2135 4271 alis,
2188 4213 2265 4258 eo
2323 4196 2510 4258 modo
2567 4212 2694 4277 quo
2753 4192 3053 4257 convenit
3107 4194 3166 4255 ei
3226 4193 3490 4275 produci

369 4301 617 4384 speciei
650 4297 1510 4380 ejusdem,quemadmodum
1542 4299 1731 4360 etiam
1755 4298 1887 4360 Ale-

368 4400 643 4468 xander,
692 4398 1137 4459 Bonaventura
1184 4403 1246 4457 et
1290 4394 1399 4456 alii
1446 4395 1629 4458 multi
1674 4415 1886 4458 sense-

372 4505 551 4561 runt.
586 4495 713 4559 Nec
744 4503 957 4557 tamen
990 4511 1270 4556 asserere
1301 4494 1525 4564 audeo,
1557 4493 1726 4574 quod
1757 4511 1889 4556 om-

376 4616 497 4659 nes
540 4593 749 4674 angeli
792 4593 1084 4673 ejusdem
1129 4591 1393 4663 ordinis,
1428 4591 1716 4673 ejusdem
1761 4591 1889 4653 sint

376 4693 625 4778 speciei
669 4689 1173 4773 specialissimae,
1205 4708 1407 4770 quum
1449 4689 1705 4751 divinus
1748 4689 1887 4752 Dio·

380 4792 609 4876 nysius
648 4791 713 4852 in
760 4790 983 4852 eodem
1024 4788 1249 4850 ordine
1288 4786 1659 4868 angelorum
1703 4794 1891 4849 teste-

376 4901 489 4954 tur
518 4909 659 4953 esse
686 4903 1045 4969 supremOS‚
1079 4886 1323 4949 medios
1352 4903 1425 4948 ac
1458 4884 1737 4948 infimos

462 4991 671 5063 Quum
722 5003 873 5068 ergo
920 4983 1245 5065 objicitur,
1296 4983 1464 5066 quod
1524 4982 1891 5046 differentia

378 5091 645 5169 sumpta
672 5103 749 5147 ex
784 5089 963 5166 parte
993 5082 1237 5155 formae,
1270 5081 1575 5163 specifica
1610 5090 1727 5153 est,
1762 5098 1887 5142 non

378 5183 799 5250 individualis
824 5199 841 5260 3
874 5181 1217 5263 respondet
1246 5179 1539 5242 Albertus
1570 5179 1740 5263 quod
1770 5179 1889 5241 hoc

378 5303 513 5349 non
562 5291 663 5346 est
708 5279 1159 5344 universaliter
1206 5297 1453 5353 verum,
1504 5279 1627 5344 nisi
1678 5280 1741 5341 in
1804 5277 1889 5341 lo-

1994 4305 2058 4358 et
2114 4313 2274 4357 esse.
2331 4295 2481 4356 Esse
2529 4311 2806 4376 namque
2865 4300 2962 4356 est
3015 4293 3494 4375 suppositorum

1994 4402 2054 4456 et
2102 4392 2586 4474 particularium
2635 4410 2874 4466 rerum,
2919 4390 3218 4454 similiter
3257 4410 3443 4473 agere
3479 4408 3494 4452 ε

1998 4491 2139 4552 ideo
2183 4491 2388 4552 forma
2433 4489 2656 4570 nequit
2701 4490 3029 4552 materiam
3070 4497 3344 4562 actuare‚
3379 4489 3500 4553 for-

1998 4608 2171 4651 mare
2211 4597 2321 4649 aut
2360 4587 2730 4660 informare,
2765 4588 2886 4649 nisi
2931 4588 3110 4670 prius
3151 4587 3236 4650 sit
3273 4587 3495 4650 saltem

1997 4687 2328 4769 prioritate
2379 4693 2637 4748 naturae.
2691 4686 2849 4747 Hinc
2899 4687 3066 4766 quod
3121 4685 3340 4767 opinio
3389 4685 3498 4748 illa

1994 4784 2280 4847 affirmat
2309 4785 2554 4846 animas
2585 4783 2922 4846 rationales
2965 4784 3349 4845 individuari
3383 4801 3497 4866 per

1996 4901 2264 4965 corpora
2306 4901 2442 4955 sua,
2485 4881 2647 4944 nihil
2690 4889 2807 4952 est,
2850 4900 3048 4962 quum
3093 4882 3324 4944 animae
3369 4882 3494 4944 illae

1996 4983 2117 5045 hoc
2165 4981 2305 5063 ipso
2350 4981 2519 5061 quod
2569 4987 2716 5041 sunt
2765 4979 3020 5041 termini
3070 4979 3406 5041 creationis
3455 4997 3492 5040 a

1998 5081 2147 5150 Deo,
2167 5087 2314 5140 sunt
2345 5077 2758 5160 particulares
2786 5076 3337 5158 individualesque
3370 5073 3492 5138 for·

2000 5196 2119 5238 mae
2167 5193 2182 5237 ε
2229 5176 2394 5257 quod
2445 5182 2646 5238 totum
2699 5194 2893 5256 super
2940 5175 3290 5238 secundum
3341 5175 3490 5238 Sen-
3521 5187 3783 5306 Ρσζιέοξῗιῦ

2002 5275 2343 5338 tentiarum
2401 5282 2464 5337 et
2521 5273 2587 5335 in
2637 5273 3136 5337 Elementatione
3194 5282 3494 5356 praetacta
