4300 6259
861 539 942 586 DE
981 537 1210 585 Lmnmt
1247 535 1630 584 GHRISTLANAE
1669 534 1972 591 ruminat,
2015 534 2193 582 unm
2232 535 2275 582 1.
2318 553 2399 564 --
2441 535 2580 580 altr.
2626 534 2811 580 Lm!

307 808 600 891 tipliciter
658 807 792 890 jam
859 806 1272 890 explanatum
1330 812 1448 877 est,
1511 804 1789 887 primam

307 925 546 970 causam
581 914 810 970 cuncta
845 905 1168 968 distinctis
1207 903 1562 967 rationibus
1601 909 1666 966 et
1696 901 1789 964 in·

307 1006 576 1086 telligere
634 1012 699 1068 et
753 1022 1016 1067 causare
1069 1021 1084 1066 :
1137 1001 1438 1066 omnibus
1495 1019 1648 1084 ergo
1692 1017 1790 1064 or-

307 1105 506 1168 dinem
547 1102 894 1186 impressit.
936 1103 1263 1176 Praeterea,
1309 1099 1690 1163 universalis
1727 1107 1792 1162 et

310 1205 517 1286 primae
573 1202 866 1266 omnium
923 1219 1130 1264 causae
1189 1207 1284 1264 est
1337 1199 1670 1262 intendere
1727 1206 1789 1260 et

309 1303 526 1366 donare
565 1301 628 1365 id
669 1301 840 1383 quod
879 1307 976 1364 est
1015 1300 1254 1363 bonum
1291 1298 1508 1362 totius.
1543 1298 1790 1361 Bonum

309 1407 504 1462 autem
549 1398 833 1462 universi
877 1406 974 1460 est
1019 1397 1176 1460 ordo
1221 1397 1384 1477 ejuS,
1435 1395 1788 1459 secundum

309 1497 743 1580 Philosophum
802 1495 1184 1559 duodecimo
1240 1495 1464 1558 Primae
1511 1493 1789 1577 philoso-

311 1594 462 1676 phiae
505 1611 520 1656 ε
567 1595 718 1666 im0‚
769 1601 840 1654 ut
877 1593 1106 1675 probat
1141 1592 1500 1675 DionysiuS,
1547 1592 1787 1654 bonum

311 1691 803 1775 uniuscujusque
849 1692 914 1755 in
964 1691 1064 1753 sui
1115 1691 1318 1774 ipsius
1365 1690 1588 1753 ordine
1631 1698 1790 1753 eate-

311 1810 420 1852 nus
474 1791 784 1864 consistit,
849 1799 920 1853 ut
978 1798 1310 1873 peccatum
1370 1808 1484 1853 seu
1545 1788 1786 1852 malum

3274 511 3391 577 331

97 743 286 780 amn.
308 729 412 795 pra
465 711 542 773 de
599 727 678 773 eo
733 709 1071 772 recitatum
1120 714 1235 770 est.
1289 707 1578 789 Denique
1627 704 1792 768 mul·
1819 705 1872 770 A
1903 704 2213 787 perfectio
2258 721 2385 768 non
2435 712 2565 767 tam
2616 703 2803 786 plene
2847 702 3255 785 resplendere
3296 717 3401 783 po-

1899 803 2024 865 tuit
2067 803 2134 865 in
2178 820 2307 866 uno
2348 803 2571 866 ordine
2614 809 2722 864 aut
2765 819 2979 865 rerum
3028 800 3257 882 aequali
3306 798 3399 862 di-

1899 901 2161 982 gnitate,
2224 901 2391 963 sicut
2446 900 2511 963 in
2579 899 3087 963 multiformibus
3153 898 3400 963 entium

1901 999 2260 1072 ordinibus,
2312 1007 2375 1062 et
2422 998 2693 1062 diversis
2743 997 3214 1082 perfectionum
3263 1015 3401 1078 gra-

1901 1096 2110 1158 dibus,
2145 1096 2323 1171 Quod
2352 1097 2526 1160 enim
2570 1104 2669 1160 est
2707 1095 2771 1160 in
2820 1095 3049 1179 primo,
3082 1102 3179 1158 est
3219 1095 3284 1157 in
3325 1112 3403 1158 eo

1901 1194 2159 1268 unitim,
2210 1194 2594 1278 simpliciter
2640 1203 2705 1257 et
2752 1194 3074 1277 perfecte;
3120 1193 3401 1256 secunda

1901 1299 2114 1355 autem
2160 1310 2287 1356 non
2332 1291 2457 1356 nisi
2501 1311 2617 1375 per
2660 1293 2921 1354 modum
2972 1290 3397 1374 multiplicem

1901 1397 1966 1452 et
2011 1389 2467 1473 compositum,
2514 1397 2783 1474 possunt
2830 1409 3057 1472 capere
3105 1389 3401 1469 huiusce·

1901 1489 2073 1551 modi
2117 1488 2323 1552 divini
2366 1507 2507 1552 esse
2548 1489 3015 1570 perfectionum
3055 1487 3345 1551 ordinem
3380 1504 3395 1550 ε

1899 1586 2020 1650 hoc
2049 1604 2201 1668 ergo
2230 1587 2449 1650 decuit
2478 1587 2779 1651 universo
2810 1587 3021 1668 largiri
3052 1586 3133 1648 ab
3162 1585 3399 1669 opifice

1900 1685 2060 1765 ejus.
2094 1686 2343 1760 Adhuc,
2375 1685 2774 1766 gubernatio,
2818 1685 3155 1748 causalitas
3194 1692 3259 1748 et
3294 1684 3402 1748 do·

1902 1783 2175 1846 minium
2208 1801 2335 1847 non
2369 1784 2785 1848 inveniuntur
2815 1785 2941 1847 nisi
2974 1785 3140 1846 inter
3168 1785 3400 1847 distan-

309 1889 466 1951 aliud
529 1905 656 1952 non
723 1889 810 1951 sit
866 1888 990 1952 nisi
1048 1906 1336 1951 recessus
1401 1887 1481 1950 ab
1540 1887 1782 1950 ordine.
1823 1881 1988 1944 Btia
2039 1883 2105 1945 in
2154 1883 2479 1964 dignitate.
2534 1883 2596 1947 Si
2648 1901 2799 1964 ergo
2844 1883 3063 1946 omnia
3108 1883 3397 1964 ejusdem

309 1987 542 2050 Ordinis
595 2004 748 2068 ergo
807 2005 998 2050 causa
1055 1993 1152 2049 est
1207 1985 1492 2068 primum
1554 1984 1788 2068 princi-

309 2086 496 2167 pium.

378 2182 693 2256 Praeterea,
719 2183 784 2244 in
819 2182 1262 2254 microcosmo,
1286 2182 1396 2263 qui
1431 2181 1786 2245 secundum

309 2277 608 2340 Platonem
641 2277 708 2340 in
747 2279 1081 2351 Phaedone,
1115 2285 1212 2341 est
1248 2277 1618 2359 exemplum
1663 2296 1790 2340 ma-

309 2376 622 2450 crocosmi,
664 2377 1100 2458 conspicimus
1143 2377 1316 2440 aliud
1361 2394 1500 2438 esse
1545 2375 1786 2438 bonum

309 2474 590 2555 partium,
639 2481 704 2537 et
759 2475 932 2538 aliud
980 2475 1196 2538 totius.
1251 2474 1327 2537 Et
1371 2474 1493 2537 hoc
1544 2473 1608 2536 in
1657 2491 1788 2537 om-

307 2571 481 2634 nibus
537 2572 936 2636 naturalibus
994 2580 1212 2656 patere
1259 2579 1486 2653 potest.
1537 2571 1784 2634 Bonum

306 2669 530 2753 quippe
577 2670 772 2732 totius
821 2671 1114 2733 consistit
1157 2671 1225 2732 in
1274 2669 1489 2732 debita
1535 2669 1785 2732 babitu-

307 2767 441 2830 dine
479 2774 541 2831 et
577 2768 946 2832 diversitate
984 2769 1264 2850 partium
1307 2767 1472 2830 inter
1509 2786 1576 2830 se
1617 2768 1784 2830 etad

307 2871 540 2929 totum:
574 2867 878 2949 quoniam
923 2884 1048 2929 non
1095 2873 1472 2948 congrueret
1515 2865 1782 2939 homini,

307 2963 354 3024 si
397 2971 518 3028 tam
564 2965 846 3028 nobilem
897 2965 1296 3028 harmoniam
1345 2963 1608 3027 haberet
1655 2982 1784 3026 ma-

1899 1980 2259 2044 essentialis
2294 1981 2715 2063 perfectionis
2758 1989 2969 2044 creata
3007 1981 3238 2055 forent,
3270 1999 3397 2044 non

1899 2077 2344 2141 invenirentur
2374 2079 2471 2142 hae
2501 2079 2929 2162 perfectiones
2970 2079 3035 2142 in
3074 2079 3393 2142 secundis.

1896 2177 2180 2240 Primum
2236 2185 2452 2240 autem
2510 2185 2610 2240 est
2663 2195 2875 2250 causa,
2924 2185 3129 2240 rector
3175 2184 3239 2240 et
3294 2178 3399 2240 do-

1899 2276 2133 2338 minus.
2170 2275 2301 2338 Nisi
2349 2275 2544 2357 igitur
2588 2283 2757 2338 esset
2800 2295 3014 2339 rerum
3058 2276 3235 2349 ord0,
3270 2293 3395 2339 non

1897 2374 2407 2437 assimilarentur
2465 2393 2565 2437 res
2626 2375 2753 2438 Deo
2811 2375 2876 2436 in
2935 2392 3012 2438 eo
3068 2374 3237 2457 quod
3302 2381 3399 2436 est

1899 2489 2183 2545 causare,
2216 2489 2434 2553 regere
2478 2479 2541 2534 et
2584 2471 2899 2535 dominari
2942 2489 2957 2535 ε
3000 2491 3141 2554 quae
3185 2480 3397 2534 tamen

1897 2577 2046 2632 sunt
2073 2569 2423 2633 diviniores
2455 2570 2995 2653 participationes,
3022 2571 3240 2653 Itaque
3270 2588 3397 2632 non

1895 2675 2065 2730 esset
2119 2667 2405 2751 perfecta
2462 2667 2697 2732 divinae
2756 2667 3168 2750 perfectionis
3227 2668 3395 2731 relu-

1897 2767 2107 2828 centia
2154 2767 2219 2829 in
2267 2767 2567 2829 universo
2614 2783 2629 2828 :
2675 2767 2845 2849 quod
2894 2784 3022 2830 non
3074 2767 3393 2840 convenit,

1895 2864 2201 2947 quoniam
2260 2883 2451 2928 omne
2507 2883 2701 2945 agens
2748 2865 3239 2928 similitudinem
3296 2865 3395 2928 sui

1897 2963 2175 3026 intendit
2216 2963 2519 3026 inducere
2563 2964 2628 3026 in
2672 2964 3001 3028 effectum.

307 3081 416 3124 nus
454 3064 618 3144 (quae
667 3072 764 3127 est
805 3081 1113 3144 organum
1157 3079 1562 3144 organorum,
1609 3069 1672 3123 et
1717 3069 1784 3123 ut
1823 3063 1866 3127 C
1975 3062 2292 3144 AmpliuS‚
2326 3062 2632 3125 creationi
2677 3063 2769 3125 nil
2814 3079 3073 3146 prorsus
3116 3063 3395 3126 subster-

307 3160 385 3222 ait
444 3160 884 3242 PhilosophuS,
943 3160 1444 3224 instrumentum
1517 3160 1782 3242 practici

309 3258 680 3340 intellectus)
725 3259 892 3321 sicut
947 3258 1174 3321 oculus
1223 3257 1430 3320 habet.
1485 3259 1588 3321 Sic
1635 3276 1786 3339 ergo

307 3365 394 3418 est
439 3365 501 3418 et
547 3357 610 3420 in
659 3358 964 3420 universo
1009 3375 1024 3419 ε
1077 3365 1148 3419 ut
1195 3356 1495 3419 videlicet
1542 3356 1784 3420 bonum

307 3454 436 3534 ejus
465 3455 545 3516 sit
572 3455 932 3537 specierum
973 3455 1150 3529 orde,
1183 3463 1248 3518 et
1277 3461 1648 3517 naturarum
1680 3455 1784 3517 de-

307 3552 428 3616 bita
457 3554 779 3617 habitudo.
799 3553 1022 3618 Dicere
1049 3571 1202 3618 vero
1229 3553 1355 3616 tale
1385 3554 1624 3618 bonum
1657 3573 1786 3618 non

309 3653 634 3733 procedere
677 3652 758 3715 ab
801 3653 1046 3734 optima
1093 3671 1307 3726 causa,
1353 3651 1786 3715 irrationabile

309 3757 411 3812 est.
471 3752 621 3824 lmo,
681 3749 850 3813 sicut
907 3750 1018 3832 qui
1077 3748 1362 3812 hominis
1419 3767 1610 3812 causa
1667 3757 1785 3824 est,

309 3847 720 3911 distinctionis
749 3865 1006 3930 quoque
1036 3853 1103 3910 et
1129 3846 1372 3910 ordinis
1402 3863 1784 3928 organorum

309 3954 396 4008 cst
430 3945 664 4025 factor3
705 3947 800 4009 sic
837 3945 951 4028 qui
997 3946 1386 4009 mundanam
1430 3945 1790 4008 machinam

311 4041 507 4118 finxit,
537 4045 824 4108 ordinem
863 4044 922 4106 ei
955 4043 1236 4106 influxit.
1270 4043 1348 4105 At
1394 4060 1545 4105 vero
1590 4043 1654 4105 in
1699 4062 1794 4106 ar-

309 4139 684 4217 tificialibus,
725 4161 866 4224 quae
907 4143 1262 4205 secundum
1306 4140 1786 4223 Philosophum,

1897 3160 2072 3223 nitur
2121 3178 2135 3223 :
2190 3161 2353 3223 nihil
2410 3168 2625 3223 autem
2684 3161 2907 3244 nequit
2963 3161 3101 3226 fore
3154 3162 3397 3226 ordinis

1897 3279 2104 3322 causa.
2147 3260 2285 3323 Non
2324 3278 2475 3341 ergo
2514 3268 2721 3342 potest
2760 3261 2969 3343 prima
3002 3262 3245 3325 ordinis
3274 3263 3396 3324 ori·

1896 3376 1976 3439 go
2022 3359 2158 3421 fore
2202 3377 2280 3421 ex
2327 3365 2505 3442 parte
2549 3360 2975 3424 secundorum
3020 3377 3033 3422 :
3086 3361 3397 3442 quidquid

1897 3456 2072 3520 enim
2131 3456 2199 3518 in
2258 3457 2387 3519 illis
2436 3465 2555 3531 est,
2610 3459 2991 3540 productum
3050 3466 3163 3522 est.
3216 3459 3399 3523 Solus

1897 3572 2048 3636 ergo
2095 3555 2333 3617 summi
2392 3555 2648 3638 opificis
2706 3557 3100 3640 sapientialis
3157 3557 3403 3620 intelle-

1899 3660 2039 3715 ctus
2070 3661 2169 3715 est
2197 3652 2497 3716 ordinans
2530 3653 2809 3736 singula:
2828 3655 3179 3736 praesertim
3209 3672 3403 3736 quum

1898 3751 2068 3813 dieat
2121 3751 2517 3825 AristoteleS,
2570 3752 2887 3835 Sapientis
2944 3760 3041 3817 est
3086 3753 3397 3816 ordinare.

1898 3849 2141 3922 Denuo,
2176 3849 2242 3911 in
2282 3849 2401 3912 hoc
2440 3851 2611 3932 quod
2652 3851 2860 3932 prima
2904 3869 3094 3914 causa
3132 3869 3232 3914 res
3270 3857 3400 3914 tam

1899 3947 2248 4010 dissimiles
2297 3955 2361 4010 et
2404 3953 2537 4010 tam
2576 3949 2906 4023 distanteS,
2946 3957 3076 4012 tam
3118 3949 3401 4030 indigen-

1901 4052 1996 4107 tes
2023 4052 2088 4107 et
2117 4052 2246 4107 tam
2280 4045 2633 4119 instabiles,
2670 4046 3225 4110 indissolubilibus
3258 4065 3401 4110 con-

1901 4143 2100 4206 nectit
2127 4142 2485 4218 ordinibus,
2519 4161 2767 4224 tegenS,
2800 4143 3143 4226 providens
3175 4152 3239 4208 et
3276 4163 3403 4208 ma-

307 4239 622 4314 naturalia,
667 4248 740 4304 ut
783 4240 1016 4314 valent,
1057 4241 1411 4314 imitantur,
1445 4239 1616 4302 idem
1661 4259 1790 4303 cer·
1823 4237 1874 4301 D
1902 4248 2217 4303 nutenens
2248 4259 2377 4312 eas,
2411 4240 2665 4303 videtur
2693 4243 2977 4324 potentia
3004 4249 3067 4305 et
3094 4243 3407 4325 sapientia

307 4339 528 4402 nimus.
575 4339 711 4404 Non
760 4339 934 4402 enim
983 4347 1152 4402 esset
1207 4337 1488 4420 perfecta
1537 4339 1787 4412 domus,

307 4437 354 4497 si
383 4445 584 4518 partes
614 4438 756 4519 eJ‘us
798 4438 1114 4500 universae
1154 4437 1418 4519 aequalis
1459 4437 1793 4520 perfectio-

307 4534 398 4596 nis
429 4535 650 4598 forent.
670 4536 762 4598 Ad
797 4534 1259 4617 perfectionem
1293 4535 1506 4616 itaque
1542 4535 1787 4608 mundi,

307 4640 658 4698 naturarum
703 4633 862 4696 ordo
905 4633 1254 4715 requisitus
1295 4640 1410 4696 est.

375 4731 682 4814 AmpliuS,
723 4731 802 4794 ad
845 4731 964 4794 hoc
1007 4731 1296 4794 instituta
1339 4738 1435 4794 est
1473 4732 1574 4812 (ut
1618 4731 1789 4794 Plato

305 4827 412 4908 ait)
437 4831 655 4893 mundi
688 4829 959 4903 molitio,
993 4837 1064 4892 ut
1091 4830 1264 4892 entia
1301 4847 1571 4911 quaeque
1608 4829 1786 4909 juxta

305 4929 578 5008 proprias
635 4927 1022 5010 capacitates
1079 4927 1313 4991 divinae
1370 4925 1785 4990 beatitudinis

303 5022 500 5088 forent
551 5025 811 5110 capacia
861 5043 876 5088 :
929 5025 1033 5088 cui
1081 5044 1306 5089 omnes
1353 5025 1590 5108 posteri
1641 5044 1786 5088 con-

303 5131 638 5186 senserunt.
691 5123 852 5188 Nam
901 5123 1092 5188 modo
1140 5123 1608 5206 praeinductum
1664 5131 1782 5198 est,

305 5219 704 5286 relucentiam
761 5221 996 5286 divinae
1051 5221 1466 5304 perfectionis
1523 5240 1664 5286 esse
1711 5221 1786 5284 fi-

306 5319 504 5384 nalem
559 5340 818 5386 causam
874 5321 1234 5386 creationis.
1285 5321 1515 5386 Divina
1569 5328 1780 5385 autem

1902 4339 2042 4419 ejus
2105 4338 2439 4422 limpidius
2488 4339 2795 4413 relucere,
2846 4359 3039 4422 quam
3089 4341 3141 4404 si
3192 4342 3408 4404 omnia

1901 4444 2114 4500 essent
2162 4436 2353 4500 unius
2401 4437 2640 4519 speciei
2694 4446 2757 4500 et
2802 4439 3053 4518 gradus.
3102 4439 3194 4502 Ob
3242 4441 3405 4503 relu-

1901 4536 2175 4598 centiam
2208 4535 2400 4617 igitur
2429 4535 2661 4598 divinae
2693 4535 3101 4618 perfectionis
3132 4537 3403 4600 lucidius

1900 4633 2159 4696 entibus
2219 4633 2740 4715 imprimendam,
2802 4635 3200 4698 necessarius
3268 4644 3402 4699 erat

1899 4731 2159 4794 entibus
2203 4731 2375 4795 ordo.
2418 4732 2490 4794 In
2536 4749 2664 4814 quo
2707 4732 3013 4795 elucescit
3053 4751 3228 4796 error
3272 4735 3401 4798 Ori-

1897 4829 2080 4911 genis
2123 4837 2187 4892 et
2215 4830 2576 4892 Avicennae.
2611 4830 2914 4911 Origenes
2960 4849 3191 4914 nempe
3236 4832 3399 4895 ordi·

1896 4946 2044 4991 nem
2097 4947 2311 4991 rerum
2364 4947 2440 4990 ex
2488 4928 2855 4991 diversitate
2903 4928 3277 4992 meritorum
3338 4939 3401 4994 et

1895 5027 2352 5090 demeritorum
2394 5026 2794 5090 rationalium
2832 5033 3265 5091 creaturarum
3306 5029 3397 5092 di-

1895 5125 1988 5188 xit
2028 5125 2423 5206 originaliter
2467 5123 2779 5207 prodiisse
2821 5141 2835 5185 :
2878 5125 2956 5186 de
3000 5125 3186 5206 cujus
3230 5128 3395 5208 posi·

1893 5223 2066 5287 tione
2132 5222 2449 5307 posterius
2514 5223 3069 5287 determinandum
3136 5233 3271 5306 est3
3331 5234 3396 5289 et

1894 5321 2050 5404 quid
2079 5323 2405 5386 Avicenna
2433 5321 2687 5396 dixerit,
2717 5321 2851 5403 jam
2882 5322 3107 5403 patuit.
