4300 6259
683 1591 764 1630 art.
786 1599 828 1628 xi

661 4836 744 4876 art.
769 4847 826 4876 xv

903 495 1024 562 296

1520 515 1599 562 DE
1643 511 1868 561 Lunum
1911 511 2294 560 cnmsrlalu:
2336 511 2637 570 mmmm,
2684 513 2859 560 mmm
2902 514 2941 558 1.
2988 533 3069 543 —
3108 515 3247 560 Am.
3292 515 3391 560 mv

904 686 1073 768 quod
1121 686 1601 750 multiformiter
1642 693 1787 748 ante
1831 685 2229 748 destructum
2280 691 2395 746 est.
2426 683 2477 748 A
2514 684 2759 768 reliqua
2795 685 3012 748 omnia
3052 685 3260 760 finita,
3292 694 3401 748 aut
3443 692 3713 760 econtra,
3750 693 3859 748 aut
3898 687 3979 748 di-

902 786 1143 848 Rursus
1196 804 1272 848 ex
1327 787 1447 847 hoc
1505 784 1864 858 innotescit,
1923 782 2090 864 quod
2147 801 2285 845 esse
2339 790 2402 845 et

901 884 1196 957 essentia,
1230 903 1414 966 posse
1445 891 1508 946 et
1539 884 1840 965 potentia,
1874 901 2066 963 agens
2096 889 2161 944 et
2188 901 2396 962 agere,

901 982 966 1044 in
1013 983 1220 1064 primo
1261 982 1732 1046 omniformiter
1775 981 2171 1044 unificantur
2214 998 2227 1042 ε
2271 981 2399 1042 imo

899 1098 1028 1143 non
1071 1080 1243 1142 aliud
1289 1088 1437 1142 sunt
1479 1080 1603 1142 nisi
1649 1079 2118 1161 supersimplex
2162 1080 2393 1141 unitas.

897 1177 1025 1241 Nec
1070 1185 1165 1240 est
1207 1178 1436 1241 horum
1484 1179 1818 1241 diversitas
1865 1177 1927 1239 in
1973 1177 2122 1250 De0,
2166 1177 2275 1239 sed
2322 1195 2397 1238 ex

897 1283 1076 1357 parte
1104 1283 1333 1340 nostrae
1367 1277 1622 1349 mentiS‚
1647 1275 2205 1357 simplicissimum
2241 1275 2396 1337 illud

898 1373 1117 1436 lumen
1177 1374 1240 1436 in
1312 1375 1514 1455 ipsius
1583 1373 1856 1436 naturali
1926 1373 2203 1454 puritate
2272 1390 2397 1435 non

899 1472 1176 1554 potentis
1245 1473 1556 1546 contueri,
1632 1471 2176 1553 quemadmodum
2254 1479 2399 1532 ante

831 1599 872 1628 v.
899 1570 1235 1651 probatum
1281 1577 1394 1633 est.
1429 1570 1743 1652 AmpliuS‚
1787 1576 2032 1632 constat
2075 1570 2243 1651 quod
2291 1568 2400 1630 ob-

893 1668 1138 1749 jectum
1196 1669 1399 1732 divini
1460 1669 1822 1732 intellectus
1881 1667 2054 1730 aliud
2116 1684 2243 1728 non
2304 1675 2401 1729 est

894 1766 1016 1828 nisi
1065 1767 1282 1828 divina
1329 1767 1604 1830 essentia
1650 1784 1662 1828 :
1718 1772 1977 1848 propter
2026 1766 2195 1847 quod
2247 1765 2400 1827 duo-

2510 791 2735 846 cantur
2764 785 3053 866 quaedam
3096 785 3371 860 infinita,
3404 785 3689 868 quaedam
3726 802 3878 848 vero
3914 785 3980 846 ri-

2510 882 2682 961 nita3
2734 902 2991 965 semper
3050 903 3448 967 consequens
3498 884 3597 958 l'it,
3649 884 3810 966 quod
3868 903 3983 946 non

2508 989 2675 1043 esset
2734 982 2900 1045 inter
2958 982 3066 1045 illa
3114 983 3329 1046 omnia
3377 982 3595 1046 debita
3640 1000 3987 1063 correspon-

2508 1081 2723 1142 dentia
2764 1099 2877 1142 seu
2918 1100 3198 1163 congrua
3238 1083 3586 1164 proportio,
3620 1101 3811 1164 quum
3856 1081 3991 1144 inri-

2508 1178 2627 1239 niti
2674 1185 2735 1239 et
2780 1178 2950 1241 finiti
2996 1179 3173 1242 nulla
3214 1196 3475 1261 prorsus
3518 1180 3602 1242 sit
3644 1179 3985 1242 conventio.

2508 1277 2725 1358 ltaque
2787 1284 2897 1338 aut
2962 1277 3041 1339 ab
3112 1278 3369 1340 infinita
3430 1278 3703 1341 essentia
3768 1277 3987 1340 flueret

2508 1374 2711 1437 virtus
2772 1375 3225 1438 intellectualis
3284 1375 3493 1450 finita,
3543 1384 3653 1438 aut
3706 1375 3989 1438 infinitus

2512 1471 2875 1534 intellectus
2934 1491 3049 1554 per
3108 1472 3359 1536 finitam
3430 1473 3709 1555 speciem
3772 1473 3989 1534 intelli-

2508 1577 2703 1651 geret,
2754 1578 2817 1632 et
2873 1571 2967 1632 sic
3028 1571 3332 1654 deinceps
3384 1590 3398 1633 :
3451 1591 3591 1654 quae
3638 1571 3851 1634 omnia
3894 1571 3991 1633 ab·

2508 1668 2698 1730 surda
2740 1675 2907 1729 sunt.

2588 1765 2871 1848 Simplex
2918 1766 3113 1846 igitur
3150 1774 3213 1829 et
3254 1767 3317 1829 in
3360 1766 3491 1829 l'ine
3532 1768 3721 1830 totius
3756 1766 3992 1848 simpli-

891 1865 1145 1928 decimo
1195 1865 1418 1928 Primae
1476 1865 1898 1947 philosophiae
1957 1864 2116 1927 dixit
2164 1864 2397 1926 Aristo·
2424 1862 2470 1924 B
2510 1863 2718 1925 citatis
2749 1863 3041 1927 subsistit
3078 1864 3337 1928 divinus
3379 1865 3757 1928 intellectus
3794 1865 3993 1926 Enim-

889 1963 1070 2036 teleS‚
1130 1963 1421 2026 divinum
1483 1963 1881 2028 intellectum
1941 1963 2033 2024 nil
2093 1970 2271 2025 extra
2329 1982 2395 2025 se

891 2061 1266 2142 intelligere.
1300 2061 1648 2124 vilesceret
1689 2079 1966 2142 namque
2005 2061 2262 2124 divinus
2303 2061 2396 2122 in-

890 2159 1206 2234 tellectuS,
1259 2161 1310 2222 si
1362 2179 1477 2241 per
1526 2160 1808 2241 speciem
1871 2167 2048 2221 extra
2108 2179 2177 2222 se
2238 2161 2398 2221 exsi-

891 2265 1162 2320 stentem
1210 2257 1642 2337 intelligeret:
1690 2257 1990 2339 quoniam
2039 2258 2393 2319 secundum

891 2358 1256 2430 Averroem,
1331 2355 1738 2436 intelligibile
1820 2355 2077 2436 perficit
2150 2356 2395 2418 intelle·

892 2461 1088 2517 ctum.
1123 2455 1191 2516 In
1231 2455 1358 2517 Deo
1399 2471 1551 2534 ergo
1592 2453 1763 2516 idem
1810 2460 1959 2515 sunt
2009 2453 2392 2535 intelligenS,

891 2553 1309 2627 intellectum,
1359 2553 1561 2615 virtus
1613 2551 2063 2614 intellectualis
2109 2559 2169 2613 et
2218 2553 2397 2615 intel-

891 2651 1155 2733 ligibilis
1213 2650 1436 2713 forma.
1503 2650 2034 2731 simplicissimus
2093 2658 2189 2712 est
2247 2668 2397 2731 ergo

887 2750 1145 2812 divinus
1191 2749 1571 2812 intellectus.

969 2848 1294 2920 Praeterea,
1340 2865 1598 2909 necesse
1649 2853 1744 2909 est
1797 2847 2098 2926 virtutem
2154 2847 2397 2909 intelle-

892 2946 1126 3008 ctivam
1187 2944 1682 3027 correspondere
1743 2944 2116 3006 substantiae
2180 2965 2215 3006 a
2273 2964 2397 3027 qua

2508 1980 2679 2036 ver0,
2730 1963 2781 2024 si
2832 1979 2957 2025 non
3008 1963 3178 2026 cadit
3227 1965 3291 2026 in
3340 1965 3467 2026 Deo
3513 1965 3829 2036 accidenS,
3876 1982 3991 2025 non

2506 2068 2717 2142 potest
2754 2060 2889 2123 fore
2930 2061 3257 2125 distinctio
3298 2063 3597 2144 potentiae
3636 2070 3699 2124 et
3738 2063 3993 2124 actionis

2507 2167 2698 2240 atque
2758 2159 3183 2240 intelligibilis
3252 2161 3487 2242 speciei
3539 2181 3575 2224 a
3632 2169 3853 2224 natura
3908 2161 3991 2222 in-

2505 2257 2799 2320 tellectus
2852 2258 2914 2318 in
2964 2259 3183 2322 divino
3231 2278 3389 2321 esse.

2586 2356 2833 2438 Quippe
2882 2375 2959 2418 ex
3010 2357 3109 2418 his
3160 2355 3348 2420 facile
3405 2358 3785 2430 ostenditur,
3834 2357 3989 2438 quod

2508 2453 2893 2535 purissimus
2938 2454 3021 2516 sit
3062 2455 3319 2516 divinus
3357 2455 3735 2518 intellectus.
3770 2455 3987 2517 Purum

2506 2558 2603 2613 est
2640 2551 2837 2624 enim,
2874 2553 3040 2634 quod
3084 2552 3308 2615 alienae
3354 2560 3593 2617 naturoe
3635 2553 3993 2616 incommix-

2510 2656 2643 2710 tum
2683 2657 2796 2711 est.
2833 2650 2953 2712 Sed
2998 2651 3186 2713 modo
3236 2652 3460 2732 patuit,
3497 2652 3664 2733 quod
3713 2669 3899 2714 omne
3935 2651 3989 2712 id

2509 2745 2675 2827 quod
2728 2746 2791 2808 in
2843 2747 2971 2809 Deo
3020 2754 3138 2820 est,
3182 2747 3263 2809 sit
3309 2747 3811 2811 substantialiter
3850 2749 3993 2810 divi-

2508 2865 2626 2906 nus
2671 2844 3033 2907 intellectus
3069 2862 3082 2906 :
3130 2846 3395 2908 omnino
3438 2865 3590 2927 ergo
3638 2866 3837 2928 purus
3882 2855 3985 2908 est.

2505 2943 2584 3005 At
2642 2960 2813 3016 vere,
2866 2950 3045 3005 actus
3104 2944 3323 3005 lumen
3386 2945 3701 3026 quoddam
3754 2953 3849 3008 est
3898 2962 3993 3028 po·

891 3043 1074 3122 l'luit3
1122 3062 1363 3117 rursuS,
1423 3042 1748 3123 objectum
1799 3049 1861 3104 et
1921 3041 2391 3123 intelligibilem
2430 3041 2475 3106 C
2510 3041 2771 3102 tentiam
2814 3041 3165 3116 illustranS,
3212 3051 3273 3104 et
3316 3045 3825 3126 unumquodque
3868 3063 3993 3126 per-

893 3142 1173 3224 speciem
1223 3141 1653 3203 necessarium
1703 3148 1800 3202 est
1845 3140 2251 3204 intellectivae
2298 3159 2396 3222 po·

890 3241 1104 3304 tentiae
1146 3239 1612 3321 proportionari
1649 3257 1661 3300 :
1699 3239 2002 3320 quoniam
2043 3258 2079 3300 a
2123 3239 2395 3320 digniori

894 3340 1170 3402 essentia
1217 3338 1366 3400 fluit
1413 3338 1600 3400 altior
1649 3338 1894 3415 virtus;
1940 3337 2050 3399 sed
2095 3345 2159 3399 et
2202 3337 2400 3399 subli-

897 3438 1080 3500 miori
1123 3437 1420 3518 potentiae
1460 3435 1730 3498 debetur
1774 3435 2179 3516 praestantius
2224 3435 2395 3516 obje-

898 3544 1094 3599 ctum.
1159 3535 1468 3616 Denique,
1530 3534 1610 3596 ab
1671 3533 2110 3596 excellentiori
2171 3543 2395 3615 agente

899 3642 1114 3697 manat
1169 3633 1336 3695 actio
1401 3632 1806 3710 honoratior;
1868 3632 2071 3694 virtus
2141 3650 2397 3714 quoque

899 3731 1250 3812 vigorosior
1292 3748 1403 3812 per
1442 3729 1888 3812 perfectiorem
1938 3728 2207 3791 l'ormam
2254 3747 2399 3811 ope-

899 3837 1093 3892 ratur.
1148 3829 1210 3892 Si
1271 3829 1465 3910 igitur
1518 3828 1582 3890 in
1642 3828 1769 3890 Deo
1818 3828 1952 3891 haec
2001 3828 2240 3902 omnia,
2292 3835 2401 3889 aut

901 3929 1128 3990 horum
1177 3927 1391 4008 aliqua
1440 3945 1580 4007 quae
1627 3945 1798 3988 nunc
1847 3925 2173 3988 nominata
2224 3935 2395 4000 sunt,

899 4034 1117 4109 utpote
1165 4044 1325 4099 esse,
1370 4042 1578 4105 agere,
1627 4025 1851 4097 virtus,
1900 4024 2106 4087 forma
2144 4025 2395 4105 agendi,

901 4133 964 4188 et
1008 4127 1217 4206 ipsum
1269 4141 1482 4203 agenS,
1529 4142 1565 4184 a
1609 4141 1675 4184 se
1722 4123 1997 4185 invicem
2048 4122 2146 4184 vel
2192 4142 2227 4184 a
2271 4124 2399 4186 Deo

2508 3140 2735 3201 ficiens
2757 3157 2773 3218 3
2803 3140 3061 3202 divinus
3098 3148 3312 3203 autem
3355 3141 3717 3204 intellectus
3751 3144 3991 3224 penitus

2506 3237 2772 3299 actualis
2802 3246 2921 3310 est,
2953 3245 3017 3300 et
3046 3256 3305 3320 semper
3336 3239 3401 3301 in
3430 3247 3574 3302 actu
3612 3259 3626 3301 :
3664 3259 3789 3304 non
3828 3240 3989 3304 enim

2508 3336 2639 3398 exit
2676 3336 3019 3417 aliquando
3062 3337 3140 3399 de
3180 3339 3461 3418 potentia
3510 3357 3620 3400 seu
3672 3339 3891 3401 habitu
3930 3331 3991 3400 in'

2506 3441 2740 3507 actum,
2802 3434 3104 3515 quoniam
3164 3453 3419 3517 semper
3478 3436 3544 3498 in
3602 3438 3845 3519 optima
3896 3437 3983 3498 sui

2506 3532 2923 3613 dispositione
2979 3532 3287 3594 consistit.
3342 3533 3751 3616 Consequens
3812 3535 3989 3615 igitur

2508 3628 2585 3690 fit
2627 3637 2695 3690 ut
2742 3630 2825 3690 sit
2864 3629 2928 3690 in
2972 3628 3107 3691 fine
3152 3631 3345 3692 totius
3398 3632 3693 3712 puritatis
3730 3632 3984 3695 invaria-

2508 3727 2722 3789 biliter
2759 3744 3194 3808 perseverans.
3227 3729 3543 3810 AmpliuS,
3576 3731 3742 3793 Deus
3784 3732 3983 3792 lumen

2507 3833 2603 3887 est
2660 3834 2887 3888 cuncta
2946 3826 3276 3900 irradianS‚
3330 3835 3394 3889 et
3448 3829 3589 3909 ejus
3640 3829 3985 3893 intellectus

2508 3931 2604 3985 est
2648 3923 3092 3985 universaliter
3131 3942 3324 4004 agens
3356 3941 3371 3986 t
3406 3925 3665 3988 divinus
3708 3945 3856 4009 ergo
3898 3926 3985 3987 in-

2508 4021 2799 4083 tellectus
2838 4020 3343 4084 substantialiter
3382 4023 3599 4086 lumen
3640 4033 3757 4100 est,
3789 4032 3853 4088 et
3888 4025 3983 4086 lux

2508 4120 2889 4202 simpliciter
2933 4118 3237 4202 perlecta.
3291 4121 3859 4203 Splendidissimus
3900 4131 3986 4186 est

901 4221 1442 4293 diversificentur‚
1466 4226 1620 4282 tunc
1651 4221 1752 4282 vel
1785 4220 2001 4282 omnia
2034 4221 2153 4282 ista
2184 4220 2399 4282 infini—
2427 4218 2475 4279 D
2510 4219 2703 4299 igitur
2756 4236 2830 4280 ac
2889 4219 3356 4300 superpulcher
3409 4228 3473 4283 et
3527 4222 3987 4302 pulcherrimus

899 4329 961 4384 ta
1003 4329 1172 4394 sunt,
1207 4321 1296 4382 sic
1341 4328 1410 4381 ut
1442 4321 1723 4400 ipsorum
1769 4319 2275 4403 unumquodque
2316 4321 2399 4383 sit

899 4419 1313 4503 perfectionis
1359 4417 1661 4497 inl'initae3
1694 4427 1802 4481 aut
1845 4417 2132 4500 quaedam
2181 4418 2400 4481 infini-

899 4527 962 4582 ta
992 4525 1140 4580 sunt
1171 4524 1235 4580 et
1263 4517 1552 4599 quaedam
1595 4535 1718 4579 non
1746 4535 1761 4595 ;
1793 4525 1902 4578 aut
1933 4523 2102 4579 certe
2145 4516 2395 4578 nullum

901 4617 1129 4680 horum
1173 4615 1503 4678 infinitum
1547 4623 1660 4677 est.
1697 4615 1816 4678 Sed
1861 4615 2120 4676 tertium
2168 4615 2396 4677 horum

899 4716 1026 4777 dici
1059 4732 1186 4777 non
1215 4721 1421 4796 potest
1444 4714 1603 4794 :jam
1635 4713 1808 4776 enim
1839 4731 2031 4793 supra
2063 4711 2397 4793 probatum

827 4820 1016 4887 1.est,
1058 4813 1348 4875 divinum
1389 4831 1529 4874 esse
1573 4813 1824 4893 penitus
1865 4811 2198 4873 inlinitum
2240 4810 2393 4874 fore.

897 4913 1116 4994 Neque
1173 4912 1454 4993 primum
1518 4918 1683 4972 stare
1749 4917 1954 4992 potest
2017 4927 2030 4970 τ
2093 4910 2393 4990 quoniam

809 5045 866 5075 tx.
896 5012 1088 5073 etiam
1123 5017 1580 5092 praeostensum
1614 5017 1728 5082 est,
1754 5009 1920 5091 quod
1955 5007 2242 5089 implicet
2272 5008 2399 5070 duo

894 5107 1276 5189 simpliciter
1317 5106 1600 5188 perlecta
1639 5125 1749 5168 seu
1784 5106 2038 5168 infinita
2069 5105 2391 5168 exsistere.

893 5205 1325 5269 Parisormiter
1355 5222 1471 5266 nec
1503 5204 1851 5266 secundum
1883 5204 2009 5266 dici
2043 5204 2394 5268 valettsive

2508 4337 2664 4399 ipse.

2585 4416 2851 4479 Proinde
2908 4433 2985 4478 ex
3052 4414 3152 4478 his
3220 4416 3630 4480 manifestum
3691 4419 3983 4492 efficitur,

2507 4515 2676 4596 quod
2710 4512 3029 4595 perfectus
3060 4513 3139 4575 sit
3171 4514 3427 4576 divinus
3469 4517 3829 4580 intellectus
3864 4536 3986 4580 om-

2508 4613 2663 4674 nino
2730 4620 2793 4673 et
2847 4611 3233 4674 omnimode.
3296 4613 3343 4674 A
3402 4633 3470 4676 se
3526 4616 3725 4690 enim,
3786 4617 3850 4679 in
3903 4636 3984 4689 se,

2510 4718 2573 4772 et
2611 4729 2688 4772 ex
2728 4729 2816 4783 se,
2851 4727 3106 4772 omnem
3150 4709 3248 4772 sui
3296 4709 3756 4792 perlectionem
3790 4713 3984 4781 habet,

2511 4810 2598 4870 nil
2632 4809 2987 4872 extrinsece
3018 4809 3414 4889 suscipiens:
3445 4809 3715 4893 ideoque
3746 4814 3985 4894 penitus

2510 4908 2944 4989 independens
2988 4914 3105 4980 est,
3148 4914 3210 4968 et
3253 4925 3319 4968 se
3365 4908 3577 4988 ipsum
3626 4911 3815 4992 plene
3856 4930 3985 4974 con-

2505 5007 2844 5088 templanS‚
2896 5005 3279 5068 aeternaliter
3325 5005 3446 5066 sibi
3496 5025 3625 5069 non
3674 5010 3983 5072 dumtaxat

2507 5105 2747 5180 unituS,
2796 5104 2905 5166 sed
2963 5102 3388 5165 essentialiter
3442 5124 3629 5168 unus,
3692 5108 3984 5172 Per-lectio

2505 5221 2737 5284 nempe
2789 5201 3149 5264 intellectus
3195 5208 3312 5274 est,
3360 5209 3430 5263 ut
3474 5203 3557 5265 sit
3606 5204 3981 5288 intelligibili

894 5305 1066 5367 enim
1115 5321 1311 5365 unum
1357 5309 1605 5364 tantum
1643 5301 1891 5364 dicatur
1935 5302 2286 5378 infinitum,
2329 5311 2392 5366 et
2500 5311 2563 5367 et
2604 5301 2843 5386 speciei
2887 5319 3013 5384 qua
3060 5299 3377 5382 intelligit,
3424 5301 3709 5384 perfecte
3756 5304 3974 5368 unitus⁶
