4300 6259
116 1153 159 1192 1⁹.

166 1864 314 1906 Ibidem.

113 5250 226 5299 eecli.
242 5270 261 5309 i,
276 5260 313 5310 9,

100 5318 151 5361 to.

890 494 969 543 DE
1010 494 1237 542 mmm-2
1278 492 1663 541 CHRISTIANAE
1705 491 2006 549 mecum,
2052 492 2230 539 LIBER
2273 494 2335 539 II.
2383 512 2464 521 —
2505 494 2642 540 ΛΒΤ.
2687 494 2842 539 xxm

3301 470 3422 538 415

336 668 394 730 in
434 666 657 730 Verbo.
692 666 829 731 Non
866 667 1041 729 enim
1083 666 1149 729 in
1189 665 1599 748 generatione
1628 662 1819 727 Verbi
1850 662 1901 725 A
1930 682 2093 737 eam,
2118 664 2366 728 scilicet
2386 664 2785 748 sapientiam,
2813 664 2877 727 in
2899 663 3138 747 Spiritu
3170 663 3420 737 Sancte,

336 774 421 829 est
476 766 767 849 accipere
826 784 953 829 non
1012 784 1153 829 esse
1202 774 1349 828 ante
1397 782 1559 837 esse,
1612 780 1821 844 neque

338 884 397 926 re
436 882 641 947 neque
686 864 1014 927 intellectu
1063 882 1077 925 ε
1124 864 1321 925 Filius
1365 879 1644 944 namque
1693 878 1821 922 non

338 982 407 1024 ex
450 980 575 1025 non
624 982 787 1038 esse,
840 963 951 1025 sed
1010 980 1088 1025 ex
1138 970 1401 1045 paterna
1448 968 1675 1023 natura
1720 977 1823 1040 ge-

226 1099 311 1133 ns,
340 1068 598 1123 neratur.
626 1062 873 1123 Dicitur
904 1062 1099 1143 igitur
1127 1060 1325 1123 Filius
1354 1078 1391 1121 a
1420 1078 1489 1123 se
1520 1077 1647 1121 non
1679 1075 1821 1140 pos-

340 1179 399 1222 se
440 1159 641 1222 facere
680 1160 1030 1242 quidquam
1068 1176 1081 1220 :
1117 1160 1267 1242 quia
1310 1158 1476 1221 sicut
1512 1176 1549 1221 a
1588 1176 1655 1219 se
1696 1174 1821 1219 non

341 1264 444 1329 est,
474 1256 563 1319 sic
592 1276 629 1318 a
660 1276 729 1320 se
760 1276 884 1321 non
918 1257 1111 1320 habet
1152 1257 1451 1319 virtutem
1492 1253 1817 1337 operandi.

340 1357 795 1427 Verumtamen,
832 1356 979 1418 licet
1018 1356 1266 1418 dicatur
1296 1355 1491 1417 Filius
1522 1374 1559 1415 a
1588 1372 1656 1415 se
1698 1371 1823 1415 non

341 1472 507 1535 posse
548 1454 902 1535 quidquam
945 1453 1174 1528 facere,
1209 1460 1417 1536 potest
1454 1460 1669 1515 tamen
1712 1469 1826 1533 per

340 1571 399 1614 se
442 1570 623 1633 agere
666 1569 681 1613 ε
725 1554 877 1634 quia
918 1552 1083 1614 sicut
1125 1572 1239 1635 per
1280 1552 1604 1635 propriam
1647 1558 1825 1612 natu-

340 1670 461 1711 ram
500 1668 537 1711 a
566 1650 744 1713 Patre
774 1659 1100 1733 acceptam
1132 1659 1249 1725 est,
1282 1650 1375 1713 sic
1415 1657 1479 1712 et
1517 1669 1631 1732 per
1662 1649 1825 1711 hanc

340 1750 527 1830 ipsam
567 1750 717 1831 agit.
752 1750 828 1812 Et
858 1750 978 1813 hoc
1008 1749 1350 1813 ostendunt
1388 1748 1583 1811 verba
1621 1747 1829 1811 Salva-

1930 771 1991 825 et
2039 761 2274 825 effudit
2322 764 2495 826 illam
2546 783 2740 847 super
2786 764 3000 826 omnia
3047 781 3240 845 opera
3288 782 3420 825 sua.

1932 862 2190 935 RursuS‚
2225 863 2396 944 quod
2439 863 2750 945 sapientia
2793 862 3029 925 dicitur
3073 868 3302 935 creata,
3338 862 3428 924 sic

1930 960 2137 1042 accipi
2171 969 2378 1043 potest
2413 962 2601 1044 :quia
2630 961 2709 1024 ab
2744 960 2946 1035 initio,
2982 960 3113 1024 imo
3142 959 3223 1023 ab
3251 968 3428 1023 aeter-

1933 1075 2035 1131 nc,
2073 1059 2340 1140 praevisa
2382 1068 2478 1122 est
2519 1068 2822 1122 creaturae
2873 1058 3064 1121 uniri.
3099 1058 3220 1121 Sed
3266 1059 3432 1121 sicut

1935 1174 2049 1238 per
2092 1157 2402 1219 Hilarium
2447 1164 2634 1241 patet,
2669 1158 3132 1240 praeallegatam
3181 1158 3258 1219 de
3302 1176 3430 1219 cre-

1932 1255 2144 1317 atione
2174 1262 2365 1337 atque
2404 1256 2812 1338 generatione
2851 1256 3179 1337 sapientiae
3218 1263 3431 1317 aucto·

1936 1354 2212 1426 ritatem,
2274 1353 2564 1437 Synodus
2623 1354 2807 1416 aliter
2871 1354 3154 1436 exponit,
3211 1354 3432 1415 dicens

1934 1452 2312 1533 sapientiam
2364 1460 2425 1515 et
2467 1460 2741 1515 creatam
2791 1460 2856 1515 et
2893 1454 3176 1533 genitam
3218 1452 3432 1535 appel-

1938 1550 2074 1625 lari,
2122 1558 2194 1613 ut
2235 1551 2420 1614 nobis
2462 1552 2694 1615 divinae
2735 1552 3162 1632 generationis
3207 1553 3436 1614 modus

1935 1649 2216 1732 perfecte
2261 1650 2638 1713 insinuetur.
2687 1652 2841 1713 Nam
2891 1652 2953 1713 in
3001 1652 3433 1733 generatione,

1933 1748 2220 1829 genitum
2253 1749 2490 1832 accipit
2517 1757 2806 1811 naturam
2839 1750 3238 1832 generantis:
3265 1751 3435 1833 quod

342 1848 502 1921 toriS‚
542 1848 697 1909 dum
742 1848 833 1910 ait
875 1866 889 1911 :
931 1849 1359 1931 Quaecumque
1408 1847 1517 1909 ille
1551 1847 1827 1927 (scilicet
1852 1847 1900 1910 B
1938 1846 2160 1929 utique
2207 1846 2618 1929 perfectionis
2665 1855 2777 1911 est.
2816 1848 2935 1911 Sed
2981 1849 3044 1911 in
3087 1849 3438 1930 generatio·

340 1946 529 2025 Pater)
569 1945 743 2019 facit,
785 1946 921 2009 haec
960 1953 1025 2009 et
1066 1946 1263 2009 Filius
1311 1946 1609 2009 similiter
1650 1944 1821 2007 facit.

414 2045 645 2117 Denu0‚
665 2044 835 2126 quod
868 2044 1063 2106 Filius
1085 2044 1247 2107 Patri
1278 2044 1539 2107 obedire
1568 2044 1823 2117 dicitur,

342 2142 535 2224 palam
578 2142 656 2204 ad
696 2150 987 2204 naturam
1020 2142 1194 2205 illam
1236 2144 1557 2226 pertinere
1602 2161 1827 2204 secun·

342 2241 485 2303 dum
521 2259 713 2323 quam
765 2248 1034 2303 mortem
1080 2241 1288 2303 crucis
1334 2240 1552 2304 subire
1598 2240 1821 2323 potuit.

342 2340 451 2401 Sed
481 2340 649 2421 quod
680 2339 989 2401 Dominus
1034 2340 1143 2413 ait,
1176 2357 1302 2403 non
1342 2358 1481 2401 esse
1524 2339 1647 2413 sui,
1679 2338 1827 2401 dare

343 2440 399 2500 in
446 2456 638 2519 regno
686 2456 803 2501 suo
852 2456 1071 2501 secum
1132 2439 1351 2501 sedere
1402 2438 1502 2500 vel
1551 2438 1629 2500 ad
1679 2439 1827 2501 dex—

347 2546 529 2599 teram
585 2536 686 2599 vel
746 2535 1097 2611 sinistram,
1149 2536 1343 2599 etiam
1400 2537 1478 2598 ad
1527 2537 1827 2598 virtutem

344 2644 569 2699 naturae
606 2642 952 2717 assumptae
996 2636 1289 2717 pertinet.

414 2734 584 2807 Quod
614 2751 765 2796 vero
796 2733 955 2795 dicit
992 2751 1059 2795 se
1099 2733 1389 2815 ignorare
1429 2734 1507 2796 de
1546 2733 1649 2796 die
1696 2732 1827 2805 illo,

344 2850 459 2894 non
498 2840 593 2895 est
631 2832 725 2894 sic
773 2830 1223 2914 accipiendum
1261 2839 1565 2914 tanquam
1601 2832 1833 2895 adven·

342 2937 435 2991 tus
463 2930 561 2992 sui
602 2929 825 2992 horam
866 2929 1063 2991 Filius
1105 2946 1231 2993 non
1274 2937 1595 3011 agnoscat,
1629 2948 1829 3012 quum

212 3062 317 3101 ian,
344 3028 461 3090 sint
490 3027 553 3090 in
591 3045 669 3091 eo
697 3044 923 3091 omnes
954 3027 1282 3109 sapientiae
1320 3037 1511 3111 atque
1548 3028 1829 3092 scientiae
1865 3030 1908 3093 C

344 3126 610 3189 thesauri
642 3126 1023 3201 absconditi,
1042 3128 1398 3190 secundum
1429 3127 1825 3211 Apostolum,

228 3232 399 3293 n.1‚et
426 3225 617 3287 Filius
636 3225 774 3307 (qui
806 3226 1161 3288 secundum
1179 3226 1621 3299 Ioannem,est
1651 3226 1715 3287 in
1747 3225 1829 3288 si·

342 3344 421 3386 nu
442 3325 549 3387 Dei
582 3323 1032 3405 Patris)ipsum
1062 3324 1249 3387 etiam
1275 3325 1516 3387 Patrem
1549 3323 1829 3407 perfecte

340 3430 646 3503 agnoscat,
692 3422 860 3484 sicut
900 3430 1045 3485 ante
1094 3422 1317 3503 patuit.
1356 3423 1597 3486 Dicitur
1638 3423 1832 3504 igitur

343 3522 527 3583 Filius
557 3522 847 3602 ignorare
878 3521 1097 3583 horam
1130 3521 1328 3595 illam,
1362 3522 1513 3602 quia
1544 3540 1659 3603 per
1699 3540 1829 3584 mo·

341 3621 485 3681 dum
524 3618 871 3702 ignorantis
913 3636 981 3681 se
1020 3616 1264 3691 habuit,
1297 3619 1449 3680 dum
1495 3619 1830 3702 discipulis

342 3718 465 3781 suis
506 3718 793 3781 eamdem
842 3716 1125 3779 revelare
1173 3717 1395 3779 noluit.
1444 3717 1547 3779 Sic
1594 3736 1829 3800 nempe

345 3816 569 3879 dicitur
620 3817 787 3879 Deus
838 3814 1171 3897 poenitere,
1212 3816 1362 3898 quia
1424 3816 1501 3877 ad
1566 3817 1829 3880 modum

344 3916 700 3997 poenitentis
748 3933 815 3976 se
864 3914 1077 3987 habet,
1121 3932 1245 3976 non
1296 3915 1471 3977 velut
1512 3917 1721 3997 passio
1770 3916 1827 3978 ei

343 4016 503 4077 insit.
556 4014 662 4077 Est
708 4013 951 4095 quippe
1012 4012 1355 4095 Scripturae
1412 4015 1827 4088 consuetude,

343 4122 407 4175 ut
436 4115 597 4176 Deus
625 4113 875 4174 dicatur
911 4110 1155 4192 aliquid
1196 4129 1599 4192 cognoscere,
1632 4132 1831 4195 quan-

1936 1944 2127 2007 nibus
2178 1965 2336 2027 quas
2385 1963 2497 2008 nos
2549 1947 2895 2022 cernimuS,
2939 1967 3248 2030 generans
3299 1967 3436 2010 mu-

1936 2052 2104 2107 tatur
2167 2062 2181 2106 :
2243 2046 2412 2127 quod
2482 2045 3034 2128 imperfectionem
3104 2055 3302 2109 sonat.
3367 2048 3434 2109 ln

1934 2143 2254 2206 creatione
2312 2152 2549 2217 autem,
2603 2151 2886 2206 creatum
2937 2145 3211 2207 creantis
3261 2154 3441 2208 natu-

1936 2260 2068 2303 ram
2122 2258 2248 2303 non
2300 2241 2550 2322 recipit,
2597 2243 2707 2305 scd
2753 2261 2972 2305 creans
3023 2242 3443 2307 incommuta-

1938 2338 2067 2401 bile
2098 2348 2485 2421 perseverat.
2509 2340 2704 2403 Filius
2738 2340 2950 2423 itaque
2979 2341 3216 2403 dicitur
3245 2343 3440 2405 simul

1938 2446 2001 2500 et
2046 2445 2294 2501 creatus
2340 2445 2404 2500 et
2445 2440 2720 2519 genituS,
2767 2448 2838 2501 ut
2885 2458 2961 2501 ex
3007 2440 3266 2503 nomine
3311 2460 3441 2504 cre·

1936 2537 2168 2599 ationis
2230 2536 2620 2619 intelligatur
2675 2538 2871 2601 Patris
2930 2539 3438 2615 immutabilitaS,

1938 2656 2015 2699 ex
2064 2637 2492 2717 generationis
2541 2656 2694 2701 vero
2742 2639 3002 2701 nomine
3053 2639 3118 2702 in
3169 2648 3439 2723 utroque

1937 2734 2292 2817 accipiatur
2333 2744 2574 2799 naturae
2616 2737 2842 2799 unitas,

2294 2955 2784 3020 ARTICULUS
2829 2956 3086 3021 XXIII.

1940 3078 2182 3137 Contra
2225 3079 2591 3153 opinionem
2638 3078 2921 3139 photini
2962 3082 3042 3139 de
3083 3081 3440 3140 divinitate

2585 3169 2795 3229 Verbi.

2080 3324 2406 3399 NTIQUOS
2461 3333 2676 3389 autem
2735 3326 3066 3391 haereticos
3131 3328 3440 3391 Ebionem

2107 3430 2172 3485 et
2219 3422 2591 3485 Cerinthum
2649 3430 2714 3486 et
2771 3425 3032 3487 Paulum
3093 3425 3442 3489 Samosate-

1940 3540 2097 3583 num
2141 3521 2446 3583 Photinus
2484 3530 2764 3597 secutus,
2797 3524 2959 3586 dixit
2997 3524 3316 3588 Christum
3345 3526 3442 3588 Je-

1940 3639 2085 3681 sum
2144 3638 2272 3683 non
2331 3638 2470 3683 esse
2519 3619 2630 3682 Dei
2681 3621 2911 3684 Filium
2963 3642 3078 3705 per
3125 3632 3440 3699 naturam,

1941 3719 2051 3779 sed
2120 3737 2233 3799 per
2289 3718 2652 3798 adoptionis
2719 3720 3008 3800 gratiam.
3073 3722 3248 3783 Unde
3317 3742 3444 3785 una

1941 3818 2269 3879 dumtaxat
2327 3825 2572 3891 natura,
2634 3817 2932 3881 videlicet
2990 3819 3290 3894 humana,
3353 3840 3444 3885 se—

1942 3916 2226 3978 cundum
2258 3914 2620 3989 photinum,
2655 3924 2750 3978 est
2781 3916 2845 3979 in
2878 3918 3146 3981 Christo.
3183 3918 3258 3981 Et
3299 3938 3441 4001 pro-

1942 4022 2081 4096 pter
2120 4013 2336 4093 gratiae
2383 4013 2850 4089 excellentiam,
2883 4014 3080 4078 beatae
3124 4016 3270 4080 vitae
3317 4038 3443 4081 me-

1940 4112 2135 4173 ritum
2193 4130 2266 4172 ac
2327 4112 2549 4174 mortis
2608 4111 3031 4187 tolerantiam,
3083 4114 3173 4176 ait
3224 4116 3440 4179 Iesum

340 4214 415 4275 do
459 4213 601 4275 aliis
637 4211 717 4273 de
764 4209 982 4291 aliquo
1030 4210 1459 4290 cognitionem
1510 4219 1763 4293 praestat
1813 4214 1911 4275 :D
1941 4230 2069 4294 prae
2118 4210 2345 4272 ceteris
2396 4228 2534 4272 esse
2586 4210 2697 4272 Dei
2747 4211 2974 4273 Filium
3026 4230 3039 4275 :
3083 4230 3209 4277 non
3259 4216 3440 4297 quasi

342 4312 499 4373 sicut
556 4310 620 4373 in
680 4310 910 4373 Genesi
958 4307 1280 4381 scribitur,
1332 4308 1513 4371 Nunc
1564 4311 1830 4391 cognovi

341 4412 503 4493 quod
534 4410 759 4473 timeas
789 4407 1234 4482 Dominum,id
1265 4416 1570 4482 est,nunc
1602 4426 1829 4489 cogno-

341 4528 509 4573 scere
551 4507 693 4571 feci.
728 4506 1054 4589 Numquid
1100 4505 1275 4569 enim
1320 4515 1465 4568 ante
1512 4507 1677 4569 Deus
1722 4526 1831 4571 cor

338 4608 597 4671 Abrahae
638 4606 1009 4669 nesciebat?
1040 4604 1141 4667 Sic
1188 4605 1381 4687 igitur
1426 4625 1539 4688 per
1576 4607 1829 4688 opposi-

340 4712 469 4767 tum
500 4706 735 4768 dicitur
766 4705 962 4767 Filius
995 4704 1305 4785 ignorare,
1340 4704 1490 4786 quia
1520 4722 1647 4767 non
1678 4703 1831 4766 facit

338 4822 449 4867 nos
490 4805 673 4867 scire.

412 4904 587 4977 Quod
641 4910 855 4964 autem
914 4899 1225 4983 sapientia
1292 4900 1527 4962 dicitur
1594 4910 1825 4975 creata,

340 5019 459 5064 non
502 5019 763 5063 necesse
810 5008 907 5061 est
952 4999 1157 5081 accipi
1207 4999 1286 5060 de
1334 4999 1645 5080 sapientia
1688 5019 1829 5082 quae

340 5107 432 5163 est
476 5099 587 5161 Dei
646 5099 864 5172 Filius,
916 5098 1025 5160 sed
1084 5098 1162 5160 de
1210 5116 1283 5160 ea
1332 5117 1521 5179 quam
1572 5097 1829 5161 entibus

340 5199 563 5261 creatis
610 5198 841 5260 indidit
886 5197 1052 5259 Deus
1104 5212 1119 5256 x
1170 5196 1714 5278 quemadmodum
1763 5198 1827 5259 in

343 5296 781 5361 Ecclesiastico
842 5294 1158 5378 scriptum
1214 5303 1333 5369 est,
1393 5295 1535 5378 lpse
1591 5296 1830 5359 creavit

1943 4310 2079 4391 ipse
2124 4309 2302 4371 Matri
2347 4309 2579 4389 virgini
2627 4310 3091 4391 praeexstiterit,
3139 4314 3250 4376 sed
3295 4315 3444 4397 quia

1942 4426 2019 4469 ex
2068 4426 2141 4469 ea
2190 4406 2445 4469 initium
2507 4408 2876 4489 sumpserit,
2929 4428 3129 4491 quum
3182 4412 3266 4474 sit
3318 4415 3442 4493 (se-

1943 4506 2225 4567 cundum
2285 4506 2464 4585 eum)
2513 4525 2712 4588 purus
2760 4506 2970 4570 homo.
3025 4509 3194 4572 Hanc
3257 4528 3444 4593 porro

1943 4602 2714 4685 positionem,Photiniani
2741 4604 3028 4669 stabilire
3054 4609 3262 4670 conati
3295 4617 3445 4671 sunt

1940 4720 2133 4764 sacrae
2166 4702 2510 4783 Scripturae
2541 4703 2926 4765 testimoniis
2967 4704 3204 4786 quibus
3234 4716 3442 4770 osten-

1940 4802 2004 4863 di
2068 4808 2298 4883 potest,
2360 4801 2667 4883 quosdam
2728 4801 2838 4863 Dei
2899 4802 3068 4865 filios
3125 4812 3232 4865 aut
3291 4806 3442 4869 deos

1942 4899 2324 4981 nuncupari,
2377 4917 2503 4960 non
2564 4898 2714 4980 quia
2763 4900 3165 4963 divinitatem
3224 4922 3439 4966 veram

1890 5058 1899 5066 ,
1940 4998 2314 5069 sortiuntur,
2348 4998 2459 5058 sed
2503 4997 2654 5077 quia
2685 4997 2794 5059 Dei
2837 4998 3038 5078 gratia
3071 4999 3440 5081 implentur,

1939 5105 2001 5159 et
2041 5095 2482 5177 justificantur
2517 5114 2590 5157 ac
2629 5094 2954 5177 eliguntur
2990 5114 3003 5158 :
3039 5106 3110 5160 ut
3147 5107 3244 5161 est
3283 5084 3441 5163 illud

1934 5195 2204 5267 loannis,
2219 5194 2402 5256 Dedit
2431 5195 2522 5257 eis
2545 5202 2911 5277 potestatem
2944 5195 3109 5260 filios
3128 5199 3240 5261 Dei
3274 5199 3436 5263 fieri.
3473 5199 3538 5239 ¹²·

1944 5296 2020 5356 Et
2058 5294 2225 5357 sicut
2259 5294 2338 5356 ad
2375 5294 2632 5377 Moysen
2661 5294 2826 5357 Deus
2869 5295 3052 5373 dixit,
3086 5297 3250 5362 Ecce
3293 5318 3440 5363 con·
3468 5328 3508 5369 ι.

3511 5131 3675 5179 loann.
3705 5149 3736 5188 ι,

3495 5260 3641 5304 Εωοά.
3659 5274 3734 5315 vu,
