4300 6259
908 478 1029 544 394
1524 498 1604 545 nn
1645 498 1873 545 unum
1916 497 2298 545 cumsruna
2337 497 2640 556 rumam,
2683 499 2860 546 numi
2901 500 2963 547 11.
3010 518 3091 529 —
3130 500 3268 547 aar.
3313 502 3401 549 vu

906 670 1053 753 plus
1082 670 1371 745 exaltata,
1394 689 1472 735 eo
1500 690 1761 736 necesse
1791 680 1887 736 est
1915 679 2243 736 causatum
2274 690 2404 735 am·
2431 669 2486 737 A
2511 672 2662 735 ralis
2711 674 3080 757 capacitatis
3127 675 3385 758 penitus
3431 674 3678 739 excedit
3720 692 3734 737 :
3783 681 3848 737 ut
3883 684 3961 738 est

906 770 1079 853 plius
1108 770 1372 834 subesse
1407 778 1473 834 et
1517 789 1737 853 parere
1781 770 1999 834 virtuti
2044 790 2270 835 causae.·
2305 771 2405 834 Di-

906 870 1057 933 vina
1096 877 1307 934 autem
1354 870 1556 933 virtus
1599 878 1698 933 est
1739 870 1943 933 virtus
1986 871 2298 933 virtutum
2343 880 2407 934 et

906 968 1275 1031 omnimode
1314 967 1651 1031 illimitata.
1694 967 1920 1032 Omnia
1955 986 2106 1050 ergo
2155 969 2214 1031 ei
2260 968 2406 1033 obe-

906 1065 1043 1129 dire
1083 1074 1350 1149 oportet,
1396 1074 1461 1130 et
1499 1067 1639 1149 ipsa
1678 1068 1757 1130 ad
1804 1068 2056 1130 nullum
2095 1068 2402 1131 effectum

908 1164 1329 1227 determinata
1375 1172 1474 1228 est
1520 1165 1703 1247 quasi
1746 1165 1933 1228 aliter
1973 1167 2223 1248 operari
2275 1184 2402 1229 non

910 1263 1129 1344 possit.
1175 1263 1421 1337 Adhuc,
1453 1264 1665 1326 omnis
1705 1264 1860 1327 ordo
1902 1283 2140 1339 rerum,
2182 1272 2246 1327 et
2287 1264 2404 1327 dif-

906 1359 1191 1426 ferentiae
1238 1361 1621 1443 specierum,
1673 1369 1738 1423 et
1785 1362 2139 1444 proprietas
2195 1362 2404 1426 omnis

904 1458 1152 1521 entium
1184 1467 1561 1535 creatorum,
1595 1478 1673 1523 ex
1718 1460 2192 1542 sapientissimo
2231 1460 2404 1525 fonte

906 1558 1108 1621 divini
1171 1557 1533 1621 intellectus
1590 1566 2070 1622 emanaverunt.
2122 1560 2260 1623 Non
2309 1568 2407 1623 est

909 1657 1123 1739 itaque
1171 1658 1327 1721 ordo
1375 1677 1588 1721 rerum
1638 1659 1731 1721 sic
1779 1678 1816 1721 a
1864 1659 1991 1723 Deo
2049 1659 2402 1733 institutuS,

909 1763 981 1818 ut
1027 1764 1257 1839 praeter
1312 1775 1463 1820 eum
1518 1756 1717 1819 alium
1766 1758 2037 1821 condere
2093 1758 2405 1840 aliterque

2509 791 2820 855 aquarum
2863 772 3094 837 divisio
3127 782 3197 836 ut
3235 773 3707 837 transeuntibus
3745 773 3856 835 iter
3878 794 3962 856 pa-

2511 878 2660 943 teat,
2693 879 2758 933 et
2794 872 3163 935 earumdem
3193 873 3484 935 ascensio
3513 872 3580 934 in
3617 872 3816 935 eodem
3847 872 3963 935 loco

2511 988 2639 1051 quo
2668 969 3042 1033 naturaliter
3069 971 3457 1035 descendere
3485 971 3750 1033 student.
3781 970 3962 1032 Enim-

2511 1084 2890 1150 vero,agens
2922 1076 3206 1132 creatum
3236 1088 3436 1152 quum
3465 1070 3550 1132 sit
3578 1069 3843 1133 limitatae
3865 1069 3966 1131 vir·

2512 1165 2688 1239 tutis,
2742 1166 3014 1249 requirit
3068 1167 3432 1248 subjectum
3493 1168 3558 1229 in
3615 1167 3774 1248 quod
3825 1176 3962 1247 agat,

2511 1270 2577 1325 et
2618 1263 2708 1326 nil
2758 1264 3129 1346 imprimere
3169 1272 3376 1347 potest
3424 1266 3490 1327 in
3535 1264 3710 1338 illud,
3748 1264 3859 1327 nisi
3900 1265 3966 1326 ad

2512 1362 2682 1444 quod
2741 1363 3104 1444 subjectum
3165 1369 3301 1426 erat
3361 1363 3428 1425 in
3497 1362 3788 1445 potentia.
3843 1364 3967 1425 Ideo

2512 1461 2751 1523 etenim
2784 1461 3055 1543 requirit
3095 1462 3484 1544 subjectum,
3516 1462 3666 1544 quia
3699 1480 3817 1524 non
3853 1468 3966 1543 pot-

2511 1566 2610 1621 est
2665 1560 2916 1641 operari
2975 1559 3101 1623 nisi
3161 1562 3518 1624 seeundum
3569 1560 3815 1623 modum
3859 1580 3968 1621 suae

2513 1658 2791 1733 virtutis,
2814 1677 2958 1741 quae
2988 1659 3259 1722 limitata
3287 1667 3385 1723 est
3414 1668 3478 1722 et
3507 1658 3968 1741 correspondens

2511 1756 2811 1838 potentiae
2842 1756 2935 1818 illi
2976 1759 3245 1839 passivae
3283 1776 3425 1840 quae
3463 1755 3824 1820 naturaliter
3845 1755 3972 1817 sub-

907 1872 1093 1936 agere
1132 1872 1260 1917 non
1300 1855 1503 1937 possit
1544 1872 1558 1916 :
1591 1855 1831 1937 alioqui
1870 1872 1997 1917 non
2038 1855 2260 1928 libere,
2293 1855 2404 1918 sed
2432 1857 2481 1920 B
2510 1853 2681 1935 jecto
2721 1854 2887 1917 inest
2918 1872 2934 1917 t
2967 1862 3038 1917 ut
3077 1855 3377 1918 videlicet
3416 1855 3704 1917 traducat
3737 1853 3882 1915 illud
3917 1853 3968 1915 in

908 1952 1287 2016 necessitate
1326 1953 1597 2035 quadam
1638 1952 1967 2015 institutus
2004 1961 2190 2016 esset.
2224 1954 2406 2016 Nunc

908 2050 1103 2132 igitur
1160 2051 1367 2133 palam
1428 2058 1545 2124 est,
1608 2052 1776 2133 quod
1844 2057 2072 2133 praeter
2128 2052 2404 2114 inditum

906 2148 1099 2212 rebus
1127 2148 1418 2210 ordinem
1459 2148 1659 2230 possit
1698 2149 1863 2212 Deus
1902 2150 2149 2231 operari
2187 2168 2202 2211 :
2235 2150 2404 2232 quod

907 2254 1006 2310 est
1049 2246 1430 2309 miraculose
1472 2266 1675 2328 agere.

989 2346 1298 2427 Denique,
1351 2346 1521 2426 quod
1569 2346 1635 2408 id
1688 2346 1901 2428 ipsum
1948 2346 2184 2409 divinae
2230 2354 2404 2428 pote-

908 2443 1056 2506 stati
1114 2444 1441 2506 dumtaxat
1491 2450 1831 2526 competat,
1884 2443 2209 2526 probatur.
2261 2445 2406 2508 Sola

909 2543 1117 2624 prima
1166 2561 1357 2605 causa
1412 2551 1510 2605 est
1565 2561 1757 2624 agens
1816 2549 1992 2605 extra
2047 2560 2292 2623 genus3
2341 2553 2405 2606 et

905 2640 1116 2704 omnis
1165 2660 1355 2704 causa
1402 2642 1683 2705 secunda
1732 2650 1923 2724 atque
1963 2649 2193 2716 creata,
2235 2660 2404 2705 com-

905 2740 1221 2822 prehensa
1250 2748 1347 2802 est
1374 2739 1495 2802 sub
1524 2740 1748 2804 ordine
1777 2759 1965 2823 quem
1996 2740 2220 2803 statuit
2237 2742 2403 2803 Deus

905 2840 972 2901 in
1002 2839 1195 2901 rebus
1230 2857 1243 2901 :
1278 2838 1455 2900 nulla
1485 2856 1636 2919 ergo
1666 2846 1954 2901 creatura
1980 2856 2166 2919 agere
2198 2846 2406 2920 potest

905 2944 1136 3019 praeter
1190 2937 1362 2999 hunc
1410 2937 1701 3000 ordinem
1755 2954 1769 2998 ε
1820 2953 1946 2999 non
1997 2954 2148 3017 ergo
2196 2944 2406 3018 potest

2513 1960 2728 2015 actum
2786 1953 2957 2035 quod
3016 1960 3152 2015 erat
3210 1952 3276 2016 in
3336 1952 3638 2035 potentia.
3689 1952 3755 2013 In
3809 1950 3972 2013 mira-

2513 2049 2750 2113 culosis
2807 2059 3020 2114 autem
3080 2050 3330 2113 actibus
3388 2050 3558 2114 fiunt
3602 2068 3676 2113 ea
3728 2050 3801 2111 ad
3852 2068 3972 2130 quae

2513 2156 2740 2211 natura
2786 2167 2864 2211 ex
2911 2168 3025 2211 sua
3073 2150 3288 2231 specie
3335 2148 3514 2211 nullo
3564 2148 3744 2211 modo
3786 2147 3846 2209 in
3885 2164 3974 2228 po·

2512 2246 2714 2309 tentia
2741 2247 2991 2310 exsistit
3024 2264 3037 2309 τ
3072 2255 3143 2309 ut
3171 2247 3323 2310 solis
3353 2246 3748 2319 retrocessio,
3776 2252 3836 2308 et
3859 2262 3972 2307 cor-

2516 2362 2746 2428 porum
2787 2346 3160 2427 penetratio.
3195 2344 3521 2419 Praeterea,
3554 2344 3834 2426 ejusdem
3867 2342 3972 2405 vir-

2513 2443 2668 2506 tutis
2711 2451 2809 2505 est
2852 2451 3147 2507 naturam
3190 2461 3426 2517 creare,
3459 2450 3524 2505 et
3565 2442 3722 2505 illud
3764 2449 3974 2505 naturae

2515 2540 2729 2621 largiri
2777 2542 2948 2623 quod
3003 2541 3207 2624 ipsius
3255 2541 3560 2604 virtutem
3608 2547 3669 2603 et
3724 2538 3972 2621 speciem

2516 2657 2776 2721 prorsus
2821 2640 3074 2703 excedit
3122 2656 3137 2701 ε
3186 2659 3334 2703 nam
3382 2640 3450 2701 in
3498 2638 3610 2702 tali
3654 2638 3975 2700 influxione

2517 2738 2866 2819 largientiS,
2902 2738 3266 2819 subjectum
3311 2756 3440 2802 non
3483 2738 3824 2821 requiritur
3862 2752 3978 2817 pro-

2515 2843 2658 2918 pter
2686 2835 3164 2918 proportionem
3195 2836 3296 2898 sui
3325 2836 3406 2897 ad
3437 2836 3738 2899 virtutem
3779 2851 3976 2895 causae.

2514 2934 2624 2997 sed
2654 2933 2862 2996 solum
2902 2942 2972 2996 ut
3013 2934 3282 3016 recipiat
3319 2932 3804 3016 impressionem
3839 2931 3977 3011 ejus.

906 3035 1287 3098 miraculose
1336 3035 1606 3116 operari.
1649 3036 1975 3108 Praeterea,
2021 3035 2232 3097 omnis
2281 3035 2402 3096 vir·
2432 3033 2476 3097 C
2515 3032 2716 3113 Agere
2763 3039 2976 3095 autem
3025 3032 3090 3095 in
3137 3032 3504 3114 subjectum
3549 3030 3650 3093 vel
3695 3038 3978 3097 naturam,

904 3139 1009 3194 tus
1068 3140 1275 3195 creata
1334 3132 1602 3196 limitata
1659 3142 1777 3207 est,
1829 3140 1893 3195 et
1942 3151 2067 3195 non
2117 3133 2404 3195 extendit

907 3250 975 3293 se
1024 3230 1188 3293 ultra
1237 3238 1527 3293 naturam
1586 3240 1651 3294 et
1705 3232 2080 3313 dignitatem
2132 3232 2404 3313 propriae

906 3329 1164 3411 speciei.
1218 3329 1404 3393 Posse
1452 3331 1648 3405 enim,
1701 3349 1826 3393 non
1888 3331 2138 3393 excedit
2196 3350 2405 3412 neque

907 3429 1309 3511 praestantius
1348 3437 1444 3491 est
1481 3448 1673 3512 quam
1714 3448 1872 3492 esse.
1906 3428 2226 3510 Quidquid
2257 3446 2406 3509 ergo

910 3534 1201 3589 creatura
1256 3528 1407 3608 agit,
1467 3546 1593 3590 non
1654 3528 2047 3591 transcendit
2114 3528 2404 3589 ordinem

906 3624 1099 3688 rebus
1146 3625 1445 3700 inditum,
1496 3645 1706 3708 neque
1754 3626 2004 3689 excedit
2052 3625 2406 3687 naturalem

910 3724 1114 3803 legem
1183 3742 1417 3787 rerum.
1478 3725 1796 3805 AmpliuS,
1858 3722 1999 3804 ejus
2059 3723 2252 3785 solius
2311 3730 2408 3785 est

909 3822 1289 3884 miraculose
1318 3841 1525 3903 agere,
1561 3823 1665 3884 cui
1698 3829 1924 3884 natura
1955 3828 2164 3884 creata
2191 3819 2407 3883 obedit

909 3920 1075 3981 ultra
1122 3926 1186 3982 et
1234 3939 1428 4003 supra
1484 3920 1809 4002 propriam
1859 3920 2139 4001 speciem
2189 3926 2251 3981 et
2308 3937 2408 3981 ca·

908 4018 1266 4101 pacitatem.
1302 4018 1405 4082 Sic
1443 4027 1658 4081 autem
1699 4018 1859 4081 nulli
1901 4017 2163 4081 obedire
2204 4024 2411 4099 potest

911 4117 1035 4181 nisi
1084 4117 1356 4200 imperio
1406 4118 1739 4191 CreatoriS,
1788 4116 1974 4198 cujus
2022 4116 2226 4179 virtus
2274 4135 2408 4179 om-

2514 3132 2652 3193 sine
2713 3130 3126 3214 proportione
3184 3138 3249 3192 et
3307 3130 3581 3193 naturali
3639 3126 3982 3191 habitudine

2513 3246 2722 3293 causae
2765 3237 2830 3292 et
2877 3229 3141 3302 causati,
3186 3247 3314 3293 non
3361 3237 3461 3291 est
3503 3228 3628 3291 nisi
3683 3226 3982 3291 illimitatae

2513 3337 2576 3393 et
2617 3327 2888 3391 infinitae
2929 3328 3209 3402 virtutis,
3243 3328 3347 3390 cui
3387 3326 3504 3391 soli
3547 3325 3842 3391 convenit
3871 3342 3981 3385 cre·

2514 3446 2639 3490 are.
2675 3426 2936 3488 Infinita
2974 3432 3191 3489 autem
3229 3425 3432 3489 virtus
3469 3443 3598 3488 non
3639 3425 3761 3487 nisi
3801 3423 3982 3505 primo

2515 3526 2725 3607 agenti
2776 3524 3089 3606 congruit.
3141 3523 3350 3587 Solius
3399 3540 3550 3604 ergo
3599 3523 3712 3586 Dei
3757 3529 3846 3585 est
3887 3518 3982 3581 mi-

2518 3624 2806 3686 raculose
2853 3640 3056 3704 agere.
3109 3624 3371 3703 Propter
3420 3622 3589 3703 quod
3639 3622 3705 3683 in
3763 3619 3979 3683 Psalmo

2515 3722 2751 3786 dicitur
2785 3738 2798 3783 :
2831 3721 3212 3785 Benedictus
3243 3720 3550 3784 Dominus
3591 3720 3756 3783 Deus
3791 3716 4192 3786 Israel,1²s.m=.¹³.

2516 3822 2626 3904 qui
2670 3819 2824 3883 facit
2866 3819 3185 3882 mirabilia
3225 3819 3417 3882 solus.

2924 4087 3416 4153 ARTICULUS
3461 4086 3612 4151 VII.

906 4234 1056 4278 nem
1092 4223 1382 4277 naturam
1414 4217 1914 4297 supergreditur.
1948 4216 2158 4278 Potest
2195 4223 2406 4277 tamen
2440 4212 2489 4275 D
2521 4229 2760 4288 Contra
2836 4227 3226 4303 positionem
3295 4227 3672 4297 Avieennae,
3743 4225 3985 4287 volentis

912 4315 1180 4378 inferius
1225 4315 1434 4396 agenti
1481 4315 1795 4397 superiori
1840 4314 2101 4378 obedire
2148 4323 2213 4377 et
2260 4315 2408 4377 sub-

910 4414 1174 4491 servire,
1239 4413 1525 4494 recipere
1582 4414 1774 4476 etiam
1832 4414 2112 4495 aliquam
2181 4414 2408 4494 agendi

909 4512 1270 4576 efficaciam
1303 4530 1496 4594 quam
1529 4529 1654 4574 non
1686 4511 1878 4575 habet
1915 4530 1992 4573 ex
2028 4512 2228 4592 gradu
2270 4530 2409 4594 pro-

911 4611 1068 4693 priae
1096 4608 1335 4691 speciei
1362 4608 1565 4671 :sicut
1594 4609 1765 4672 calor
1796 4609 1860 4671 in
1894 4609 2131 4672 virtute
2161 4611 2406 4685 animae,

910 4708 1203 4772 vitalium
1235 4708 1678 4790 operationum
1712 4726 1900 4770 causa
1930 4716 2043 4771 est.
2080 4708 2200 4772 Sed
2242 4710 2409 4772 istud

910 4824 1037 4870 non
1068 4814 1166 4869 est
1196 4813 1481 4868 naturam
1524 4824 1738 4868 rerum
1781 4806 2128 4881 immutari,
2162 4816 2271 4870 aut
2308 4827 2410 4871 su-

910 4924 1025 4987 pra
1064 4904 1417 4966 naturalem
1460 4904 1873 4985 capacitatem
1914 4904 2095 4967 alteri
2136 4905 2412 4967 subster-

909 5004 975 5066 ni
1024 5021 1038 5065 :
1082 5022 1230 5065 nam
1275 5003 1429 5066 ordo
1473 5021 1687 5065 rerum
1733 5003 1899 5066 istud
1942 5003 2159 5084 exigit,
2205 5012 2274 5067 ut
2319 5004 2411 5066 in-

908 5102 1142 5165 feriora
1170 5100 1607 5183 superioribus
1638 5100 1987 5164 subsint.ln
2018 5102 2414 5166 miraculosis

910 5200 1154 5283 quippe
1184 5198 1549 5273 effectibus,
1584 5206 1809 5262 natura
1848 5199 2067 5263 obedit
2102 5202 2312 5283 agenti
2347 5202 2412 5265 in

910 5315 989 5363 eo
1038 5298 1207 5381 quod
1257 5298 1715 5381 proprietatem
1772 5304 1838 5361 et
1886 5298 2188 5363 virtutem
2235 5306 2415 5363 natu-

2557 4318 2884 4376 miracula
2915 4318 3226 4376 reducere
3255 4317 3330 4376 in
3356 4336 3585 4377 causas
3613 4318 3950 4377 naturales.

2657 4512 2997 4576 VICENNA
3028 4512 3270 4593 quippe
3299 4520 3560 4575 conatus
3589 4520 3686 4575 est
3720 4512 3985 4594 probare,

2687 4608 2857 4691 quod
2889 4608 3156 4671 materia
3185 4607 3592 4672 sensibilium
3623 4609 3769 4691 plus
3797 4607 3988 4673 obedit

2520 4707 2892 4772 substantiis
2949 4708 3279 4788 separatis,
3332 4726 3489 4788 quas
3536 4708 3720 4789 ponit
3771 4707 3988 4771 animas

2521 4806 2830 4870 coelorum
2895 4812 2960 4867 et
3026 4804 3500 4885 intelligentia&
3561 4825 3754 4889 quam
3819 4802 3985 4869 alicui

2520 4905 2730 4985 agenti
2775 4904 3070 4966 naturali.
3106 4904 3182 4966 Et
3218 4911 3290 4966 ut
3327 4904 3602 4979 videtur,
3635 4924 3764 4968 non
3803 4903 3988 4967 minus

2521 5004 2741 5069 obedit
2771 5002 3034 5065 materia
3065 5001 3526 5083 intelligentiae,
3559 5022 3751 5085 quam
3783 5020 3988 5083 eorpus

2522 5103 2876 5165 humanum
2933 5097 3224 5162 rationali
3282 5098 3532 5161 animae.
3593 5100 3714 5162 Sed
3769 5118 3842 5162 ex
3887 5099 3988 5159 hoc

2523 5200 2692 5283 quod
2723 5198 2934 5261 anima
2967 5197 3352 5278 imaginatur
3379 5196 3644 5279 aliquid,
3676 5205 3741 5261 et
3768 5198 3988 5260 intense

2521 5297 2809 5362 afficitur
2839 5296 3008 5361 circa
3038 5296 3536 5379 idem‚sequitur
3565 5296 3844 5361 vicissim
3871 5312 3988 5358 cor-
