4300 6259
872 459 994 532 252

1380 488 1460 534 DE
1501 487 1730 534 anNE
1771 485 2154 533 cnnlsrlANAE
2196 483 2498 541 THEORIAE,
2542 485 2719 532 LIBER
2761 487 2799 532 Ι.
2847 504 2927 516 ·-
2969 488 3107 534 Am.
3151 488 3328 545 xvul,
3371 488 3483 534 xlx

955 656 1094 720 Non
1136 665 1234 722 εει
1275 658 1471 740 igitur
1516 658 1749 722 divinae
1798 665 2040 722 naturae
2088 656 2377 720 infinitas
2405 655 2457 719 A
2485 657 2688 720 oritur
2725 664 2939 721 tamen
2992 657 3306 722 dubitatio
3358 658 3530 722 circa
3568 659 3688 721 hoc
3737 657 3955 740 ipsum.

879 773 996 837 per
1047 757 1310 819 modum
1360 775 1678 840 corporeae
1725 756 2134 838 expansionis
2194 755 2376 817 intel-

879 852 1132 934 ligenda
1185 873 1198 917 :
1250 856 1494 938 quippe
1540 875 1742 938 quum
1789 856 1956 918 Deus
2007 874 2122 936 per
2171 854 2375 936 ipsam

879 970 1062 1014 suam
1113 973 1338 1034 puram
1387 954 1737 1016 bonitatem
1793 954 1873 1016 ab
1931 951 2233 1016 omnibus
2282 953 2374 1013 in-

878 1049 1066 1112 finita
1094 1051 1473 1114 excellentia
1511 1051 1823 1114 exaltatus
1863 1052 1966 1124 sit,
2001 1051 2242 1113 nullius
2282 1050 2375 1113 rei

878 1149 1172 1212 terminis
1211 1149 1655 1212 circumscribi
1696 1158 1905 1231 potest
1941 1157 2051 1212 aut
2089 1167 2375 1230 compre-

877 1245 1096 1320 hendi,
1147 1264 1356 1329 neque
1414 1248 1768 1311 secundum
1830 1266 1896 1309 se
1944 1246 2140 1308 ullam
2188 1246 2378 1308 habet

878 1342 1318 1407 habitudinem
1367 1346 1446 1408 ad
1497 1345 1708 1408 locum
1755 1351 1862 1407 aut
1910 1345 1988 1407 ad
2037 1364 2138 1407 res
2196 1343 2370 1406 aliaS.

874 1441 1004 1504 Nec
1061 1441 1293 1505 iterum
1355 1443 1845 1525 intelligendum
1903 1450 2020 1516 est,
2082 1443 2376 1505 divinum

875 1557 990 1602 ens
1048 1540 1428 1622 ampliorem
1487 1541 1722 1604 habere
1779 1540 2375 1604 determinationem

875 1637 954 1699 ad
984 1637 1156 1699 hunc
1197 1639 1513 1701 mundum
1556 1645 1620 1701 et
1647 1639 1956 1702 terminos
1985 1639 2148 1719 ejuS,
2184 1655 2375 1719 quam

875 1735 953 1796 ad
996 1735 1114 1798 hoc
1155 1742 1225 1797 ut
1263 1737 1349 1799 sit
1392 1743 1568 1800 extra
1610 1738 1924 1800 mundum
1969 1738 2140 1799 hunc
2182 1734 2377 1798 sensi-

2484 754 2690 829 Quum
2738 756 2974 818 etenim
3024 755 3303 836 cognitio
3353 754 3468 818 fiat
3515 774 3631 838 per
3668 753 3963 819 assimila-

2482 853 2750 928 tionem,
2783 860 3023 917 naturae
3061 861 3276 916 autem
3321 872 3537 917 rerum
3584 854 3780 916 finitae
3818 852 3959 926 sint,

2484 951 2766 1033 primum
2796 959 3009 1013 autem
3040 970 3155 1013 ens
3183 951 3449 1015 omnino
3480 950 3836 1030 infinitum;
3858 952 3965 1012 mi·

2484 1067 2627 1110 rum
2674 1049 2928 1112 videtur
2976 1051 3145 1132 quod
3195 1049 3443 1131 species
3502 1049 3697 1131 hujus
3753 1048 3963 1111 mundi

2482 1146 2560 1209 ad
2592 1147 3021 1228 cognitionem
3067 1147 3308 1210 infiniti
3354 1165 3495 1211 esse
3525 1165 3642 1212 nos
3671 1147 3961 1210 inducat:

2483 1245 2837 1327 praesertim
2877 1264 3078 1327 quum
3109 1245 3281 1308 finiti
3322 1265 3471 1309 cum
3512 1245 3766 1308 infinito
3800 1244 3967 1307 nulla

2485 1344 2568 1406 sit
2596 1343 2923 1425 proportio
2952 1362 3162 1426 neque
3192 1343 3522 1407 habitudo.
3558 1344 3680 1407 Sed
3716 1360 3966 1424 respon-

2484 1442 2787 1516 dendum,
2833 1442 3004 1524 quod
3050 1441 3221 1504 finiti
3270 1449 3334 1504 et
3374 1441 3641 1516 infiniti,
3675 1441 3967 1504 naturalis

2485 1539 2661 1602 nulla
2705 1541 3032 1622 proportio
3076 1547 3193 1613 est,
3239 1540 3534 1620 ejusdem
3583 1540 3825 1602 scilicet
3870 1558 3967 1620 ge·

2486 1639 2655 1701 neris
2713 1639 3046 1712 exsistenS,
3098 1639 3208 1700 sed
3267 1638 3582 1701 imitativa
3629 1637 3963 1700 dumtaxat.

2484 1738 2693 1800 Potest
2752 1738 2948 1819 igitur
3008 1737 3256 1820 species
3320 1736 3605 1800 universi
3668 1735 3848 1798 finita
3907 1737 3969 1798 in

877 1831 1098 1907 bilem,
1151 1833 1275 1897 nisi
1324 1835 1476 1917 quia
1525 1835 1739 1916 potius
1788 1834 1893 1898 hic
1943 1853 2010 1898 se
2067 1833 2451 1897 diffunditB
2488 1834 3184 1916 incircumscriptibilis
3213 1853 3352 1898 esse
3391 1834 3721 1898 notionem
3750 1852 3857 1896 nos
3888 1833 3969 1896 in·

874 1938 942 1992 et
983 1931 1430 1995 communicat:
1466 1934 1642 1997 Unde
1685 1953 1802 1996 nec
1845 1933 1911 1996 in
1956 1932 2377 2015 productione

878 2029 1163 2092 universi
1225 2032 1421 2113 coepit
1478 2050 1617 2094 esse
1676 2031 1787 2092 ubi
1854 2040 2000 2094 ante
2049 2049 2179 2094 non
2228 2030 2372 2107 fuit,

877 2145 994 2209 per
1022 2127 1302 2210 aliquam
1337 2129 1435 2191 sui
1467 2130 2376 2211 mutationem.1ntelligendus

879 2232 975 2287 est
1021 2243 1170 2305 ergo
1212 2226 1379 2289 Deus
1428 2245 1663 2308 purum
1712 2235 1775 2289 et
1823 2228 2376 2310 simplicissimum

809 2399 814 2404 ἱ
879 2322 1122 2396 lumen,
1173 2324 1555 2388 aeternaliter
1603 2324 1669 2386 in
1733 2325 2077 2406 semetipso
2138 2325 2419 2388 incom-'

880 2420 1276 2483 mutabiliter
1324 2422 1700 2497 subsistens,
1752 2424 1830 2486 ad
1877 2423 2039 2485 nihil
2087 2431 2263 2485 extra
2311 2443 2378 2486 sc

879 2518 1122 2581 habens
1171 2519 1638 2594 habitudinem,
1687 2522 1800 2584 sed
1849 2519 2106 2583 infinita
2150 2521 2381 2584 exalta-

880 2616 1051 2680 tione
1123 2618 1423 2681 universa
1491 2620 1982 2701 supergrediens
2042 2637 2056 2680 ε
2121 2627 2380 2702 propter

879 2716 1048 2797 quod
1099 2716 1343 2778 dictum
1393 2725 1492 2778 εει
1537 2737 1574 2778 a
1621 2717 1944 2798 Gregorio,
1994 2717 2165 2799 quod
2212 2718 2378 2779 Deus

879 2821 976 2876 est
1003 2820 1150 2876 ante
1179 2814 1398 2876 omnia
1427 2832 1556 2877 non
1587 2816 1781 2889 soluS,
1817 2822 1960 2896 post
1997 2815 2214 2877 omnia
2252 2832 2379 2877 non

793 2971 801 2978 .
879 2919 1272 2993 praeventus3
1306 2931 1500 2994 supra
1537 2913 1753 2975 omnia
1790 2930 1917 2975 non
1957 2912 2181 2984 elatuS,
2215 2911 2381 2974 infra

880 3009 1096 3071 omnia
1143 3027 1271 3072 non
1310 3026 1698 3091 oppressus3
1751 3018 1928 3073 extra
1983 3011 2196 3073 omnia
2251 3028 2379 3073 non
2408 3008 2453 3072 C

881 3106 1201 3180 exclusus,
1254 3107 1420 3168 intra
1467 3108 1680 3169 omnia
1731 3125 1856 3171 non
1906 3108 2211 3172 inclusus,
2260 3109 2383 3170 Pri-

884 3222 1062 3265 mum
1111 3204 1285 3266 enim
1334 3203 1417 3267 ob
1467 3205 1567 3266 sui
1615 3205 2093 3286 simplicitatem
2155 3214 2383 3268 cuncta

882 3306 1189 3383 penetrat.
1243 3301 1416 3364 Hanc
1465 3309 1679 3365 autem
1729 3303 2060 3365 veritatem
2112 3305 2189 3366 de
2239 3302 2383 3365 insi-

883 3399 1081 3462 nitate
1113 3399 1248 3473 Dei,
1283 3399 1348 3461 in
1381 3399 1546 3462 libro
1583 3400 1798 3463 Fontis
1837 3402 1982 3465 vitae
2020 3401 2379 3464 Avicebron

884 3497 1216 3577 indagatus
1264 3504 1378 3559 εει.
1427 3497 1504 3559 Ει
1547 3497 1915 3562 Aristoteles
1964 3507 2187 3562 octavo
2230 3500 2383 3581 Phy-

883 3595 1163 3658 sicorum
1234 3595 1342 3669 ait,
1411 3597 1695 3678 primum
1761 3605 2072 3661 motorem
2142 3597 2383 3660 infiniti

885 3693 1124 3774 vigoris
1153 3692 1288 3755 fore
1323 3711 1336 3755 ε
1373 3695 1542 3776 quod
1583 3696 1774 3758 etiam
1809 3696 2132 3758 Avicenna
2174 3697 2238 3758 in
2270 3715 2385 3758 sua

881 3791 1308 3874 Metaphysica
1339 3791 1516 3855 dixit.
1553 3793 1814 3875 Propter
1851 3794 2021 3876 quod
2052 3803 2273 3857 auctor
2310 3785 2383 3856 li—

886 3890 984 3952 bri
1019 3889 1366 3953 Causarum
1396 3890 1484 3952 ait
1519 3908 1532 3952 :
1567 3890 1799 3954 Omnes
1839 3893 2107 3955 virtutes
2147 3892 2383 3974 quibus

885 4005 1014 4050 non
1057 3995 1152 4050 est
1195 3987 1367 4063 finis,
1414 3990 1766 4072 pendentes
1813 3998 1964 4052 sunt
2012 4008 2127 4072 per
2172 3987 2385 4050 infini-

884 4093 1023 4148 tum
1083 4085 1390 4168 primurn,
1437 4088 1606 4170 quod
1663 4096 1760 4150 est
1802 4088 2005 4151 virtus
2048 4088 2379 4150 virtutum.

2485 1935 2716 1996 ducere
2756 1933 2963 2015 quoad
3004 1934 3163 2012 quia
3200 1942 3317 2003 est,
3357 1950 3484 1995 non
3524 1939 3741 1994 autem
3778 1931 3969 2014 quoad

2486 2034 2651 2113 quid
2691 2041 2801 2092 est.
2856 2030 3076 2094 Omnis
3126 2049 3403 2113 namque
3452 2040 3663 2094 creata
3710 2029 3969 2093 essentia

2484 2150 2521 2193 a
2568 2129 2786 2193 divina
2834 2129 3107 2212 puritate
3153 2128 3409 2195 infinite
3452 2128 3798 2203 occumbit,
3836 2146 3965 2190 eam

2486 2228 2568 2292 ob
2601 2229 2662 2291 id
2698 2228 2886 2310 plene
2917 2234 3371 2310 repraesentare
3400 2225 3734 2309 nequienS.

2870 2497 3360 2562 ARTICULUS
3406 2497 3597 2562 XIX.

2490 2649 2674 2716 Quod
2701 2648 3053 2706 secundum
3087 2647 3459 2718 doctrinam
3496 2641 3719 2705 diuini
3742 2644 3973 2720 Diony-

2567 2737 2678 2806 sii,
2729 2735 3223 2813 quadripartito
3256 2751 3564 2808 processu
3606 2752 3688 2791 εει·
3728 2734 3973 2792 entibus

2567 2825 2805 2883 creatis
2824 2825 2914 2882 ad
2940 2822 3162 2881 divini
3188 2822 3358 2881 entis
3386 2820 3969 2896 contemplationem

2560 2913 3010 2988 procedamus,

2631 3106 2925 3170 PORTET
2941 3105 3180 3189 quippe
3201 3105 3481 3169 omnium
3503 3106 3747 3168 entium
3776 3103 3979 3187 positi-

2659 3223 2813 3268 ones
2856 3222 2969 3266 seu
3013 3203 3436 3285 perfectiones
3469 3205 3535 3266 in
3567 3205 3696 3267 Deo
3724 3221 3973 3286 ponere,

2488 3313 2794 3387 tanquam
2845 3303 2911 3365 in
2963 3302 3255 3364 omnium
3295 3320 3485 3365 causa
3531 3309 3596 3365 et
3638 3300 3973 3384 exemplari

2491 3401 2831 3485 principio.
2890 3400 3139 3463 Etenim
3201 3402 3372 3482 quod
3430 3401 3509 3463 ad
3569 3399 3971 3463 imitationem

2491 3499 2875 3581 exemplaris
2935 3498 3032 3572 fit,
3094 3498 3352 3580 proprie
3408 3496 3776 3580 exemplum
3830 3496 3977 3558 dici-

2491 3604 2613 3659 tur.
2651 3597 2715 3660 Si
2747 3597 2940 3678 igitur
2970 3603 3067 3658 est
3098 3596 3263 3658 Deus
3295 3613 3486 3658 causa
3515 3602 3579 3657 et
3608 3593 3976 3676 exemplaris

2492 3696 2652 3758 ratio
2711 3694 3069 3757 bonitatum
3126 3701 3190 3756 et
3248 3694 3640 3776 positionum
3688 3693 3980 3756 secundo-

2493 3811 2658 3865 rum,
2709 3810 2970 3854 necesse
3026 3799 3123 3854 est
3177 3791 3393 3874 ipsum
3451 3791 3693 3854 bonum
3742 3798 3802 3852 et
3854 3808 3978 3872 per·

2492 3889 2733 3952 fectum
2795 3888 2949 3952 fore.
3013 3889 3222 3952 Prima
3288 3888 3486 3971 igitur
3547 3888 3653 3950 via
3716 3895 3812 3950 est
3878 3905 3979 3969 per

2493 3988 2897 4071 positionem.
2933 3986 3072 4050 Alia
3106 4004 3257 4050 vero
3294 3987 3399 4050 via
3429 3995 3547 4062 est,
3580 4006 3697 4069 per
3723 3985 3977 4066 abnega-

2492 4087 2735 4150 tionem
2793 4085 3213 4166 contemplari
3262 4084 3545 4166 primum
3590 4103 3728 4157 enS,
3788 4092 3857 4146 ut
3896 4083 3977 4144 vi-

632 4197 694 4241 De
716 4196 856 4240 nivin.
885 4184 1162 4265 Ideoque
1205 4184 1366 4246 dixit
1407 4185 1766 4269 Dionysius,
1801 4186 1970 4267 quod
2003 4187 2169 4248 Deus
2210 4186 2386 4247 adest
2416 4183 2465 4244 D
2494 4183 2727 4246 delicet
2783 4183 3211 4245 secundorum
3270 4181 3697 4263 perfectiones
3756 4181 3977 4244 nedum

588 4273 705 4303 nom.
729 4271 767 4303 0.
799 4271 841 4301 ΙΙΙ

845 4291 855 4300 ”
894 4279 1194 4344 omnibus
1235 4301 1416 4365 aeque
1461 4283 1886 4346 immediatus

1241 4510 1730 4621 ARTICPLUS
1775 4509 2029 4573 XVIII.

888 4643 1443 4710 Quemadmodum
1487 4660 1569 4699 ea·
1613 4641 1878 4700 naturis
1926 4641 2227 4700 universi
2271 4659 2390 4699 nu-

965 4751 1141 4791 mero
1201 4740 1262 4791 et
1326 4730 1732 4806 perfectione
1795 4731 2037 4806 finilia,
2095 4730 2391 4806 coquo-sci

957 4822 1162 4896 possit
1190 4820 1498 4881 divinum
1531 4839 1661 4878 esse
1699 4819 2390 4895 imrcumscriptibile

963 4911 1133 4986 fore,
1178 4919 1238 4970 et
1284 4911 1597 4990 quomodo
1644 4927 1796 4968 non.

1032 5069 1328 5133 UONIAM
1383 5075 1600 5130 autem
1659 5075 1900 5131 naturai
1960 5085 2173 5130 rerum
2240 5066 2392 5128 ima-

894 5067 1025 5268 Ο
1059 5167 1240 5249 gines
1271 5167 1562 5249 quaedam
1594 5174 1744 5227 sunt
1771 5165 1848 5227 ad
1879 5164 2390 5246 cognoscendum

892 5264 1188 5328 divinum
1235 5283 1398 5338 esse,
1440 5281 1517 5325 ex
1569 5262 1936 5345 praehabitis
1985 5262 2197 5346 palam
2248 5269 2389 5325 est:

2494 4283 2573 4345 de
2603 4283 2731 4344 Deo
2760 4289 3064 4364 tanquam
3104 4279 3397 4342 omnium
3438 4299 3629 4342 causa
3662 4279 3977 4343 affirmen-

2493 4387 2620 4454 tur,
2667 4380 2778 4441 sed
2823 4379 3015 4441 etiam
3060 4378 3139 4440 de
3184 4394 3260 4440 eo
3304 4385 3609 4460 tanquam
3651 4379 3732 4441 de
3775 4395 3980 4459 super-

2494 4477 2838 4540 exsistente
2880 4494 3075 4557 super
3116 4475 3333 4538 omnia
3374 4474 3747 4538 auferantur
3788 4493 3803 4538 τ
3842 4491 3981 4558 quo-

2495 4576 2669 4638 niam
2714 4574 3006 4637 divinum
3053 4592 3193 4636 esse
3232 4591 3442 4656 neque
3492 4573 3828 4637 definibile
3871 4580 3976 4645 est,

2496 4691 2704 4755 neque
2764 4672 2830 4734 in
2888 4690 3118 4751 genere
3188 4689 3305 4734 nec
3364 4671 3431 4733 in
3489 4671 3707 4753 aliquo
3773 4671 3979 4734 ordine

2497 4771 2937 4833 constitutum.
2972 4770 3213 4842 Denuo,
3244 4768 3473 4830 tertius
3514 4787 3852 4851 processus
3878 4786 3981 4851 per

2496 4867 3138 4950 superexcellentiam
3168 4874 3265 4929 est
3289 4883 3303 4927 t
3328 4873 3399 4928 ut
3429 4868 3859 4930 secundorum
3888 4867 3983 4928 bo·

2497 4967 2729 5029 nitates
2796 4967 2924 5028 Deo
2984 4972 3349 5047 competere
3412 4965 3874 5046 intelligantur,
3925 4963 3979 5026 id

2500 5065 2668 5147 quod
2701 5063 3207 5147 imperfectionis
3237 5063 3304 5125 in
3336 5062 3430 5126 eis
3460 5071 3558 5125 est
3585 5064 3887 5138 tollendo,
3906 5069 3983 5124 at-

2499 5182 2622 5246 que
2652 5163 2817 5245 quod
2849 5160 3256 5244 perfectionis
3286 5169 3567 5235 est,cum
3599 5159 3982 5244 superexcel-

2503 5261 2659 5324 lenti
2706 5260 3106 5343 plenitudine
3156 5259 3280 5342 ipsi
3330 5259 3755 5324 attribuendo.
3802 5259 3983 5338 GuJus
