4300 6259
665 3909 745 3949 art.
774 3920 872 3950 xvii.

898 457 1019 527 424
1486 481 1565 529 nn
1604 482 1833 529 Lunum
1873 482 2254 531 camsi-mim
2294 485 2594 542 THEORIAE,
2640 486 2815 531 mann
2855 486 2918 533 ιι.
2963 504 3044 515 ——
3084 487 3226 533 aar.
3269 482 3420 533 xxxi

899 650 1102 714 cludit
1129 669 1320 716 omne
1350 654 1739 717 contrarium
1774 653 1898 717 sibi
1924 672 1937 717 :
1963 655 2131 718 sicut
2162 674 2395 738 purum
2429 655 2481 720 A
2510 657 2780 719 verbum
2827 664 3058 721 nostrae
3109 657 3342 721 mentis
3391 676 3520 721 non
3570 656 3690 719 exit
3741 656 3816 719 de
3865 674 3950 739 po·

897 767 1125 813 aurum
1177 751 1338 813 nihil
1388 753 1669 815 admittit
1717 753 1793 815 de
1843 753 2105 817 alterius
2159 754 2398 817 metalli

898 856 1142 910 natura.
1179 850 1347 912 Deus
1390 859 1603 914 autem
1649 850 2033 933 simpliciter
2078 852 2399 935 perfectus

897 954 1017 1021 est,
1050 955 1115 1011 et
1142 948 1359 1011 divina
1390 948 1767 1032 simplicitas
1813 969 2073 1032 prorsus
2114 970 2276 1034 pura
2305 960 2400 1015 est

896 1054 1086 1128 atque
1137 1047 1437 1130 perfecta.
1486 1048 1671 1111 Nulla
1720 1057 1816 1111 est
1868 1067 2017 1131 ergo
2063 1050 2399 1112 diversitas

897 1142 964 1205 in
1016 1144 1159 1207 Deo.
1214 1145 1558 1209 Diversitas
1614 1147 1789 1209 enim
1848 1156 1913 1209 et
1972 1166 2277 1211 numerus
2326 1166 2400 1209 ac

896 1241 1244 1316 distinctio,
1316 1263 1491 1325 purae
1559 1244 1956 1327 simplicitati
2025 1245 2398 1308 contrariari

896 1341 1198 1403 videntur
1241 1358 1255 1403 ε
1302 1360 1449 1404 nam
1492 1361 1652 1424 pura
1703 1342 2106 1426 simplicitas,
2143 1344 2205 1405 in
2241 1363 2398 1426 pura

896 1438 1162 1513 unitate,
1184 1458 1325 1521 quae
1354 1458 1696 1502 numerum
1728 1442 2115 1523 praescindit,
2140 1442 2400 1504 fundata

896 1542 1015 1597 est.
1072 1537 1194 1599 Sed
1256 1538 1607 1619 personalis
1658 1538 1993 1603 distinctio⁴
2043 1539 2231 1602 realis
2279 1547 2392 1601 est.

893 1632 1030 1695 Non
1070 1652 1221 1715 ergo
1261 1634 1515 1697 videtur
1556 1636 1726 1717 quod
1756 1636 1973 1698 divina
2018 1636 2398 1718 simplicitas

894 1729 978 1792 sit
1035 1730 1417 1813 simpliciter
1476 1752 1655 1815 pura,
1707 1734 1759 1795 si
1811 1742 1906 1796 est
1955 1734 2019 1797 in
2071 1736 2200 1798 Deo
2258 1753 2396 1817 per-

893 1845 1191 1892 sonarum
1228 1848 1377 1893 vera
1406 1831 1677 1893 trinitas,

971 1927 1117 1990 Haec
1149 1928 1343 2009 igitur
1373 1937 1437 1991 et
1465 1930 1651 2011 plura
1682 1931 1781 1993 his
1812 1931 2050 1993 similia
2070 1940 2240 2006 sunt,
2261 1931 2397 2014 qui-

897 2024 1018 2087 bus
1090 2026 1535 2089 haereticorum
1607 2028 1949 2111 impudens
2024 2029 2396 2111 loquacitaS,

896 2122 1261 2187 christianae
1294 2124 1553 2188 theoriae
1588 2126 2025 2189 inviolabilem
2061 2128 2395 2190 veritatem

893 2220 1221 2284 destruere
1262 2230 1357 2285 est
1390 2222 1627 2284 molita.

1255 2452 1741 2517 ARTICULUS
1788 2454 2039 2518 XXXI.

892 2581 981 2640 Εἰ
1021 2587 1112 2639 est
1145 2582 1497 2655 responsz'O,
1530 2602 1760 2642 earum
1808 2586 2137 2643 rationum
2185 2586 2395 2645 virtu-

975 2678 1097 2727 tem
1125 2671 1479 2729 dissolvens
1498 2690 1643 2748 quoe
1656 2674 1806 2747 jam
1826 2682 2055 2732 contra
2084 2682 2396 2733 (eternam

968 2760 1457 2833 yenerationem
1499 2769 1557 2819 et
1606 2763 2204 2843 super-benedictam
2243 2783 2394 2839 pro-

972 2847 1316 2905 cessionem
1350 2866 1493 2923 quoe
1526 2850 1595 2905 in
1629 2850 1881 2908 diuinis
1921 2860 2099 2920 sunt,
2134 2854 2397 2911 induce-

976 2935 1243 2993 bantur.

1020 3102 1119 3164 ED
1152 3103 1453 3184 quoniam
1489 3123 1710 3167 verum
1743 3124 1894 3169 vero
1925 3116 2249 3181 consonat,
2261 3109 2393 3189 jam

1044 3221 1218 3263 nunc
1277 3202 1736 3265 intendendum
1796 3212 1891 3266 est
1950 3212 2020 3266 ut
2077 3206 2170 3268 sic
2238 3227 2394 3288 prae-

896 3300 1171 3363 inductae
1218 3300 1493 3365 rationes
1536 3302 1887 3377 solvantur,
1931 3312 2002 3365 ut
2047 3305 2398 3370 innotescat

896 3398 1094 3460 fidem
1128 3399 1371 3461 ratione
1404 3402 1691 3481 superari
1726 3420 1852 3463 non
1886 3420 2089 3483 posse.
2119 3404 2393 3479 Etenim,

897 3496 1064 3557 sicut
1114 3497 1407 3558 humanae
1456 3498 1717 3559 rationis
1770 3498 2066 3580 indagine
2116 3520 2242 3563 non
2301 3511 2397 3565 est

898 3602 1246 3676 comperta,
1305 3613 1515 3676 neque
1573 3596 1871 3659 humanis
1928 3597 2394 3663 adinventioni-

898 3689 1017 3753 bus
1050 3691 1291 3764 innixa,
1318 3692 1409 3753 sic
1440 3712 1559 3755 nec
1591 3694 1851 3756 dissolvi
1886 3703 2093 3777 potest
2122 3698 2393 3761 naturali

896 3789 1465 3869 argumentatione.
1498 3791 1677 3853 Nunc
1710 3791 1901 3872 igitur
1931 3812 2002 3855 ea
2035 3813 2175 3875 quae
2205 3795 2396 3876 paulo

898 3896 1045 3949 ante
1076 3888 1152 3950 de
1186 3888 1372 3952 modo
1412 3889 1644 3952 divinae
1682 3892 2108 3970 generationis
2149 3912 2395 3976 proces-

897 3985 1225 4067 sionisque
1272 3994 1522 4049 aetcrnae
1572 3987 1968 4063 dicebantur,
2021 3991 2098 4052 ad
2162 4011 2394 4055 memo-

896 4082 1054 4144 riam
1100 4082 1459 4145 reducenda
1502 4092 1668 4145 sunt.

2508 754 2708 818 tentia
2756 754 2821 818 in
2871 763 3106 830 actum,
3157 756 3282 819 nisi
3335 757 3402 819 in
3450 764 3748 839 quantum
3803 754 3955 817 intel-

2509 853 2712 915 lectus
2764 860 2978 916 noster
3023 853 3390 936 potentialis
3437 855 3698 927 exsistit,
3741 854 3814 916 dc
3867 871 3956 935 po·

2507 952 2706 1013 tentia
2745 952 3022 1033 migrans
3065 952 3128 1015 in
3168 961 3403 1015 actum.
3441 953 3636 1015 Filius
3671 960 3860 1015 autem
3893 970 3960 1013 ex

2507 1050 2628 1113 hoc
2673 1051 2842 1132 quod
2889 1051 3120 1133 recipit
3163 1070 3304 1114 esse
3353 1059 3417 1114 et
3467 1051 3766 1134 quidquid
3809 1058 3896 1112 est
3933 1069 3964 1111 a

2507 1148 2706 1222 Patre,
2759 1167 2884 1212 non
2936 1156 3034 1211 est
3083 1150 3436 1212 secundum
3487 1168 3556 1212 56
3604 1168 3706 1211 ens
3761 1148 3820 1211 in
3873 1166 3966 1230 po-

2506 1246 2722 1309 tentia.
2759 1247 3091 1310 Generatio
3129 1248 3304 1311 enim
3345 1247 3708 1330 parificatur
3751 1254 3814 1309 et
3853 1265 3967 1309 cor·

2508 1345 2849 1425 respondet
2917 1353 3157 1408 naturae
3225 1345 3611 1427 generantis.
3671 1346 3967 1427 Quumque

2508 1442 2674 1504 Deus
2722 1443 2806 1505 sit
2854 1462 3054 1526 purus
3102 1452 3306 1519 actuS,
3357 1443 3684 1525 generatio
3721 1442 3896 1506 Verbi
3936 1463 3967 1505 a

2507 1539 2684 1601 Patre
2727 1540 2899 1603 aliud
2953 1559 3079 1604 non
3135 1550 3231 1604 est
3269 1542 3394 1605 nisi
3450 1560 3773 1624 processus
3811 1549 3968 1603 actus

2507 1638 2588 1700 ab
2635 1646 2779 1700 actu
2817 1656 2830 1699 :
2873 1641 3417 1721 quemadmodum
3463 1639 3666 1703 oritur
3703 1640 3970 1723 splendor

2509 1756 2585 1798 ex
2647 1736 2810 1811 luce,
2862 1744 2926 1799 et
2973 1738 3132 1801 ratio
3182 1737 3508 1801 intellecta
3555 1757 3632 1802 ex
3680 1738 3968 1801 intellectu

2432 1829 2479 1892 B
2510 1834 2576 1896 in
2618 1842 2783 1896 actu.

2587 1932 2680 1995 Ad
2711 1932 3058 1995 secundam
3101 1934 3642 2015 respondendum,
3673 1935 3829 2015 quod
3863 1941 3974 1996 tota

2507 2029 2705 2092 Patris
2745 2038 2971 2092 natura
3011 2032 3526 2094 communicatur
3556 2032 3727 2106 Filio,
3759 2050 3866 2094 nec
3901 2040 3974 2093 ta·

2509 2147 2654 2190 men
2697 2127 2937 2189 desinit
2977 2147 3118 2191 csse
3157 2129 3220 2190 in
3265 2130 3461 2191 Patre.
3507 2130 3649 2193 Haec
3690 2128 3848 2191 enim
3887 2146 3974 2207 ge-

2507 2226 2753 2288 neratio
2798 2226 2989 2288 Verbi
3035 2234 3133 2289 est
3175 2226 3650 2301 intellectualiS,
3688 2234 3745 2290 et
3781 2226 3973 2308 appel-

2509 2323 2675 2385 latur
2707 2325 3028 2387 emanatio
3056 2325 3135 2386 ad
3167 2325 3351 2388 intra.
3375 2326 3554 2389 Unde
3585 2344 3773 2408 quum
3801 2324 3974 2387 Filius

2510 2422 2617 2484 Dei
2650 2422 2826 2483 aliud
2867 2440 2993 2485 non
3035 2423 3116 2485 sit
3157 2424 3281 2485 nisi
3321 2423 3592 2487 verbum
3631 2423 3793 2506 quod
3821 2424 3976 2485 Pater

2510 2520 2588 2583 de
2618 2540 2685 2582 se
2719 2520 2861 2603 ipso
2892 2521 3194 2603 concipit,
3211 2540 3279 2584 56
3309 2530 3522 2584 autem
3557 2522 3824 2604 perfecte
3851 2539 3979 2583 con-

2509 2618 2702 2701 cipit;
2737 2618 2886 2680 hinc
2921 2619 3141 2700 utique
3171 2638 3434 2682 necesse
3463 2628 3560 2683 est
3589 2628 3777 2683 totam
3805 2619 3978 2682 Patris

2509 2724 2800 2779 naturam
2849 2717 2913 2778 in
2959 2716 3117 2779 Filio
3159 2736 3320 2792 esse,
3353 2737 3467 2781 seu
3512 2720 3577 2780 in
3619 2718 3816 2781 Verbo
3855 2734 3980 2778 con-

2507 2816 2717 2877 tineri.
2769 2816 2904 2878 Non
2954 2823 3170 2877 tamen
3219 2816 3456 2878 desinit
3500 2835 3642 2880 esse
3695 2817 3758 2879 in
3803 2816 3973 2878 Patre.

2506 2915 2663 2977 Nam
2711 2914 2828 2976 hoc
2875 2914 3044 2996 quod
3089 2914 3268 2977 Pater
3311 2915 3389 2978 de
3432 2935 3502 2978 56
3545 2916 3837 2997 concipit,
3877 2914 3975 2975 sci-

2431 3010 2474 3074 C
2509 3012 2657 3074 licet
2687 3012 2964 3074 Verbum
2997 3011 3160 3092 ejuS‚
3195 3012 3698 3076 substantialiter
3723 3031 3842 3076 non
3871 3012 3976 3073 dis-

2505 3110 2822 3191 tinguitur
2850 3130 2886 3171 a
2917 3111 3116 3183 Patre,
3150 3112 3262 3173 sed
3301 3112 3610 3175 relatione
3639 3118 3892 3182 tantum,
3922 3109 3972 3170 in

2507 3216 2817 3290 quantum
2851 3208 3088 3270 dicitur
3115 3208 3196 3270 ab
3233 3228 3308 3273 eo
3343 3228 3356 3271 :
3389 3229 3532 3293 quae
3573 3210 3784 3284 dictio,
3813 3228 3974 3290 gene-

2506 3307 2667 3368 ratio
2706 3313 2819 3368 est.
2866 3308 3041 3369 Unde-
3081 3326 3199 3369 nec
3230 3308 3401 3390 apud
3441 3327 3557 3371 nos
3598 3309 3826 3371 desinit
3858 3326 3976 3371 esse

2506 3405 2760 3486 propria
2792 3412 3015 3466 natura
3046 3404 3353 3469 intellecti
3387 3406 3450 3469 in
3475 3426 3542 3469 re
3573 3404 3977 3479 intellecta‚ob
4037 3490 4044 3497 η

2508 3503 2571 3564 id
2620 3503 2791 3583 quod
2839 3502 3108 3565 verbum
3158 3512 3390 3567 nostrae
3439 3506 3672 3567 mentis
3717 3506 3978 3568 eamdem

2509 3608 2800 3661 naturam
2832 3600 3326 3681 intelligibiliter
3356 3600 3567 3665 habet.

2585 3698 2677 3760 Ad
2737 3698 2990 3761 tertiam
3041 3699 3412 3775 dicendum,
3464 3700 3638 3782 quod
3692 3709 3816 3763 tres
3867 3719 3982 3783 per·

2507 3813 2676 3857 sonae
2726 3804 2876 3857 sunt
2925 3816 3052 3858 una
3102 3816 3202 3858 res
3261 3797 3648 3873 subsistenS,
3697 3800 3746 3863 si
3807 3799 3980 3862 consi-

2507 3894 2766 3956 deretur
2797 3894 2934 3975 ipsa
2964 3896 3240 3958 essentia
3281 3914 3396 3959 seu
3439 3905 3666 3961 natura
3701 3897 3976 3961 absolute.

2508 3991 2668 4053 Sunt
2707 3992 2878 4053 enim
2927 4012 3096 4054 unus
3138 3994 3326 4067 DeuS‚
3371 3994 3596 4078 utique
3635 3996 3978 4067 subsistens

2507 4090 2610 4151 cui
2659 4089 2968 4171 competit
3017 4092 3466 4155 universorum
3517 4096 3754 4157 creatio
3799 4112 3814 4156 τ
3855 4114 3979 4175 sup-

971 4181 1065 4241 Ad
1098 4180 1372 4262 primam
1416 4182 1630 4263 itaque
1671 4182 1981 4246 rationem
2022 4184 2389 4263 dicendum,
2426 4195 2473 4256 D
2506 4189 2697 4270 positi
2757 4190 2932 4251 enim
2991 4197 3087 4252 est
3153 4209 3362 4271 agere,
3426 4194 3706 4257 maxime
3771 4213 3972 4257 creare.

890 4278 1058 4359 quod
1110 4278 1436 4358 generatio
1474 4278 1665 4341 Verbi
1716 4300 1752 4342 a
1798 4281 1979 4345 Patre
2026 4284 2107 4345 sit
2159 4284 2390 4347 intelli-

886 4375 1123 4456 gibiliS,
1171 4394 1296 4439 non
1346 4385 1557 4438 autem
1611 4378 1753 4441 talis
1804 4381 2009 4462 qualis
2059 4383 2228 4464 apud
2275 4403 2388 4448 nos

886 4473 953 4534 in
1016 4472 1451 4536 materialibus
1512 4477 1814 4538 cernitur.
1878 4478 2013 4540 Non
2075 4488 2173 4541 est
2237 4500 2387 4562 ergo

885 4569 951 4632 in
1002 4570 1220 4639 divina
1268 4573 1674 4652 generatione
1725 4574 1932 4637 exitus
1981 4576 2059 4637 de
2104 4579 2387 4658 potentia

885 4668 950 4729 in
995 4675 1227 4730 actum.
1272 4668 1385 4731 Hic
1435 4688 1667 4751 nempe
1718 4672 1924 4733 exitus
1975 4692 2099 4737 non
2150 4676 2271 4737 nisi
2319 4677 2382 4738 in

884 4764 1309 4846 possibilitate
1356 4784 1467 4828 seu
1528 4769 1809 4847 potentia
1867 4772 2118 4851 passiva
2167 4772 2386 4835 funda-

882 4869 1025 4923 tur:
1052 4882 1192 4944 quae
1224 4864 1286 4925 in
1322 4863 1445 4927 Deo
1475 4883 1615 4926 esse
1646 4876 1989 4948 nequeunt.
2026 4869 2204 4931 Sicut
2231 4889 2382 4952 ergo

882 4958 1140 5021 divinus
1200 4960 1561 5023 intellectus
1620 4971 1717 5025 est
1775 4983 2029 5046 semper
2086 4967 2150 5029 in
2209 4976 2376 5044 actu,

883 5057 977 5118 sic
1020 5075 1136 5119 nec
1180 5057 1460 5120 Verbum
1507 5060 1647 5139 ejus
1692 5062 1822 5123 exit
1866 5063 1944 5124 de
1988 5066 2272 5144 potentia
2313 5067 2376 5129 in

883 5161 1115 5217 actum.
1168 5156 1325 5218 Nam
1376 5174 1451 5217 eo
1500 5157 1639 5238 ipso
1690 5178 1815 5240 quo
1874 5160 2236 5225 intellectus
2281 5175 2375 5228 est

883 5252 950 5313 in
979 5260 1142 5327 actu,
1165 5260 1262 5315 est
1290 5252 1354 5315 in
1385 5271 1461 5316 eo
1491 5254 1757 5319 verbum
1790 5256 1948 5339 ejus.
1975 5258 2148 5323 Unde
2181 5261 2372 5326 etiam

2503 4286 2664 4348 Sunt
2718 4294 2932 4350 autem
2995 4295 3126 4351 tres
3186 4307 3474 4370 personae
3534 4299 3666 4355 tres
3715 4312 3813 4355 res
3855 4292 3976 4354 sub-

2501 4386 2819 4457 sistenteS,
2874 4386 2925 4447 si
2984 4387 3062 4448 ad
3108 4388 3449 4451 relationes
3501 4392 3973 4455 considerentur.

2499 4483 2727 4545 Divina
2754 4484 3056 4566 equidem
3089 4488 3388 4561 essentia,
3423 4491 3722 4569 quamvis
3751 4492 3834 4555 sit
3857 4491 3980 4554 sub-

2496 4582 2729 4644 sistens
2778 4590 2842 4644 et
2889 4584 3244 4647 secundum
3295 4604 3363 4649 se
3411 4586 3568 4669 quid
3618 4588 3976 4654 absolutum.

2495 4698 2622 4742 non
2682 4687 2896 4743 tamen
2968 4690 3180 4763 potest
3237 4686 3521 4766 separari
3581 4706 3620 4748 a
3679 4689 3976 4755 relatione,

2494 4795 2684 4857 quam
2737 4796 2996 4840 necesse
3047 4787 3143 4841 est
3193 4780 3404 4843 inesse
3452 4782 3518 4844 in
3569 4784 3720 4859 Deo,
3767 4805 3842 4849 ex
3879 4787 3976 4849 hoc

2491 4876 2660 4955 quod
2709 4875 2990 4938 Verbum
3042 4878 3278 4941 divinae
3339 4882 3573 4944 mentis
3621 4896 3976 4968 conceptum

2492 4972 2556 5033 in
2601 4991 2696 5046 ea,
2729 4981 2827 5036 est
2863 4994 2902 5036 a
2941 4975 3070 5039 Deo
3111 4975 3385 5039 dicente.
3421 4978 3579 5041 Nam
3619 4991 3685 5044 et
3725 4984 3974 5046 Verbum

2488 5078 2585 5132 est
2614 5074 2991 5145 essentia‚et
3021 5074 3190 5137 Deus
3222 5075 3443 5139 dicens
3478 5078 3782 5153 illud,est
3809 5083 3972 5145 etiam

2487 5170 2763 5232 essentia
2805 5171 3050 5246 eadem,
3097 5192 3226 5236 non
3269 5173 3415 5237 alia.
3463 5175 3570 5240 Hae
3613 5180 3856 5264 quippe
3893 5200 3968 5243 re·

2487 5265 2754 5331 lationes
2814 5269 2882 5333 in
2941 5270 3092 5345 Dec,
3144 5280 3296 5335 sunt
3346 5292 3450 5339 res
3501 5275 3963 5343 subsistentes:
