4300 6259
906 480 1029 549 392
1552 498 1631 547 nn
1670 497 1897 545 nnuma
1938 496 2320 545 cnmsrlAi-m:
2359 494 2662 553 runcum,
2707 497 2882 544 mann
2925 500 2988 545 11.
3033 518 3114 529 -—
3155 500 3292 547 Aur.
3339 500 3377 545 v

906 670 1078 737 ritati
1118 677 1331 735 autem
1379 670 1653 733 naturali
1700 668 2007 731 naturalis
2054 667 2214 730 ratio
2261 685 2400 751 pro·
2434 667 2486 731 A
2513 669 2721 742 est,ad
2752 669 3192 733 inhaerendum
3221 670 3322 734 his
3351 690 3495 755 quae
3525 670 3822 735 laboriosa
3839 682 3960 737 sunt

904 772 1262 855 portionata
1289 777 1403 835 est.
1436 770 1681 833 Veritas
1708 786 1859 850 ergo
1898 766 2399 851 supernaturalis

902 889 1019 954 per
1049 867 1561 952 supernaturales
1591 866 1997 949 probationes
2028 864 2398 929 confirmari

902 969 1143 1032 debuit.
1190 967 1379 1032 Porro
1423 966 1731 1029 naturalis
1777 965 2091 1048 probati0,
2126 965 2188 1027 in
2223 972 2400 1026 natu·

902 1067 1016 1130 rali
1072 1067 1314 1129 lumine
1372 1074 1435 1128 et
1494 1063 1651 1147 ipsis
1710 1064 1955 1127 naturis
2015 1083 2230 1127 rerum
2279 1071 2398 1125 sta-

901 1165 1168 1228 bilitatis
1200 1165 1688 1227 fundamentum
1728 1163 2006 1227 sortitur.
2039 1162 2184 1225 Haec
2223 1180 2398 1223 nam-

902 1282 1027 1346 que
1058 1263 1370 1347 probatio,
1403 1282 1481 1325 ex
1508 1262 1789 1325 humana
1819 1260 2302 1323 ratiocinatione
2333 1260 2398 1321 in

900 1361 1175 1423 naturali
1220 1380 1433 1423 rerum
1479 1377 1671 1423 cursu
1722 1378 1860 1422 sese
1904 1358 2213 1421 fundante
2258 1375 2398 1439 pro-

902 1460 1089 1522 cedit.
1125 1458 1638 1539 Supernaturalis
1670 1475 1821 1521 vero
1864 1456 2176 1539 probati0,
2213 1456 2276 1517 in
2310 1455 2400 1517 di-

901 1558 1034 1621 vini
1088 1557 1351 1619 luminis
1397 1558 1664 1621 veritate
1703 1564 1767 1620 et
1804 1556 2178 1619 auctoritate
2219 1555 2398 1618 Crea-

898 1656 1055 1718 toris
1087 1654 1365 1717 fulcitur.
1392 1654 1534 1717 Haec
1567 1654 1805 1736 quippe
1847 1652 2158 1735 probatio,
2181 1652 2400 1714 talium

900 1762 997 1817 est
1035 1754 1319 1835 operatio
1359 1772 1501 1835 quae
1541 1770 1667 1815 non
1707 1752 1829 1813 nisi
1871 1772 1908 1814 a
1945 1750 2079 1813 solo
2119 1758 2400 1812 creatore

2513 767 2656 848 ipsi.
2709 768 2965 831 Constat
3017 775 3255 843 autem,
3308 770 3478 851 quod
3525 788 3599 833 ea
3643 790 3777 852 quae
3827 772 3961 835 fides

2513 865 2857 928 christiana
2914 868 3228 929 credenda
3293 868 3594 951 proponit
3645 876 3708 931 et
3757 870 3962 951 agenda

2508 963 2711 1045 jubet,
2762 973 2890 1028 tam
2941 966 3338 1029 intellectum
3386 967 3662 1031 hominis
3717 969 3962 1049 specula·

2511 1064 2714 1125 tivum
2765 1082 2954 1144 quam
3000 1065 3192 1127 etiam
3237 1066 3590 1147 practicum
3634 1085 3739 1129 seu
3779 1067 3965 1129 volun·

2511 1168 2703 1223 tatem
2739 1163 3017 1226 maxime
3058 1165 3397 1240 excedunt,
3429 1173 3495 1227 et
3533 1166 3658 1227 vim
3699 1166 3966 1229 naturalis

2512 1260 2774 1323 luminis
2811 1262 3076 1323 omnino
3107 1263 3566 1325 transcendunt
3599 1281 3612 1325 :
3646 1271 3712 1324 ut
3745 1270 3834 1326 est
3858 1263 3968 1323 Tri·
3996 1274 4006 1287 ·

2511 1359 2728 1421 nitatis
2788 1359 3127 1433 confessio,
3180 1361 3290 1423 Dei
3341 1379 3419 1423 ex
3465 1368 3744 1442 tempore
3796 1362 3966 1423 incar-

2512 1456 2783 1531 natio,et
2810 1476 2885 1519 ea
2914 1476 3054 1538 quae
3084 1458 3150 1519 in
3181 1466 3578 1521 sacramento
3609 1458 3970 1521 Eucharistiae

2513 1555 2864 1617 creduntur
2897 1554 3036 1617 fieri
3064 1574 3080 1633 3
3115 1563 3178 1618 et
3206 1556 3327 1619 hoc
3365 1557 3573 1637 quoad
3615 1557 3966 1620 intellectum

2512 1653 3000 1735 speculativum.
3047 1654 3257 1727 Quoad
3305 1655 3656 1737 practicum
3699 1673 3838 1717 vero
3877 1674 3970 1717 seu

2514 1752 2930 1825 voluntatem,
2955 1772 3030 1815 ea
3059 1772 3200 1834 quae
3229 1754 3549 1835 operanda
3579 1754 3675 1816 vel
3702 1753 3974 1834 jubentur

900 1860 1143 1916 naturae
1190 1851 1367 1914 effici
1420 1857 1708 1933 possunt,
1756 1858 1825 1911 ut
1873 1857 2023 1913 sunt
2071 1848 2398 1921 miracula,
2441 1847 2487 1911 B
2517 1849 2618 1911 vel
2661 1851 3028 1923 suadentur,
3065 1850 3341 1913 maxime
3379 1857 3617 1913 exeunt
3654 1851 3970 1913 naturalem

903 1949 1276 2033 prophetiae,
1319 1948 1829 2031 supernaturales
1876 1947 2400 2019 illuminationeS,

903 2054 967 2110 et
1009 2047 1134 2109 alia
1180 2046 1380 2109 multa
1415 2064 1428 2108 :
1462 2046 1539 2107 de
1581 2044 1817 2126 quibus
1858 2045 2044 2106 modo
2085 2063 2198 2125 per
2237 2044 2402 2105 ordi-

904 2165 1052 2209 nem
1082 2144 1481 2207 tractandum
1513 2151 1626 2205 est.
1662 2143 1918 2206 Constat
1956 2149 2192 2215 autem,
2228 2142 2402 2203 illam

902 2244 1237 2307 veritatem
1281 2242 1535 2305 certiori
1583 2242 1944 2321 veriorique
1990 2240 2407 2302 fundamento

904 2342 1271 2422 inniti,quae
1306 2338 1791 2423 probationibus
1815 2338 1927 2400 Dei
1960 2337 2400 2409 confirmatur,

901 2448 967 2503 et
1012 2440 1073 2501 in
1122 2438 1365 2501 lumine
1412 2438 1704 2499 increatae
1747 2435 2030 2498 veritatis
2076 2434 2401 2509 fundatur,

904 2557 1096 2621 quam
1147 2536 1323 2599 illam
1372 2555 1513 2617 quae
1566 2534 1807 2597 ratione
1857 2535 2133 2596 humana
2183 2534 2405 2595 fulcita

900 2644 1017 2711 θεῖ,
1059 2644 1124 2699 θῖ
1166 2635 1297 2698 vim
1342 2654 1519 2697 suam
1572 2633 1765 2696 trahit
1808 2652 1884 2695 ex
1934 2632 2176 2694 lumine
2227 2640 2405 2693 natu-

904 2735 1055 2797 ralis
1088 2733 1345 2815 ingenii.
1383 2733 1446 2795 Si
1488 2750 1639 2813 ergo
1681 2730 1929 2794 ostendi
1972 2737 2202 2812 potest,
2235 2730 2402 2811 quod

900 2832 1246 2896 christiana
1305 2831 1467 2893 fides
1523 2829 1969 2911 hujuscemodi
2029 2835 2404 2909 supernatu-

900 2930 1141 2992 ralibus
1174 2928 1657 3011 probationibus
1698 2927 2077 2989 confirmata
2114 2927 2216 2999 sit,
2249 2934 2403 2987 tunc

2515 1948 2945 2011 conditionem
2977 1956 3294 2023 rerum,et
3321 1950 3632 2031 appetitui
3663 1949 3972 2011 secundum

2513 2046 2838 2128 propriam
2873 2054 3163 2108 naturam
3195 2067 3374 2109 suam
3414 2048 3678 2110 omnino
3713 2046 3974 2109 difficilia

2513 2151 2578 2207 et
2621 2144 2932 2225 perardua
2977 2152 3124 2207 sunt
3159 2162 3172 2207 :
3207 2153 3278 2208 ut
3312 2154 3485 2218 sunt,
3525 2146 3860 2208 carnalium
3891 2162 3976 2206 vo·

2517 2242 2829 2324 luptatum
2903 2243 3072 2323 fuga,
3135 2244 3354 2306 mundi
3425 2252 3840 2326 contemptus,
3893 2262 3976 2324 pa·

2515 2348 2768 2402 rentum
2811 2348 2875 2403 et
2915 2349 3326 2421 cognatorum
3368 2341 3720 2416 derelictio,
3750 2349 3808 2404 et
3834 2341 3974 2423 quod

2516 2437 2854 2501 difficilius
2897 2448 3014 2513 est,
3061 2441 3161 2502 sui
3212 2440 3414 2521 ipsius
3457 2439 3806 2521 abnegatio,
3845 2439 3978 2501 solo·

2515 2555 2658 2598 rum
2718 2536 3144 2599 invisibilium
3200 2538 3546 2619 appetitus,
3609 2538 3974 2600 inimicorum

2518 2654 2718 2709 amor,
2769 2643 2835 2697 et
2892 2635 3086 2698 laetari
3145 2636 3209 2698 in
3257 2636 3561 2699 adversis.
3615 2637 3755 2699 Haec
3800 2643 3855 2698 et
3897 2635 3978 2697 his

2517 2733 2754 2795 similia
2801 2734 3145 2796 christiana
3185 2734 3346 2796 fides
3386 2735 3580 2797 tradit
3619 2734 3836 2797 rationi
3871 2751 3979 2794 cre·

2515 2831 2741 2905 denda,
2775 2838 2836 2893 et
2867 2831 3176 2894 voluntati
3215 2832 3554 2913 operanda.
3593 2832 3669 2894 Et
3696 2832 3809 2894 hoc
3837 2830 3978 2913 quod

2514 2929 2809 2992 humanae
2859 2930 3087 2991 rationi
3145 2931 3422 2993 maxime
3470 2930 3840 2993 delectabile
3881 2936 3978 3000 est,

902 3028 1110 3110 palam
1161 3027 1331 3109 quod
1380 3026 1658 3107 amplius
1704 3026 1995 3106 congruit
2038 3032 2102 3087 et
2146 3024 2400 3086 firmius
2434 3030 2477 3093 C
2517 3028 2636 3089 hoc
2686 3026 2936 3089 inhibet
2975 3027 3032 3091 ei
3076 3028 3238 3090 fides
3274 3046 3287 3089 :
3323 3047 3404 3091 ne
3449 3028 3700 3091 scilicet
3743 3028 3980 3110 propriae

902 3126 960 3188 ei
993 3124 1321 3197 assentire,
1348 3142 1538 3205 quam
1571 3123 1953 3185 naturalium
1987 3122 2400 3185 scientiarum

902 3223 1153 3285 veritati
1199 3239 1212 3284 t
1255 3228 1518 3285 eatenus
1564 3222 1805 3303 utique,
1852 3238 1978 3302 quo
2022 3220 2254 3283 divinae
2298 3239 2402 3282 ve-

904 3321 1106 3383 ritatis
1149 3320 1363 3382 lumen
1407 3318 1811 3381 infallibilius
1855 3326 1950 3381 est
1991 3318 2234 3380 lumine
2275 3337 2404 3380 cre-

900 3428 1017 3483 atae
1062 3419 1344 3481 rationis
1392 3418 1566 3492 Quod
1608 3417 1737 3498 jam
1785 3416 2123 3498 diligenter
2168 3416 2400 3479 facien-

902 3520 1056 3582 dum
1100 3524 1217 3592 est,
1264 3526 1327 3579 et
1370 3536 1541 3579 nunc
1585 3534 1841 3599 quoque
1886 3516 1951 3577 in
1998 3522 2245 3576 tantum
2288 3513 2404 3576 fiat

902 3618 1021 3680 hoc
1067 3616 1255 3680 modo
1298 3634 1313 3677 t

980 3717 1049 3777 In
1110 3715 1337 3797 primis
1398 3714 1659 3796 quidem
1721 3712 1917 3794 igitur
1986 3712 2398 3775 manifestum

899 3821 1015 3887 est,
1048 3813 1217 3896 quod
1262 3814 1579 3875 humanus
1621 3811 1981 3874 intellectus
2023 3811 2238 3892 ignoto
2276 3830 2403 3877 non

898 3912 1185 3985 assentit,
1230 3910 1358 3974 nisi
1398 3910 1611 3991 aliqua
1654 3910 1897 3972 ratione
1940 3909 2279 3972 inducatur
2325 3912 2403 3973 ad

899 4010 1398 4074 assentiendum.
1456 4009 1633 4071 Esset
1682 4009 1854 4071 enim
1906 4008 2206 4082 levitatiS,
2260 4009 2404 4090 plus

904 4108 1211 4171 assentire
1268 4107 1381 4169 uni
1448 4106 1869 4187 propositioni
1937 4125 2127 4187 quam
2197 4107 2402 4181 alteri,

2515 3124 3016 3188 ratiocinationis
3041 3125 3287 3206 judicio
3317 3125 3622 3197 confidat,
3655 3144 3852 3207 neque
3885 3124 3982 3186 sic·

2514 3229 2587 3284 ut
2616 3223 2774 3295 vult,
2809 3241 2883 3284 ea
2912 3242 3053 3304 quae
3085 3223 3627 3306 comprehendere
3659 3242 3780 3287 non
3819 3221 3978 3285 valet.

2517 3321 2786 3383 scrutari
2819 3321 3086 3383 studeat.
3123 3321 3367 3383 Dicitur
3395 3322 3698 3402 equidem
3729 3323 3806 3395 ei,
3835 3320 3976 3403 quod

2514 3426 2826 3481 scrutator
2859 3419 3206 3500 majestatis
3235 3420 3640 3501 opprimetur
3665 3440 3704 3483 a
3730 3420 3926 3501 gloria.
4011 3434 4207 3503 emm:

2593 3517 2703 3579 His
2764 3516 2978 3598 itaque
3036 3517 3129 3579 sic
3179 3536 3245 3579 se
3293 3517 3703 3593 habentibus,
3751 3498 4050 3600 apertis-³⁷·

2515 3615 2750 3677 simum
2797 3622 2892 3677 est
2934 3616 3101 3697 quod
3145 3622 3312 3679 totus
3353 3635 3516 3698 pene
3560 3619 3851 3692 munduS,
3889 3623 3981 3677 aut

2515 3721 2685 3775 certe
2743 3720 2958 3775 tantus
3017 3714 3317 3795 populuS,
3379 3715 3442 3776 in
3504 3715 3670 3779 hanc
3726 3723 3846 3778 tam
3897 3713 3981 3775 ad-

2517 3811 2876 3875 mirabilem
2924 3818 2988 3874 et
3031 3812 3575 3894 superhumanam
3623 3814 3822 3897 legem
3859 3812 3980 3875 duci

2515 3927 2644 3973 non
2676 3910 2905 3992 potuit,
2940 3911 3079 3974 sine
3119 3930 3310 3974 causa
3346 3919 3411 3973 et
3449 3912 3696 3976 ratione
3733 3932 3838 3976 seu
3865 3928 3982 3994 pro·

2516 4009 2772 4072 batione
2814 4008 3270 4071 inducentibus
3315 4018 3597 4073 mentem
3641 4020 3751 4074 aut
3789 4028 3982 4091 cogen-

2516 4107 2689 4170 tibus
2745 4107 2824 4169 ad
2893 4108 3369 4189 susceptionem
3435 4108 3582 4170 talis
3653 4109 3823 4191 legis.
3877 4108 3982 4169 Lex

904 4206 957 4269 si
1010 4224 1137 4269 non
1184 4212 1350 4267 esset
1401 4204 1603 4284 major
1648 4204 1807 4266 ratio
1850 4204 2239 4267 assentiendi
2293 4206 2404 4267 uni
2437 4206 2489 4269 D
2517 4213 2730 4270 autem
2774 4204 3121 4267 christiana
3159 4224 3286 4268 non
3317 4223 3644 4269 armorum
3693 4205 3982 4276 violentia,

905 4323 1099 4387 quam
1155 4302 1357 4365 alteri.
1412 4303 1678 4383 Insuper
1733 4301 1995 4383 planum
2055 4310 2174 4376 est,
2236 4304 2404 4383 quod

903 4402 1267 4465 intellectus
1316 4401 1557 4481 indiget
1596 4399 1969 4462 fortioribus
2016 4400 2402 4482 probationi-

903 4501 1024 4564 bus
1054 4500 1132 4563 ad
1161 4498 1615 4562 adhaerendum
1645 4498 2063 4581 propositioni
2097 4518 2238 4580 quae
2268 4500 2403 4580 ejus

903 4599 1320 4681 capacitatem
1351 4596 1764 4659 vehementer
1802 4597 2071 4670 excedit,
2106 4617 2297 4679 quam
2326 4600 2404 4661 ad

902 4696 1442 4781 acquiescendum
1500 4695 1749 4757 veritati
1809 4715 1949 4777 quae
1998 4696 2122 4758 sibi
2175 4715 2403 4759 conna-

903 4794 1130 4858 turalis
1187 4799 1285 4856 est
1342 4801 1407 4855 et
1464 4792 1542 4854 de
1599 4791 1773 4854 facili
1833 4799 2074 4874 patens.
2135 4793 2403 4857 Proinde

905 4895 1149 4957 clarum
1180 4898 1296 4964 est,
1329 4890 1499 4973 quod
1536 4890 1694 4953 ratio
1732 4890 2011 4953 hominis
2052 4891 2406 4955 difficulter

904 4991 1231 5055 inducitur
1286 4996 1357 5051 ut
1403 4988 1503 5050 his
1553 4988 1908 5051 consentiat
1953 5009 2094 5071 quae
2143 4992 2406 5071 proprio

902 5092 1043 5172 ejus
1079 5088 1324 5171 judicio
1366 5087 1641 5150 maxime
1683 5072 1997 5150 contraria
2026 5095 2208 5166 sunt3
2238 5088 2404 5151 sicut

901 5189 1095 5251 etiam
1152 5185 1477 5269 appetitus
1525 5185 1877 5248 difficulter
1934 5185 2014 5248 ab
2062 5186 2163 5249 his
2210 5194 2404 5249 retra-

900 5287 1075 5349 hitur
1132 5285 1211 5347 ad
1271 5301 1413 5367 quae
1470 5282 1551 5346 ab
1609 5283 1853 5365 origine
1901 5285 2001 5347 sui
2052 5284 2396 5349 inclinatus

2518 4323 2644 4367 non
2686 4304 3086 4385 voluptatum
3125 4305 3573 4386 promissione,
3606 4325 3736 4370 non
3774 4316 3986 4387 tempo-

2519 4403 2747 4465 ralium
2779 4420 2851 4464 ac
2883 4401 3286 4465 sensibilium
3327 4402 3642 4468 bonorum
3683 4403 3986 4468 commodo

2519 4501 2878 4564 introducta
2908 4508 3004 4562 est
3037 4518 3051 4562 ι
3085 4501 3242 4582 quin
3275 4502 3488 4583 potius
3515 4503 3596 4564 ab
3627 4504 3878 4566 exordio
3903 4500 3985 4563 sui

2516 4599 2900 4663 saevissimos
2959 4606 3434 4680 persecutorum
3501 4602 3818 4665 cruciatus
3877 4618 3990 4663 sus-

2517 4698 2750 4773 tinuit;
2793 4704 2856 4758 et
2899 4716 3012 4777 per
3056 4714 3290 4778 paucos
3335 4698 3646 4779 quosdam
3702 4698 3985 4767 homines,

2517 4813 2642 4858 non
2685 4794 3126 4877 philosophica
3166 4794 3518 4857 subtilitate
3547 4796 3872 4878 ingenuos,
3901 4814 3988 4858 ne·

2516 4912 2640 4974 que
2682 4892 3016 4955 dialectica
3057 4892 3288 4955 astutia
3332 4894 3714 4976 praecipuos,
3759 4896 3862 4959 sed
3900 4913 3985 4955 su-

2515 4990 2648 5053 bito
2679 4990 3042 5072 inspiratos,
3078 4997 3141 5051 et
3171 5006 3298 5052 non
3331 4990 3704 5055 humanitus
3733 4995 3982 5056 edoctos,

2513 5107 2720 5170 neque
2759 5108 2796 5151 a
2835 5088 3109 5161 diabolo,
3153 5087 3338 5168 cujus
3383 5087 3626 5171 ubique
3671 5091 3900 5174 templa
3931 5096 3984 5151 et

2511 5186 2755 5249 cultum
2801 5188 3252 5249 destruxerunt
3295 5203 3309 5247 ε
3352 5206 3468 5269 per
3506 5188 3688 5263 tales,
3721 5190 3980 5271 inquam.

2506 5285 2752 5348 initiata
2799 5293 2864 5348 et
2907 5284 3169 5349 fundata
3215 5292 3314 5349 est
3361 5284 3548 5362 rides,
3601 5296 3667 5350 et
3714 5305 3836 5352 non
3879 5304 3978 5369 per
