4300 6259
670 986 753 1027 nrt.
780 996 879 1027 xvu.

904 482 1023 549 444

1374 505 1454 552 DE:
1493 506 1721 553 Limum
1763 506 2143 555 GHRISTIANAE
2186 505 2486 564 mmmm,
2531 506 2708 555 LIBER
2749 508 2812 557 11.
2857 527 2938 541 -·
2977 510 3115 557 ΛΒΤ.
3161 510 3325 569 XLVI,
3368 512 3533 560 nvn

907 690 1055 735 nem
1106 676 1220 739 Dei
1268 676 1334 740 in
1394 676 1643 741 Christo
1698 678 1981 754 homine,
2032 698 2242 761 neque
2291 697 2404 761 per
2432 676 2483 740 A
2513 697 2794 744 errorem
2833 700 2846 745 :
2881 681 3184 765 quoniam
3226 691 3452 747 natura
3487 685 3771 757 humana,
3797 684 3939 747 ratio-

909 772 1571 858 eircumscriptionem
1614 796 1823 860 neque
1862 797 1978 859 per
2023 796 2402 861 corporeum

910 878 1272 936 contactum
1323 875 1677 956 intelligere
1726 877 1952 959 potuit,
1995 895 2196 958 quum
2238 876 2404 939 Deus

910 969 994 1032 sit
1023 990 1282 1054 prorsus
1314 973 1631 1050 infinitu3‚
1666 976 1832 1037 sicut
1863 976 1923 1037 in
1960 975 2171 1056 primo
2199 982 2405 1039 osten-

909 1068 1195 1132 debatur.
1212 1071 1387 1135 Unde
1412 1090 1804 1156 consequens
1829 1081 1946 1148 est,
1961 1074 2123 1137 hanc
2153 1092 2403 1157 quoque

906 1169 1294 1249 positionem
1345 1189 1493 1234 cum
1546 1172 1790 1235 Ebione
1833 1181 1897 1235 et
1943 1172 2213 1236 Photino
2255 1190 2402 1235 con-

906 1284 1185 1340 currere,
1226 1268 1335 1349 qui
1386 1269 1687 1332 dixerunt
1729 1269 2051 1333 Christum
2099 1288 2226 1333 non
2277 1269 2402 1333 nisi

902 1363 1276 1446 adoptivum
1321 1366 1431 1429 Dei
1476 1366 1728 1429 Filium.
1770 1366 1847 1429 Et
1889 1368 2194 1450 quoniam
2239 1367 2402 1430 hanc

904 1462 1210 1525 unionem
1241 1463 1543 1527 dixerunt
1569 1466 2051 1540 accidentalem,
2084 1466 2404 1529 habebant

904 1561 1255 1624 concedere
1287 1561 1609 1625 Christum
1648 1582 1777 1625 non
1825 1564 1887 1625 in
1934 1564 2182 1626 duabus
2227 1571 2405 1626 natu-

905 1656 993 1719 ris
1024 1657 1484 1734 subsistere‚ut
1516 1661 1831 1744 Eutyches
1862 1662 1967 1725 ait.
1989 1662 2406 1745 Denique,di-

906 1757 1108 1819 cende
1138 1758 1421 1821 animam
1463 1759 1835 1823 rationalem
1876 1762 2127 1844 corpori
2170 1760 2402 1824 Christi

2513 778 2674 843 nalis
2706 788 2931 844 natura
2959 790 3077 857 est,
3110 790 3173 847 et
3213 783 3414 847 multo
3452 783 3722 867 amplius
3754 784 3940 845 divina.

2512 877 2734 942 Dicere
2793 879 3006 962 itaque
3063 881 3129 943 in
3179 881 3430 946 Christo
3485 884 3616 945 duo
3661 882 3945 964 supposita,

2511 984 2608 1039 est
2662 979 2819 1040 duas
2877 998 3180 1062 personas
3241 982 3650 1045 constituere.
3683 982 3945 1054 Praeterea,

2511 1074 2675 1137 nihil
2720 1076 2800 1139 ad
2848 1095 3050 1158 genus
3107 1079 3482 1144 substantiae
3536 1080 3832 1162 pertinens
3867 1098 3948 1140 su·

2513 1173 2803 1255 peraddit
2832 1193 3104 1256 persona
3150 1178 3485 1260 supposito
3519 1195 3635 1240 seu
3661 1177 3943 1261 hypostasi,

2512 1270 2576 1332 in
2609 1279 2835 1335 natura
2865 1273 3302 1337 intellectuali.
3336 1275 3699 1358 Hypostasis
3726 1294 3948 1356 namque

2510 1367 2613 1430 vel
2655 1372 3084 1451 suppositum,
3119 1373 3356 1435 dicitur
3389 1374 3736 1436 substantia
3761 1372 3944 1455 prima,

2511 1485 2652 1548 quae
2684 1469 3189 1550 completissima
3218 1480 3336 1547 est,
3369 1478 3434 1534 et
3477 1472 3558 1535 de
3597 1492 3715 1553 qua
3751 1471 3949 1552 reliqua

2511 1564 2726 1628 omnia
2757 1568 3191 1632 enuntiantur.
3219 1569 3283 1633 Si
3317 1570 3512 1651 igitur
3545 1588 3791 1651 persona
3809 1568 3950 1631 aliud

2511 1669 2609 1725 est
2654 1664 2734 1726 ab
2784 1664 3106 1748 hypostasi
3155 1686 3227 1729 ac
3277 1669 3635 1751 supposito,
3682 1676 3812 1730 tunc
3851 1685 3950 1729 non

2512 1760 2634 1823 nisi
2711 1763 3166 1845 proprietatem
3229 1766 3576 1847 quamdam
3648 1765 3952 1848 superaddit

905 1872 1033 1917 non
1082 1856 1437 1920 formaliter
1484 1858 1917 1940 conjunctam,
1971 1878 2118 1922 cum
2168 1859 2402 1941 Apolli·
2439 1856 2485 1919 B
2513 1859 2846 1942 supposito
2875 1869 3066 1944 atque
3105 1863 3451 1946 hypostasi.
3489 1864 3863 1945 Consequens
3893 1862 3953 1923 lit

905 1954 1043 2016 nari
1076 1961 1139 2016 et
1168 1956 1317 2018 Ario
1347 1958 1757 2031 concordant,
1790 1958 1902 2039 qui
1945 1976 2072 2022 non
2117 1957 2400 2021 fateban-

902 2061 1011 2115 tur
1059 2053 1126 2116 in
1177 2053 1425 2117 Christo
1474 2056 1755 2118 animam
1804 2056 2200 2120 rationalem.
2243 2057 2401 2121 Cum

902 2150 1247 2215 Manichaeo
1294 2171 1551 2235 quoque
1594 2162 1659 2216 et
1699 2153 2036 2217 Valentino
2079 2156 2214 2219 haec
2265 2155 2406 2237 ipsa

904 2248 1141 2331 positio
1171 2250 1316 2313 ideo
1347 2252 1668 2325 convenit,
1704 2251 2005 2334 quoniam
2048 2253 2402 2317 secundum

906 2345 1299 2426 praeinducta
1342 2347 1586 2411 salvare
1626 2350 1849 2431 nequit
1880 2367 2136 2412 carnem
2172 2350 2401 2414 Christi

905 2462 1056 2506 vere
1088 2452 1147 2507 et
1182 2445 1454 2510 univoce
1485 2447 1831 2510 humanam
1861 2447 2192 2530 appellari.

1268 2674 1757 2741 ARTICULUS
1802 2677 2042 2740 XLVI.

904 2794 1148 2853 Contra
1174 2806 1487 2871 ponentes
1520 2798 1590 2855 in
1619 2798 1874 2857 Christo
1907 2800 2073 2856 duas
2107 2800 2403 2876 hyposta-

982 2901 1078 2940 ses
1121 2886 1221 2942 vel
1261 2886 1616 2960 supposita,
1656 2904 1787 2945 non
1831 2894 2047 2945 autem
2090 2904 2404 2962 personas

982 2973 1168 3031 duaa.

1030 3131 1507 3195 RAEINDUCTAE
1548 3133 1743 3214 igitur
1787 3135 2121 3216 positionis
2170 3136 2403 3218 impos-

1057 3229 1429 3292 sibilitatem
1477 3231 1736 3313 quidam
1780 3233 2202 3305 attendentes,
2235 3253 2402 3297 asse-

904 3325 1129 3389 rebant
1172 3328 1237 3390 in
1283 3329 1532 3393 Christo
1570 3349 1801 3413 corpus
1844 3339 1908 3394 et
1948 3333 2230 3395 animam
2277 3332 2400 3395 for-

908 3425 1280 3496 maliter,ad
1333 3427 1523 3491 unius
1573 3437 1813 3493 naturae
1864 3430 2162 3512 perfectae
2209 3439 2400 3513 atque

902 3523 1225 3604 specificae
1270 3525 1789 3591 constitutionem
1831 3529 2031 3602 unita,
2066 3537 2136 3591 ut
2174 3530 2266 3591 sic
2309 3529 2402 3591 di-

903 3628 1083 3682 catur
1112 3621 1399 3685 Christus
1428 3642 1577 3687 vere
1609 3624 1811 3688 homo.
1830 3626 1949 3689 Sed
1980 3646 2181 3709 quum
2212 3627 2404 3689 homo

900 3728 1289 3801 assumptuS,
1314 3721 1395 3783 sit
1426 3722 1758 3785 individua
1786 3726 2078 3807 quaedam
2108 3725 2400 3787 substan-

902 3816 1009 3891 tia,
1044 3836 1121 3880 ex
1152 3818 1269 3880 hac
1299 3818 1601 3882 videlicet
1628 3822 1840 3885 anima
1872 3831 1934 3886 et
1972 3824 2092 3886 hoc
2133 3841 2401 3906 corpore

900 3923 1218 3989 constanS,
1269 3918 1439 3999 quod
1502 3926 1600 3980 est
1664 3938 1803 3982 esse
1871 3922 2276 4002 suppositum
2338 3930 2404 3986 et

900 4015 1316 4097 hypostasim,
1365 4015 1788 4079 admittebant
1845 4018 1910 4079 in
1969 4019 2218 4083 Christo
2274 4021 2401 4084 duo

900 4114 1229 4196 supposita
1268 4132 1382 4176 seu
1422 4114 1794 4197 hypostases
1841 4118 2017 4179 duas,
2053 4118 2173 4181 Sed
2220 4120 2400 4184 unio-

2511 1975 2683 2038 erg0,
2726 1959 2780 2021 si
2825 1959 3073 2022 dicatur
3113 1962 3264 2023 unio
3303 1961 3414 2024 Dei
3455 1968 3521 2025 et
3562 1961 3818 2024 hominis
3852 1978 3950 2023 non

2512 2056 2577 2117 in
2628 2058 2961 2139 supposito
3018 2059 3127 2121 sed
3188 2077 3482 2141 persona,
3535 2068 3606 2122 ut
3659 2059 3950 2122 secundum

2510 2154 2966 2218 accidentalem
2999 2157 3334 2237 quamdam
3361 2158 3794 2240 proprietatem
3813 2156 3952 2219 dum-

2512 2258 2682 2313 taxat
2724 2251 3115 2335 intelligatur
3159 2272 3172 2317 :
3219 2256 3389 2337 quod
3439 2274 3665 2317 rursus
3709 2254 3954 2317 inimicus

2512 2349 2624 2411 Dei
2672 2350 3000 2413 Nestorius
3061 2353 3238 2415 dixit.
3289 2353 3540 2427 Adhuc,
3583 2372 3719 2436 quae
3767 2368 3953 2434 suppo-

2511 2446 2784 2510 sitaliter
2828 2449 3336 2531 distinguuntur,
3389 2451 3763 2533 simpliciter
3809 2448 3955 2532 plura

2512 2551 2701 2623 sunt;
2745 2564 2954 2629 neque
3002 2567 3144 2630 quoe
3192 2548 3306 2611 uni
3356 2550 3742 2612 conveniunt
3779 2565 3956 2610 secun·

2512 2643 2665 2705 dum
2697 2649 2987 2708 naturam
3021 2665 3213 2728 quam
3245 2646 3438 2709 habet
3467 2665 3546 2709 ex
3581 2647 3816 2729 propria
3847 2661 3954 2726 spe-

2512 2743 2630 2816 cie,
2663 2744 2845 2807 alteri
2885 2752 3250 2826 competere
3290 2752 3555 2827 queunt.
3601 2746 3667 2808 Si
3709 2745 3874 2825 igitur
3903 2741 3953 2802 in

2513 2840 2760 2904 Christo
2819 2842 3249 2908 confiteantur
3305 2843 3431 2906 duo
3481 2843 3812 2925 supposita,
3853 2857 3953 2902 non

2512 2940 2634 3001 erit
2675 2939 3059 3022 simpliciter
3087 2940 3243 3022 quid
3275 2959 3502 3013 unum,
3535 2948 3602 3003 et
3641 2959 3746 3023 per
3779 2955 3954 3003 conse·

2431 3038 2474 3103 C
2513 3056 2716 3120 quens
2748 3036 2910 3099 nihil
2941 3038 3080 3100 erit.
3099 3037 3258 3100 Nam
3294 3038 3467 3120 quod
3500 3057 3628 3101 non
3657 3045 3951 3107 estonum,

2511 3135 2676 3197 nihil
2726 3142 2840 3198 est.
2893 3136 3154 3212 RursuS,
3208 3155 3283 3199 ea
3336 3155 3480 3219 quae
3533 3137 3765 3199 ratione
3813 3140 3955 3197 natu-

2511 3252 2595 3296 rae
2636 3241 2980 3315 assumptae
3030 3234 3278 3297 Christo
3329 3236 3736 3307 conveniunt,
3771 3238 3956 3315 utputa

2511 3350 2650 3394 esse
2689 3340 2909 3394 natum
2954 3332 3032 3395 de
3077 3333 3356 3413 Virgine,
3391 3352 3652 3415 passum
3693 3341 3750 3395 et
3785 3327 3956 3411 sepul-

2509 3435 2671 3502 tum,
2705 3446 2832 3491 non
2865 3447 3144 3510 congrue
3174 3431 3678 3493 attribuerentur
3717 3430 3813 3491 Dei
3839 3427 3954 3489 Ver-

2510 3526 2594 3588 bo
2623 3527 2976 3590 secundum
3009 3528 3392 3611 positionem
3421 3525 3860 3610 hujuscemodi.

2850 3754 3339 3819 ARTICULUS
3385 3755 3660 3819 XLVII.

2509 3877 2605 3935 De
2626 3875 2949 3951 positione
2982 3876 3286 3953 Oriyenis
3312 3876 3492 3935 circa
3517 3876 3954 3952 productionem

2591 3971 2653 4021 et
2708 3965 3008 4023 ordinem
3081 3982 3331 4033 rerum,
3391 3972 3454 4022 et
3525 3966 3814 4025 unionem
3858 3958 3957 4022 Dei

2590 4074 2738 4116 cum
2779 4056 3058 4115 homine.

900 4230 1049 4274 nem
1081 4212 1450 4294 praedictam
1483 4213 1782 4275 dicebant
1811 4213 2043 4277 factam
2091 4236 2218 4279 non
2260 4218 2401 4299 qui·
2429 4218 2482 4281 D
2650 4214 2898 4278 OLENS
2969 4232 3159 4297 porro
3233 4215 3540 4297 Origenes
3605 4215 3954 4297 antiquorum

898 4310 1044 4372 dem
1087 4310 1150 4372 in
1193 4311 1545 4392 supposito,
1581 4311 1690 4373 sed
1724 4330 2013 4393 persona,
2048 4323 2118 4376 ut
2155 4315 2402 4379 scilicet

897 4407 1087 4471 Verbi
1132 4415 1198 4470 et
1238 4407 1411 4471 illius
1453 4408 1735 4472 hominis
1778 4412 1861 4472 sit
1905 4431 2024 4474 una
2073 4432 2356 4494 persona„

980 4505 1100 4567 Sed
1145 4505 1280 4568 haec
1325 4506 1556 4588 positio
1597 4506 1882 4569 veritatis
1922 4528 2150 4591 expers
2190 4518 2306 4585 est,
2338 4519 2403 4574 et

897 4622 935 4665 a
965 4602 1153 4685 plena
1183 4603 1315 4665 fide
1345 4603 1575 4665 aliena.
1608 4604 1765 4667 Nam
1808 4605 1957 4668 licet
1995 4609 2401 4690 suppositum

899 4720 1012 4764 seu
1052 4700 1411 4784 hypostasis
1443 4702 1526 4763 sit
1551 4703 1912 4782 generalius
1951 4724 2145 4787 quam
2187 4725 2402 4789 perso-

899 4818 1001 4871 na,
1056 4799 1119 4861 in
1180 4806 1407 4861 natura
1463 4807 1677 4863 tamen
1737 4800 2156 4865 intellectuali
2213 4823 2402 4869 omne

900 4898 1305 4979 suppositum
1356 4905 1450 4960 est
1508 4915 1801 4979 persona,
1855 4900 2022 4963 sicut
2074 4902 2268 4965 etiam
2325 4922 2402 4965 ex

900 4995 1281 5058 definitione
1312 5014 1504 5077 quam
1536 4996 1615 5058 de
1646 5015 1916 5079 persona
1955 5001 2218 5063 tradidit
2254 5002 2402 5064 Boe-

902 5094 1031 5155 tius
1065 5093 1406 5156 innotescit
1438 5111 1451 5155 :
1488 5093 1759 5158 Persona
1789 5103 1906 5169 est,
1943 5096 2174 5180 inquit,
2211 5100 2402 5162 ratio-

904 5191 1067 5252 nalis
1110 5198 1350 5254 naturae
1394 5191 1724 5254 individua
1771 5193 2203 5258 subsistentia.
2246 5197 2406 5259 Inci-

906 5288 1001 5350 dit
1070 5288 1265 5369 igitur
1332 5289 1467 5353 haec
1537 5290 1757 5371 opinio
1828 5291 1895 5355 in
1960 5292 2404 5359 Nestorianum

2668 4314 3113 4377 haereticorum
3149 4314 3506 4377 rationibus
3537 4315 3828 4386 resistere,
3847 4308 3958 4391 qui·

2512 4411 2634 4474 bus
2673 4413 2883 4474 conati
2931 4418 3080 4475 sunt
3125 4412 3459 4475 ostendere
3509 4413 3806 4475 diversam
3850 4408 3958 4470 sore

2513 4518 2808 4573 naturam
2837 4510 2990 4574 boni
3020 4529 3093 4573 ac
3127 4509 3279 4572 mali
3311 4510 3377 4571 in
3409 4510 3604 4574 rebus
3645 4530 3717 4575 ex
3759 4514 3958 4571 contra-

2512 4610 2625 4671 riis
2654 4609 2998 4684 actoribus,
3024 4609 3178 4671 moti
3208 4627 3286 4671 ex
3317 4610 3806 4673 consideratione
3833 4603 3959 4668 mul-

2512 4715 2592 4771 tae
2627 4726 2700 4770 ac
2740 4706 3142 4771 vehementis
3180 4706 3500 4770 distantiae
3541 4708 3606 4770 in
3649 4706 3820 4770 rebus
3855 4710 3958 4765 tam

2511 4805 2912 4868 naturalibus
2993 4823 3186 4886 quam
3268 4804 3571 4867 humanis
3647 4808 3956 4886 compen-tir,

2514 4922 2708 4985 quam
2765 4901 2942 4965 nulla
3008 4902 3239 4965 merita
3303 4910 3776 4984 proecesserunt,
3828 4900 3960 4962 sicut

2514 5002 2684 5084 quod
2741 5007 2967 5062 natura
3022 5019 3151 5062 una
3207 5007 3306 5063 est
3359 5000 3488 5063 alia
3544 5000 3874 5071 sublimior,
3913 5002 3962 5056 et

2515 5116 2856 5181 corporum
2923 5099 3216 5179 quaedam
3276 5098 3662 5180 quibusdam
3717 5096 3956 5163 clariora,

2513 5196 2804 5281 quaedam
2848 5214 3000 5259 vero
3042 5195 3416 5259 obscuriora
3459 5206 3631 5271 sunt,
3675 5194 3957 5260 hominum

2514 5312 2770 5379 quoque
2799 5294 3059 5377 quidam
3098 5313 3177 5357 ex
3219 5294 3536 5371 Barbarie,
3569 5295 3811 5379 quidam
3837 5306 3956 5355 vero
