4300 6259
855 468 977 535 380
1470 490 1549 535 na·
1590 490 1815 537 Lemma·
1857 488 2238 536 cumsrmrzffl
2279 487 2580 546 macnus,
2625 489 2800 537 maan
2841 490 2880 537 1.
2927 509 3006 519 --
3046 490 3185 537 Anr.
3233 489 3380 537 cxm

860 660 942 723 ab
971 667 1207 723 aeterno
1240 660 1517 723 mundus
1562 660 1808 735 fuisset,
1842 660 2113 723 infinitae
2159 659 2362 721 circu·
2391 657 2443 721 A
2473 660 2857 740 generantia.
2894 661 3070 724 Unde
3098 660 3307 723 adhuc
3337 659 3565 723 fuisset
3593 660 3796 735 homo,
3826 675 3934 721 non

863 759 1131 822 lationes
1160 768 1223 821 et
1252 760 1388 822 dies
1416 760 1547 840 jam
1581 759 2093 842 pertransissent.
2118 794 2200 802 —
2219 759 2362 820 Am-

862 857 1056 939 pliuS,
1098 866 1263 921 esset
1312 858 1640 920 infinitum
1690 866 1835 920 actu
1880 876 1893 919 :
1937 857 2087 938 quia
2133 855 2364 919 animae

865 956 1198 1019 hominurn
1232 956 1621 1020 immortales
1652 966 1802 1018 sunt
1832 956 2184 1019 secundum
2227 954 2365 1037 phi-

609 1069 691 1109 ut.
712 1080 839 1111 xcvnu
866 1053 1243 1137 losophiam‚
1262 1054 1427 1117 sicut
1457 1064 1914 1137 praeostensum
1948 1054 2240 1117 est—At
2264 1071 2364 1116 ve-

572 1134 617 1173 ct
638 1143 676 1174 ι.

864 1170 956 1226 ῐό,
993 1152 1055 1215 in
1098 1152 1307 1215 causis
1346 1151 1782 1215 efficientibus
1822 1160 1989 1214 esset
2028 1169 2364 1233 processus

863 1251 929 1312 in
982 1250 1335 1323 infinitum,
1380 1250 1681 1313 videlicet
1730 1251 1794 1312 in
1844 1249 2296 1332 generantibus
2345 1266 2358 1310 ε

861 1350 1032 1431 quod
1064 1367 1191 1412 non
1222 1349 1551 1430 contingit.
1586 1349 1925 1431 Nunquam
1957 1349 2126 1410 enim
2159 1349 2362 1409 virtus

858 1447 1202 1527 generandi
1244 1447 1491 1513 veniret
1520 1447 1597 1509 ad
1632 1447 1801 1509 hunc
1839 1454 2274 1527 generantem,
2307 1446 2363 1507 si

858 1562 987 1607 non
1017 1552 1186 1607 esset
1214 1544 1605 1626 principium
1647 1544 1757 1605 ubi
1798 1544 2011 1605 fluxus
2052 1544 2366 1625 inciperet

860 1643 1271 1705 causalitatiS.
1331 1678 1412 1687 —
1470 1644 1795 1715 Praeterea,
1859 1642 2117 1706 infinito
2176 1642 2363 1704 fieret

858 1740 1119 1814 additio,
1192 1760 1391 1821 quum
1461 1747 1676 1802 tamen
1744 1739 2071 1801 infinitum
2141 1740 2360 1820 augeri

2472 757 2747 839 genituS‚
2781 759 2892 821 sed
2922 766 3167 821 tantum
3211 766 3462 822 creatus
3497 776 3510 821 :
3545 766 3608 821 et
3651 758 3752 821 ille
3791 756 3940 821 vide-

2477 864 2652 917 retur
2693 876 2834 919 6356
2878 857 3123 939 primus
3168 858 3528 920 hominum.

2555 955 2675 1017 Sed
2719 963 2938 1017 contra
2981 956 3100 1018 hoc
3149 956 3533 1019 fortissimas
3581 953 3944 1033 objectiones

2472 1053 2709 1115 habent
2737 1054 3102 1115 adversarii.
3139 1054 3200 1117 Si
3235 1055 3410 1116 enim
3451 1061 3547 1116 est
3585 1053 3858 1135 primum
3891 1058 3946 1113 et

2472 1151 2796 1225 ultimum,
2849 1169 2978 1214 non
3034 1160 3130 1214 est
3181 1152 3510 1215 infinitum
3569 1149 3942 1232 assignabile.

2471 1249 2716 1322 Adhuc,
2769 1249 2881 1310 ubi
2940 1258 3036 1312 est
3096 1251 3377 1332 primurn
3439 1258 3503 1313 et
3551 1248 3843 1311 ultimum
3884 1266 3947 1307 ac

2473 1347 2782 1421 medium,
2837 1347 2968 1408 illic
3026 1356 3123 1410 est
3169 1348 3345 1421 ord0,
3399 1347 3510 1429 qui
3568 1348 3637 1409 in
3697 1344 3948 1407 infinitis

2473 1463 2876 1527 nequaquam
2923 1464 3062 1507 esse
3111 1452 3337 1527 potest.
3381 1446 3460 1507 Et
3504 1446 3630 1507 alia
3675 1441 3948 1505 difficilia

2471 1542 2714 1604 addunt
2770 1542 3060 1606 doctores
3118 1542 3370 1605 Ordinis
3429 1543 3714 1604 Fratrum
3771 1540 3946 1603 Mino-

2473 1658 2614 1702 rum
2653 1658 2665 1703 :
2701 1661 2843 1723 quae
2882 1648 3094 1704 tamen
3129 1642 3498 1704 insolubilia
3528 1658 3657 1703 non
3697 1647 3855 1702 sunt.
3885 1639 3946 1700 In

2473 1738 2591 1801 hac
2622 1747 2834 1803 tamen
2868 1740 3148 1803 editione
3187 1758 3316 1803 non
3355 1740 3658 1803 convenit
3697 1738 3946 1801 multum

858 1856 987 1901 non
1028 1839 1250 1921 possit.
1292 1840 1415 1901 Has
1463 1838 1703 1920 quippe
1754 1838 2029 1903 rationes
2088 1844 2150 1899 et
2205 1838 2359 1900 alias
2391 1834 2437 1895 B
2473 1838 2800 1920 disputare
2831 1846 3050 1900 contra
3079 1838 3231 1901 istos
3267 1839 3474 1921 :quod
3506 1838 3682 1900 enim
3715 1837 3951 1899 demon-

861 1936 1079 2019 plures
1124 1937 1223 1999 his
1266 1936 1633 1999 subtiliores
1675 1936 1779 1998 isti
1824 1936 2167 1998 adducunt.

943 2035 1062 2097 Sed
1108 2035 1471 2109 dicendum,
1506 2034 1674 2116 quod
1719 2036 1887 2097 sicut
1929 2034 2204 2097 rationes
2249 2051 2361 2095 vo-

862 2133 1131 2195 lentium
1162 2134 1495 2196 ostendere
1526 2134 1938 2196 aeternitatem
1974 2134 2190 2195 mundi
2223 2150 2362 2215 pro-

862 2230 1106 2293 babiles
1138 2232 1345 2293 solum
1376 2240 1545 2305 sunt,
1564 2250 1689 2293 non
1710 2239 1921 2293 autem
1953 2232 2360 2309 necessariae3

860 2330 952 2390 sic
1001 2336 1065 2391 et
1114 2328 1249 2392 istae
1294 2328 1805 2411 probabilitatem
1852 2329 2057 2391 solum
2100 2328 2355 2391 habent.

860 2427 1270 2490 Solverentur
1300 2428 1471 2489 enirn
1509 2447 1546 2489 a
1586 2427 2003 2509 philosophis.
2040 2427 2116 2488 Et
2155 2427 2362 2508 prima

859 2545 1079 2590 earum
1120 2526 1250 2606 jam
1296 2527 1505 2588 soluta
1546 2533 1659 2589 est.
1693 2526 1892 2588 Habet
1936 2526 2108 2587 enim
2153 2526 2360 2587 solum

860 2625 1194 2687 veritatem
1228 2624 1293 2687 in
1324 2625 1424 2685 his
1456 2644 1597 2707 quae
1640 2643 1753 2707 per
1792 2632 2031 2686 motum
2076 2633 2357 2687 causant.

865 2725 1029 2787 Deus
1068 2731 1284 2786 autem
1334 2731 1430 2786 est
1475 2724 1764 2786 omnium
1818 2741 2028 2797 causa,
2080 2723 2360 2805 simplici

864 2842 993 2885 suae
1025 2823 1185 2884 lucis
1230 2821 1598 2884 diffusione.
1633 2858 1713 2867 —
1741 2822 1834 2884 Ad
1879 2822 2224 2884 secundam
2267 2840 2361 2883 re-

862 2920 1337 3002 spondendum,
1399 2920 1569 3001 quod
1636 2938 1827 2981 causa
1886 2920 2093 3000 prima
2151 2920 2360 2981 adhuc

2472 1943 2670 1998 strare
2737 1936 3097 2009 intendunt,
3161 1954 3288 1999 non
3357 1935 3573 1998 obviat
3632 1933 3946 1997 intentioni

2472 2034 2804 2115 praesentis
2833 2034 3117 2107 theoriae,
3151 2053 3293 2115 quae
3325 2051 3398 2095 ea
3426 2051 3569 2114 quae
3607 2031 3761 2094 fidei
3797 2038 3948 2101 sunt,

2473 2140 2738 2193 conatur
2779 2139 3090 2213 quantum
3135 2131 3401 2194 facultas
3442 2129 3749 2193 naturalis
3785 2129 3951 2191 ratio-

2473 2232 2574 2293 nis
2622 2231 2920 2304 admittit,
2971 2250 3098 2293 non
3147 2232 3293 2293 dico
3350 2231 3808 2301 demonstrare,
3854 2227 3952 2289 sed

2475 2327 2875 2391 rationabilia
2903 2336 2966 2391 et
2996 2346 3123 2391 non
3167 2327 3582 2410 impossibilia
3611 2325 3748 2390 fore
3773 2333 3956 2388 osten·

2473 2427 2642 2489 dere.
2679 2426 2900 2489 Dicere
2930 2433 3144 2488 tamen
3187 2433 3400 2507 posset
3439 2426 3550 2507 qui
3591 2424 3952 2506 respondere

2473 2526 2566 2587 eis
2599 2524 2810 2597 vellet,
2844 2526 3014 2606 quod
3047 2532 3214 2587 esset
3259 2525 3408 2586 dare
3449 2523 3731 2605 primum
3771 2522 3951 2583 bomi-

2473 2642 2644 2696 nem,
2668 2622 2834 2684 sicut
2865 2630 2929 2685 et
2958 2630 3216 2704 tempus
3245 2630 3310 2685 et
3341 2629 3551 2684 motus
3582 2621 3838 2683 initium
3864 2619 3948 2681 sui

2475 2721 2806 2794 haberent,
2841 2739 2916 2784 eo
2945 2722 3116 2804 quod
3163 2722 3555 2803 recepissent
3585 2739 3773 2782 suum
3805 2736 3944 2781 esse.

2472 2821 2605 2883 Stat
2643 2820 2814 2882 enim
2858 2828 3113 2901 tempus
3157 2826 3221 2882 et
3260 2820 3572 2881 mundum
3617 2837 3759 2881 esse
3797 2824 3951 2880 aeter-

2473 2938 2574 2993 na,
2617 2926 2680 2981 et
2727 2926 2938 2981 tamen
2989 2918 3109 2980 hoc
3161 2919 3348 2981 modo
3395 2918 3632 2979 habere
3689 2916 3946 2978 initium.

862 3018 1285 3100 praecessisset
1356 3026 1565 3079 creata
1622 3017 1843 3079 ordine
1905 3023 2168 3091 naturae,
2232 3036 2356 3079 non
2392 3012 2434 3074 C
2471 3016 2610 3079 Non
2661 3016 2855 3097 igitur
2901 3026 3068 3078 esset
3115 3016 3264 3078 dare
3314 3016 3594 3097 primum
3645 3014 3950 3076 hominem

858 3124 1149 3197 tempore
1212 3134 1225 3177 τ
1285 3124 1348 3177 et
1416 3116 1506 3177 sic
1575 3133 1699 3178 non
1762 3134 1899 3178 esse
1960 3116 2050 3178 rei
2109 3123 2357 3189 creatae,

863 3213 1291 3296 praecessisset
1336 3213 1476 3292 ejus
1520 3232 1680 3286 esse,
1724 3232 1851 3275 non
1896 3221 2206 3295 ternpore,
2250 3215 2359 3276 sed

864 3312 1217 3375 secundum
1251 3312 1419 3393 quod
1453 3329 1578 3374 non
1611 3330 1749 3373 esse
1780 3312 1871 3374 rei
1904 3320 2129 3375 creatae
2161 3321 2360 3374 atten-

863 3410 1037 3472 ditur
1067 3411 1130 3472 in
1164 3410 1582 3492 praecessione
1616 3410 1724 3471 illa
1760 3430 1887 3493 qua
1925 3430 2115 3472 causa
2155 3410 2363 3492 prima

864 3516 1209 3591 poneretur
1254 3508 1427 3589 prior
1468 3508 1724 3571 entibus
1768 3508 2017 3570 creatis,

942 3606 1032 3668 Ad
1066 3605 1315 3668 tertiam
1349 3606 1689 3688 respondet
1709 3606 1999 3681 ThomaS,
2026 3606 2194 3688 quod
2227 3624 2364 3687 per-

863 3704 1143 3779 transiri,
1196 3705 1464 3786 requirit
1522 3705 1647 3766 duo
1706 3713 2008 3767 extrema.
2070 3705 2260 3766 Porro
2309 3703 2362 3765 si

865 3804 1143 3865 mundus
1172 3802 1252 3864 ab
1284 3811 1520 3865 aeterno
1554 3802 1799 3875 fuisset,
1835 3820 1960 3865 non
1994 3810 2163 3865 esset
2200 3802 2364 3864 acci-

864 3921 1015 3985 pere
1042 3902 1312 3984 primam
1347 3901 1850 3973 circulationem,
1884 3909 1947 3963 et
1992 3920 2106 3983 per
2146 3919 2364 3963 conse-

867 4020 1069 4083 quens
1136 4019 1254 4062 nec
1323 4000 1777 4081 pertransitum
1848 4019 2009 4073 esse,
2069 4000 2398 4081 quamvis·

864 4099 1166 4181 quaelibet
1195 4097 1525 4160 circulatio
1566 4099 1916 4160 secundum
1967 4118 2033 4160 se
2078 4106 2358 4179 accepta,

2473 3115 2824 3177 secundum
2857 3114 3166 3195 temporis
3199 3112 3719 3187 mensuram‚sed
3753 3130 3952 3174 secun-

2471 3212 2626 3273 dum
2658 3212 2946 3273 ordinem
2995 3212 3414 3273 emanationis
3455 3230 3494 3272 a
3537 3211 3750 3291 primo
3786 3227 3950 3289 agen·

2473 3320 2565 3389 te;
2599 3318 2663 3373 et
2691 3328 2842 3390 ergo
2875 3310 3276 3392 impossibile
3314 3328 3441 3371 non
3483 3316 3650 3372 esset
3681 3308 3951 3370 infinitos

2474 3409 2766 3472 homines
2798 3409 2996 3471 fuisse
3027 3408 3380 3471 secundum
3408 3408 3800 3470 infinitatem
3823 3414 3955 3468 tem-

2474 3508 2670 3591 poriS,
2705 3507 2853 3569 licet
2899 3509 3145 3589 primus
3191 3506 3396 3581 detur,
3429 3505 3542 3588 qui
3584 3506 3780 3568 etiarn
3823 3522 3953 3567 cum

2475 3614 2764 3687 tempore
2793 3604 2987 3667 simul
3021 3604 3263 3687 incepit
3287 3623 3301 3667 ε
3325 3604 3726 3667 ascendendo
3762 3613 3952 3667 tamen

2473 3723 2803 3786 nunquam
2854 3704 3267 3767 deveniretur
3315 3705 3392 3765 ad
3443 3722 3620 3777 eum,
3663 3704 3714 3765 si
3769 3702 3954 3765 adhuc

2471 3811 2660 3873 esset,
2681 3804 2810 3866 imo
2841 3821 2956 3865 nec
2988 3802 3628 3884 appropinquaretur.
3650 3802 3795 3865 Haec
3823 3818 3956 3863 vero

2474 3903 2616 3965 ideo
2667 3903 2732 3964 in
2794 3909 3041 3964 tantum
3100 3901 3256 3973 dixi,
3309 3910 3380 3962 ut
3430 3908 3642 3983 pateat
3698 3901 3956 3963 rationes

2474 4019 2696 4064 eorum
2748 4001 2858 4081 qui
2911 3999 3182 4082 probare
3221 4000 3448 4062 volunt
3498 3999 3958 4081 impossibilita-

2475 4108 2602 4162 tem
2662 4098 3032 4161 aeternitatis
3090 4097 3335 4170 mundi,
3384 4115 3512 4161 non
3571 4097 3788 4159 minus
3833 4094 3958 4158 effi-

866 4197 1237 4280 pertransiri
1290 4197 1585 4277 potuerit,
1629 4215 1827 4277 quum
1880 4196 1971 4258 sic
2022 4197 2104 4257 sit
2155 4196 2357 4258 finita.
2394 4198 2443 4260 D
2477 4217 2655 4260 caces
2703 4198 2836 4259 fore
2883 4196 3238 4259 rationibus
3292 4195 3816 4278 philosophorum
3863 4212 3957 4255 ne-

867 4296 987 4357 Sed
1031 4294 1185 4376 quid
1231 4293 1539 4357 efficacias
1569 4293 1799 4356 habeat
1843 4295 1976 4356 haec
2010 4295 2360 4375 responsi0‚

866 4394 1160 4474 relinquo
1217 4392 1615 4454 adversariis.
1679 4391 1811 4454 Non
1872 4393 2045 4454 enim
2109 4400 2367 4455 conten-

867 4499 1082 4553 tantur
1112 4491 1177 4552 in
1209 4509 1283 4552 ea
1315 4508 1328 4551 :
1356 4490 1503 4571 quia
1536 4490 2089 4571 qualitercumque
2129 4490 2365 4571 accipi·

865 4597 1055 4653 antur
1085 4588 1513 4651 revolutiones
1544 4589 1711 4663 coeli,
1736 4606 1958 4651 omnes
1990 4609 2130 4670 quae
2163 4607 2366 4671 usque

868 4690 934 4751 in
994 4687 1373 4750 hodiernum
1434 4686 1714 4755 fuerunt,
1778 4688 2285 4769 pertransierunt
2351 4705 2362 4748 :

870 4806 1012 4868 quae
1049 4794 1263 4848 tamen
1305 4783 1575 4847 infinitae
1620 4792 1786 4847 sunt.
1820 4785 1969 4847 Mihi
2015 4792 2228 4847 autem
2276 4786 2366 4849 vi-

871 4885 1077 4958 detur,
1114 4884 1281 4965 quod
1313 4884 1463 4946 licet
1502 4884 1779 4946 mundus
1818 4883 1898 4945 ab
1938 4892 2176 4947 aeterno
2218 4884 2372 4947 fuis-

870 4991 983 5058 set,
1025 4982 1233 5044 adhuc
1273 4981 1519 5063 species
1559 5000 1773 5043 rerum
1814 4982 2273 5063 processissent
2306 4983 2369 5044 in

2475 4296 2837 4358 cessitatem
2897 4294 3270 4358 aeternitatis
3341 4292 3564 4355 mundi
3624 4293 3957 4356 volentium

2478 4396 2914 4456 demonstrare
2969 4410 2982 4454 ε
3036 4411 3236 4474 quum
3295 4400 3508 4453 tamen
3571 4410 3782 4473 neque
3835 4390 3958 4452 istae

2479 4510 2689 4573 neque
2740 4491 2863 4554 illae
2923 4490 3440 4553 demonstrativae
3497 4489 3644 4551 sint.
3701 4490 3960 4552 Praesens

2481 4600 2692 4654 autem
2729 4590 2992 4651 materia
3020 4588 3205 4651 valde
3235 4588 3643 4670 disputabilis
3673 4596 3790 4661 est,
3809 4588 3960 4649 ideo·

2482 4708 2606 4772 que
2639 4706 2754 4770 pro
2785 4707 2957 4750 nunc
2989 4687 3140 4750 satis
3169 4688 3252 4749 sit
3280 4687 3681 4749 occasionem
3721 4686 3962 4749 investi—

2481 4787 2670 4869 gandi
2715 4795 2778 4848 et
2814 4786 3298 4868 argumentandi
3339 4786 3510 4847 circa
3547 4803 3689 4848 eam
3729 4786 3960 4848 dedisse

2483 4887 2602 4948 hoc
2647 4885 2852 4947 modo.

2561 4985 2650 5046 Ad
2684 4990 2973 5065 quartam
3017 4982 3347 5063 responsio
3385 4980 3600 5044 habita
3637 4989 3738 5045 est
3774 4982 3835 5044 in
3873 4981 3960 5042 his

870 5100 1011 5144 esse
1060 5098 1173 5161 per
1216 5080 1600 5142 creationem
1642 5080 1839 5160 (quod
1886 5080 2109 5161 utique
2157 5080 2372 5161 negari

876 5197 1003 5241 non
1038 5177 1291 5260 potest),
1325 5184 1388 5239 et
1417 5177 1509 5239 sic
1541 5178 1605 5239 in
1638 5177 1977 5259 speciebus
2020 5185 2189 5242 esset
2224 5179 2374 5242 dare

876 5277 1208 5340 individua
1250 5283 1479 5350 creata,
1521 5292 1649 5338 non
1690 5275 1925 5357 genita,
1968 5278 2079 5341 sed
2126 5284 2374 5341 tantum

2486 5101 2627 5165 quae
2668 5099 2874 5163 nuper
2916 5087 3134 5143 contra
3172 5078 3712 5142 immortalitatem
3751 5081 3962 5142 animae
4007 5098 4173 5153 aas:

2486 5179 2974 5261 objiciebantur.
3007 5214 3086 5224 —
3117 5177 3210 5241 Ad
3252 5178 3542 5260 quintam
3582 5178 3806 5241 dicunt
3841 5176 3958 5261 phi·
3983 5170 4102 5213 Μ’·

2485 5277 2758 5361 losophi,
2811 5277 2982 5360 quod
3039 5276 3106 5339 in
3164 5276 3373 5339 causis
3429 5275 3856 5340 subordinatis
3905 5282 3960 5335 et
