4300 6259
57 1563 70 1582 ⁹
99 1586 310 1632 Gen-,miz

144 1685 234 1729 Ibid-
255 1685 312 1726 16.

96 1777 206 1824 fecti.
219 1777 316 1825 ml.

99 2361 162 2404 Ιοὸ
183 2373 252 2412 m.
279 2363 312 2402 l.

992 505 1414 556 accumulo
1451 503 1850 555 momulus.
1895 523 1976 536 --
2017 505 2096 554 1>ss
2137 505 2405 556 PBCGATO
2446 507 2759 558 omcmau

3308 491 3428 554 193

331 681 406 738 tae
447 675 803 756 praesentis,
833 673 1060 748 fameS,
1092 675 1256 750 sitis,
1287 675 1616 750 lassitud0,
1649 691 1820 738 mors
1851 673 1904 738 A
1933 682 2144 740 catum
2177 677 2297 741 hoc
2329 695 2455 742 non
2488 678 2569 742 sit
2598 679 2839 742 directe
2870 677 3099 742 vitium
3142 694 3429 760 personae

333 779 392 834 et
445 773 805 836 consimilia
863 774 1177 855 quaedam,
1228 781 1378 836 sunt
1432 773 1704 837 effectus
1760 779 1822 835 et

335 887 594 942 merces,
627 888 815 952 poena
851 878 916 934 et
955 871 1116 934 ultio
1154 871 1484 952 originalis
1527 871 1768 952 peccati
1805 887 1819 932 ε

333 986 466 1048 quae
509 967 715 1030 nihilo
761 968 976 1031 minus
1025 968 1340 1031 naturalia
1387 975 1538 1031 sunt
1583 975 1824 1031 naturae

331 1064 618 1128 humanae
661 1067 1016 1129 secundum
1059 1085 1130 1129 se
1171 1067 1344 1129 nude
1387 1066 1820 1140 consideratae,

332 1181 524 1244 quum
566 1179 756 1226 omne
799 1165 1074 1228 mixtum
1119 1164 1474 1228 secundum
1517 1183 1586 1227 se
1625 1183 1822 1246 quan·

331 1269 464 1323 tum
489 1261 569 1323 ad
609 1262 922 1325 naturalia
960 1282 1076 1326 sua
1103 1263 1188 1326 sit
1217 1260 1652 1344 corruptibile,
1677 1268 1742 1324 et
1769 1261 1823 1324 si

333 1358 546 1422 vivum
589 1359 693 1434 sit,
735 1367 834 1423 est
876 1360 1161 1436 mortale,
1204 1358 1532 1444 passibile,
1574 1365 1694 1422 etc.
1737 1359 1826 1422 De

335 1457 428 1519 his
475 1457 686 1538 poenis
725 1459 970 1540 aliquid
1021 1459 1230 1540 tetigit
1275 1459 1442 1522 Deus
1474 1457 1538 1520 in
1571 1457 1824 1530 Genesi,

337 1555 596 1637 loquens
643 1555 792 1620 Adae
845 1575 860 1618 :
911 1557 1240 1620 Maledicta
1285 1565 1455 1619 terra
1511 1556 1578 1619 in
1635 1573 1828 1638 opere

339 1662 464 1728 tuo,
503 1661 670 1732 etc.;
709 1661 776 1716 et
811 1655 980 1728 Evae,
1013 1655 1450 1738 Multiplicabo
1487 1672 1826 1728 aerumnas,

339 1761 454 1816 etc.
497 1751 658 1814 Hinc
701 1753 768 1815 in
809 1751 1254 1816 Ecclesiastico
1301 1752 1532 1834 legitur
1576 1769 1590 1814 :
1637 1751 1832 1816 Occu-

1933 771 2000 834 in
2059 775 2353 856 posteris,
2410 776 2521 839 sed
2580 777 2757 839 velut
2813 795 2929 859 per
2982 775 3301 850 accidens,
3362 773 3429 836 in

1933 879 2245 952 quantum
2299 891 2571 956 persona
2616 875 2809 937 talem
2862 873 3051 937 habet
3097 881 3428 952 naturam3

1935 968 2177 1032 idcirco
2206 988 2333 1034 non
2364 971 2657 1053 sequitur
2684 972 2855 1054 quod
2894 971 2977 1034 sit
3014 973 3079 1034 in
3122 977 3433 1054 potestate

1935 1069 2215 1151 prolium
2287 1068 2643 1151 primorum
2724 1076 3061 1152 parentum
3138 1067 3435 1149 originali

1937 1174 2201 1249 peccato
2242 1183 2477 1229 carere.

2328 1375 2847 1442 PROPOSITIO
2894 1375 3029 1441 CV.

2023 1559 2419 1638 originali
2490 1563 2811 1642 peceato
2879 1575 3037 1628 non
3104 1561 3437 1628 debetur

1938 1660 2118 1740 post
2158 1659 2415 1725 vitam
2452 1658 2658 1726 hane
2698 1674 2929 1741 poena
2968 1675 3267 1743 senene,
3298 1660 3439 1728 sed

1939 1771 2174 1838 poena
2214 1756 2508 1826 damm.

339 1851 504 1934 patio
561 1869 788 1932 magna
842 1859 1051 1915 creata
1107 1858 1205 1916 est
1261 1851 1562 1916 omnibus
1627 1849 1830 1914 homi·
1865 1851 1914 1916 B
2019 1854 2195 1928 Quod
2226 1863 2345 1928 est,
2378 1855 2683 1936 quoniam
2716 1855 2779 1918 in
2811 1864 3073 1938 peccato
3106 1864 3256 1920 sunt
3284 1857 3435 1932 due,

339 1949 542 2023 nibus,
575 1957 640 2012 et
673 1949 900 2031 jugum
940 1968 1134 2031 grave
1170 1964 1366 2034 super
1401 1967 1626 2014 omnes
1655 1947 1830 2012 filios

337 2049 554 2122 Adam,
573 2067 612 2111 a
631 2048 736 2111 die
763 2049 972 2112 exitus
1001 2050 1082 2112 de
1102 2058 1324 2113 ventre
1355 2049 1576 2112 matris
1605 2065 1830 2112 eorum

337 2165 534 2228 usque
578 2147 644 2209 in
685 2147 858 2210 diem
903 2147 1250 2230 sepulturae
1289 2148 1356 2210 in
1399 2155 1666 2210 matrem
1697 2163 1832 2210 om·

337 2245 532 2309 nium.
565 2244 698 2308 Hoc
730 2246 942 2329 ipsum
975 2245 1182 2310 fassus
1227 2253 1326 2310 est
1365 2252 1622 2310 sanctus
1661 2245 1778 2309 Job
1811 2261 1828 2308 ι

338 2343 532 2407 Homo
571 2343 932 2427 (inquiens)
971 2353 1158 2408 natus
1199 2346 1280 2408 de
1325 2344 1616 2418 muliere,
1649 2343 1828 2408 brevi

337 2443 556 2506 vivens
593 2449 908 2526 tempore,
941 2443 1224 2527 repletur
1267 2443 1488 2507 multis
1531 2442 1827 2506 miseriis..

339 2541 488 2603 Hinc
517 2541 862 2605 innotescit
889 2560 1082 2624 quam
1117 2541 1396 2616 felicem,
1419 2541 1830 2624 tranquillam

335 2639 830 2722 deliciosamque
885 2640 1082 2704 vitam
1139 2641 1548 2703 duxissemus
1608 2639 1672 2701 in
1723 2657 1830 2722 pa-

337 2738 562 2812 radiso,
611 2739 664 2801 si
721 2756 850 2801 non
911 2739 1359 2802 intervenisset
1415 2743 1750 2821 peccatum
1813 2753 1828 2798 t

337 2835 574 2900 idcirco
627 2837 1070 2920 superoptimo
1127 2845 1190 2900 et
1249 2834 1832 2918 supermunisscen·

334 2934 580 2999 tissimo
625 2935 904 2999 Creatori
965 2934 1276 2998 debemus
1334 2934 1562 2997 intime
1624 2951 1831 3014 regra-

1941 1959 2128 2034 puta:
2154 1952 2447 2028 formale,
2465 1953 2637 2035 quod
2666 1961 2763 2016 est
2792 1955 3027 2018 mentis
3044 1953 3441 2018 deordinatio

1939 2070 1976 2114 a
2031 2051 2251 2115 debito
2308 2051 2465 2126 fine,
2514 2070 2627 2114 seu
2684 2052 2829 2133 ejus
2884 2071 2923 2115 a
2970 2071 3221 2116 summo
3270 2052 3441 2116 bono

1939 2151 2191 2215 aversio
2225 2169 2240 2212 ε
2285 2150 2389 2215 cui
2434 2151 2845 2234 appropriate
2886 2150 3155 2214 debetur
3196 2158 3262 2214 et
3304 2167 3440 2214 cor-

1941 2249 2285 2330 respondet
2334 2267 2526 2332 poena
2568 2247 2811 2322 damni,
2864 2267 3009 2332 quae
3064 2257 3161 2310 est
3206 2249 3441 2312 divinae

1941 2355 2132 2429 atque
2192 2345 2509 2410 beatificae
2567 2345 2835 2410 visionis
2892 2347 3190 2410 carentia.
3250 2346 3441 2410 Aliud

1943 2445 2010 2508 in
2059 2452 2322 2528 peccato
2363 2452 2461 2507 est
2510 2444 2860 2519 materiale,
2905 2444 3077 2526 quod
3121 2451 3217 2506 est
3258 2443 3441 2507 incli-

1943 2544 2116 2606 natio
2163 2550 2274 2606 aut
2320 2543 2673 2606 contractio
2722 2542 2955 2606 mentis
3012 2541 3308 2605 humanae
3361 2540 3443 2604 ad

1943 2640 2399 2705 commutabile
2450 2640 2715 2715 bonum,
2764 2641 2843 2702 ad
2894 2639 3227 2722 proprium
3276 2656 3447 2703 com-

1945 2740 2205 2802 modum
2235 2744 2347 2801 aut
2374 2737 2707 2812 honorem,
2740 2737 2843 2800 vel
2882 2737 3269 2818 negligentia
3306 2737 3443 2799 sive

1941 2837 2207 2901 omissio
2252 2835 2453 2900 debiti
2502 2836 2653 2900 boni
2700 2853 2715 2898 ε
2770 2835 2876 2898 cui
2926 2854 3135 2918 pravae
3188 2853 3447 2898 conver·

1943 2936 2105 2999 sioni
2166 2934 2438 2998 debetur
2494 2941 2559 2997 et
2616 2933 2910 3015 congruit
2957 2951 3146 3016 poena
3194 2951 3441 3008 sensus,

335 3033 492 3106 tisri,
525 3033 640 3116 qui
669 3041 982 3116 quantum
1023 3034 1088 3096 in
1129 3053 1198 3096 se
1237 3032 1380 3108 fuit,
1415 3039 1509 3096 tot
1545 3050 1618 3094 ac
1659 3038 1832 3095 tanta
1867 3035 1910 3100 C
1941 3033 2062 3097 hoc
2109 3042 2207 3098 est
2254 3032 2581 3097 sensibilis
2630 3051 2841 3115 poena,
2886 3033 2969 3097 ob
3018 3029 3443 3097 inordinatam

337 3131 512 3195 nobis
557 3131 724 3195 bona
769 3131 986 3213 largiri
1027 3131 1330 3195 decrevit.

711 3339 1232 3408 PROPOSITIO
1279 3339 1448 3406 CIV.

411 3526 816 3606 originale
875 3527 1290 3608 peccatum
1349 3525 1514 3592 (1101
1569 3525 1834 3606 potest

337 3627 742 3706 peecatum
791 3626 1124 3704 natm-m,
1165 3623 1830 3706 quemadmodum

337 3723 642 3792 actuale
661 3723 1396 3806 peecatumdlcstur
1415 3723 1830 3804 peecatum

339 3837 706 3906 personoe.

413 3921 590 3995 Quod
622 3927 738 3994 est,
773 3919 1080 4003 quoniam
1118 3936 1310 3981 omne
1349 3925 1684 4000 peccatum
1723 3917 1833 3981 ali-

343 4037 463 4102 quo
505 4017 698 4082 modo
727 4016 1160 4082 voluntarium
1203 4015 1322 4078 rite
1355 4023 1654 4078 censetur
1685 4033 1700 4078 :
1736 4035 1832 4080 er·

341 4135 415 4200 go
451 4125 516 4182 et
558 4115 894 4198 originale.
933 4114 1476 4190 Quemadmodum
1519 4113 1692 4178 enim
1739 4121 1836 4178 est

1943 3132 2431 3196 delectationem
2492 3131 2559 3194 in
2616 3138 2985 3206 recreata,
3042 3131 3224 3212 juxta
3282 3130 3443 3194 illud

1941 3231 2409 3313 Apocalypseos
2444 3247 2459 3292 ε
2492 3229 2809 3304 Quantum
2849 3228 3237 3311 glorificavit
3272 3247 3341 3291 se
3378 3235 3444 3292 et

1943 3330 2008 3392 in
2039 3328 2291 3391 deliciis
2320 3328 2465 3402 fuit,
2498 3334 2747 3390 tantum
2778 3327 2923 3390 date
2952 3327 3011 3388 ei
3050 3333 3443 3390 tormentum

1941 3435 2007 3490 et
2037 3427 2303 3490 luctum.
2338 3426 2527 3488 Porro
2570 3425 2635 3487 in
2675 3425 2971 3507 originali
3013 3432 3275 3507 peccato
3312 3442 3441 3488 non

1941 3534 2040 3589 est
2079 3524 2315 3606 aliquis
2356 3531 2755 3606 posterorum
2784 3523 3084 3606 proprius
3114 3531 3292 3586 actus
3322 3541 3443 3587 nec

1941 3621 2305 3696 delectatio,
2363 3621 2472 3684 sed
2530 3621 2737 3685 solum
2794 3620 3059 3702 justitiae
3114 3620 3443 3702 originalis

1943 3718 2226 3782 carentia
2268 3735 2283 3780 ε
2328 3717 2565 3781 idcirco
2610 3735 2798 3801 poena
2841 3717 3083 3790 damni,
3128 3735 3257 3781 non
3302 3737 3445 3782 sen-

1943 3837 2068 3890 suS,
2115 3817 2175 3880 ei
2224 3814 2511 3878 debetur.
2558 3816 2701 3880 Haec
2748 3824 2847 3878 est
2892 3816 3225 3879 doctorum
3276 3835 3441 3880 com-

1945 3918 2161 3980 munis
2201 3915 2473 3978 traditio.
2508 3915 2721 3998 Aliqui
2760 3924 2973 3978 tamen
3014 3915 3445 3996 imaginantur

1943 4015 2339 4100 oppositum,
2400 4012 2784 4096 quibusdam
2834 4011 3050 4075 verbis
3108 4011 3439 4076 beatorum

1943 4111 2283 4196 Augustini
2324 4118 2515 4193 atque
2558 4109 2843 4190 Gregorii
2887 4109 3231 4173 innitentes
3272 4127 3287 4173 :
3328 4109 3443 4192 qui

343 4217 658 4300 quoddam
701 4215 942 4278 bonum
987 4231 1380 4276 concernens
1423 4221 1738 4288 naturam,
1772 4221 1836 4277 et
1863 4217 1914 4280 D
1945 4212 2146 4276 sancti
2186 4211 2397 4275 Patres
2442 4209 2613 4271 circa
2654 4207 2775 4272 hoc
2820 4217 3103 4274 extreme
3142 4209 3444 4274 videntur

343 4314 660 4398 quoddam
697 4330 1090 4376 concernens
1131 4327 1508 4394 personam3
1542 4311 1628 4373 ita
1667 4331 1834 4394 quae-

345 4413 480 4478 dam
525 4419 629 4478 eat
670 4412 858 4496 culpa
899 4419 1162 4484 naturae,
1195 4410 1484 4494 quaedam
1524 4428 1832 4494 personae.

345 4511 417 4574 Et
467 4513 643 4576 sicut
697 4511 776 4574 ad
831 4509 1088 4593 culpam
1145 4527 1432 4593 personae
1491 4509 1840 4594 requiritur

345 4621 404 4676 et
447 4612 776 4676 concurrit
823 4609 1118 4674 voluntas
1159 4624 1446 4693 personae
1488 4609 1834 4692 peccantis,

349 4711 428 4774 ita
451 4712 530 4774 ad
563 4709 822 4792 culpam
853 4715 1094 4770 naturae
1123 4707 1446 4770 concurrit
1483 4727 1556 4771 ac
1593 4707 1842 4771 suflicit

348 4810 638 4872 voluntas
667 4809 732 4870 in
765 4807 904 4890 ipsa
939 4813 1186 4868 natura.
1219 4805 1324 4868 Sic
1361 4823 1514 4887 ergo
1551 4805 1840 4868 delectus

349 4907 674 4989 originalis
717 4905 982 4987 justitiae
1031 4904 1274 4968 collatae
1333 4904 1559 4987 primis
1617 4924 1840 4988 paren·

349 5007 538 5082 tibus,
583 5006 896 5070 rationem
943 5003 1286 5086 quamdam
1335 5003 1542 5086 culpae
1581 5004 1846 5068 sortitur

351 5105 412 5168 in
441 5105 736 5188 posteris,
753 5101 1110 5190 secundum
1139 5101 1310 5184 quod
1341 5102 1666 5165 voluntate
1697 5120 1843 5167 con-

351 5205 533 5286 tingit
575 5203 768 5288 primi
815 5201 1120 5286 parentiS,
1155 5200 1220 5263 in
1266 5219 1396 5284 quo
1437 5201 1576 5283 ipsa
1619 5206 1846 5264 natura

349 5303 844 5386 primordialiter
903 5309 1034 5364 tota
1099 5299 1240 5364 fuit.
1303 5299 1641 5382 Quumque
1699 5317 1845 5382 pec-

597 5437 660 5490 T.
695 5437 774 5487 33.

1944 4311 2161 4374 locuti.
2197 4309 2325 4373 Nec
2354 4305 2563 4371 obstat
2590 4307 2761 4388 quod
2798 4315 3055 4371 sanctus
3083 4309 3199 4372 Job
3228 4308 3391 4372 dixit
3422 4325 3437 4372 ε

3468 3245 3606 3352 ΊΔροο.
3618 3257 3736 3298 xviii,

1947 4411 2114 4474 Deus
2172 4404 2627 4490 multiplicabit
2690 4405 2959 4469 vulnera
3024 4425 3185 4482 mea,
3246 4408 3439 4472 etiam
3466 4429 3550 4476 ,rob
3578 4443 3635 4482 ιι,
3666 4432 3733 4478 ¹⁷.

1945 4509 2084 4572 sine
2139 4525 2349 4570 causa.
2402 4505 2643 4588 Nempe
2692 4503 2757 4567 in
2816 4506 3135 4588 praesenti,
3186 4506 3296 4570 ubi
3346 4515 3445 4570 est

1949 4608 2126 4670 locus
2172 4603 2459 4666 merendi
2500 4623 2573 4666 ac
2616 4603 3009 4677 demerendi,
3044 4605 3209 4667 Deus
3258 4605 3445 4667 inter-

1947 4706 2102 4768 dum
2135 4701 2373 4783 infligit
2411 4719 2689 4784 poenam,
2723 4718 2847 4763 non
2890 4719 3007 4782 pro
3046 4702 3303 4784 propria
3340 4717 3447 4785 pa·

1949 4803 2167 4866 tientis
2219 4801 2429 4883 culpa,
2476 4800 2587 4862 sed
2631 4815 2747 4882 pro
2790 4799 3185 4863 incremento
3228 4802 3445 4882 gratiae

1951 4901 2094 4983 ejus
2147 4907 2211 4962 et
2268 4898 2503 4980 gloriae.
2556 4899 2773 4978 Itaque
2821 4913 2938 4979 pro
2985 4915 3175 4980 poena
3221 4917 3449 4981 parvu.

1953 5001 2159 5064 lorum
2202 4995 2637 5060 innocentium
2688 4995 2754 5057 in
2802 4995 3095 5077 originali
3144 4997 3451 5062 deceden-

1953 5100 2141 5171 tium,
2176 5097 2341 5158 Deus
2375 5093 2725 5156 altissimus
2764 5093 2989 5176 nequit
3016 5094 3270 5177 probari
3310 5113 3451 5160 cru-

1953 5197 2138 5270 dalis,
2172 5212 2373 5277 quum
2416 5191 2508 5254 nil
2547 5189 2958 5254 subtrahatur
2992 5192 3235 5258 eisdem
3280 5195 3453 5278 quod

1956 5296 2050 5359 eis
2091 5293 2311 5376 aliquo
2348 5291 2493 5373 jure
2533 5288 2818 5356 debetur.

3144 5425 3203 5478 13
