4300 6259
793 507 872 571 14
1951 520 2238 569 crisi-om
2282 520 2749 569 Nuncuruonu

791 699 1001 764 cernit
1029 698 1409 781 Justiusque
1455 696 1734 780 judicat,
1775 697 1972 777 atque
2020 696 2166 759 Tua
2218 693 2572 776 Majestas?
2603 694 2821 760 Sensit
2869 695 2993 759 hoc
3042 697 3145 761 vel
3192 696 3565 761 communis
3605 695 3907 759 omnium

791 805 1028 886 hostis,
1061 804 1176 887 qui
1212 805 1312 868 tot
1339 801 1869 881 adversitatibuS,
1894 802 1991 865 tot
2021 799 2484 879 incommodiS‚
2510 801 2611 863 tot
2646 801 2938 865 hostium
2970 801 3230 867 insidiis
3266 804 3597 883 tantisque
3632 800 3905 883 praeliis,

791 912 1071 976 tentavit
1099 928 1138 975 a
1170 912 1324 975 fidei
1352 910 1636 992 negotiis
1671 909 1970 972 animum
2007 910 2200 971 tuum
2238 906 2551 971 remorari
2595 927 2609 969 :
2645 909 2949 989 quamvis
2976 926 3109 972 non
3141 910 3431 991 potuerit
3466 908 3715 972 efficere
3745 908 3909 989 quin

791 1018 1105 1083 Ecclesiae
1165 1020 1230 1083 et
1283 1018 1438 1083 fidei
1493 1032 1744 1097 curam,
1803 1016 2101 1078 omnium
2167 1028 2521 1094 regnorum
2576 1016 2845 1077 tuorum
2907 1016 3081 1079 curis
3127 1016 3503 1079 anteferres.
3554 1014 3910 1096 Propterea

793 1126 1018 1205 etiam,
1053 1125 1232 1207 quod
1268 1126 1522 1190 certum
1565 1124 1686 1203 est,
1729 1122 1981 1203 angelis
2017 1120 2159 1185 suis
2201 1119 2381 1183 Deus
2420 1120 2758 1183 mandavit
2792 1120 2872 1185 de
2911 1124 2997 1203 te,
3034 1123 3108 1187 ut
3145 1122 3518 1187 custodiant
3552 1121 3617 1186 te
3652 1122 3722 1183 in
3760 1138 3909 1184 om-

793 1232 992 1297 nibus
1027 1234 1157 1297 viis
1194 1233 1350 1312 tuis,
1389 1231 1684 1295 excitans
1721 1230 1922 1294 etiam
1950 1229 2217 1311 piorum
2246 1229 2501 1291 mentes
2538 1228 2603 1291 et
2638 1228 2959 1292 mandans
2996 1232 3068 1293 ut
3106 1248 3223 1313 pro
3253 1232 3317 1293 te
3347 1231 3554 1306 orent,
3590 1230 3705 1310 qui
3733 1246 3909 1293 unus

792 1358 912 1423 pro
951 1340 1259 1405 omnibus
1307 1338 1743 1417 omniumque
1791 1335 2025 1415 salute,
2065 1335 2130 1396 et
2176 1333 2466 1397 maxime
2514 1334 2589 1397 ut
2632 1333 2755 1398 Dei
2787 1335 3004 1399 cultus
3046 1338 3388 1417 honorque
3434 1353 3567 1399 non
3604 1336 3904 1417 intereat,

794 1449 1098 1512 desudas.
1142 1446 1342 1511 Dedit
1395 1444 1520 1509 tibi
1578 1444 1759 1508 Deus
1809 1442 2120 1506 victorias
2176 1442 2474 1505 hostium
2523 1458 2655 1504 non
2710 1459 2974 1523 paucaS,
3018 1444 3283 1525 tamque
3328 1443 3660 1525 speciosas
3707 1460 3908 1524 quam

792 1554 1002 1637 gloria
1055 1553 1284 1636 plenas
1331 1573 1345 1615 :
1401 1550 1646 1633 quibus
1701 1552 1923 1613 tamen
1982 1549 2497 1631 haudquaquam
2556 1549 2790 1629 elatuS,
2838 1566 2972 1613 non
3031 1550 3176 1631 tibi,
3231 1551 3347 1614 sed
3403 1550 3501 1614 illi
3540 1551 3656 1632 qui
3699 1551 3905 1633 dedit,

790 1662 1168 1745 triumphos
1212 1658 1586 1724 instituisti.
1647 1657 1910 1739 Eripuit
1961 1659 2025 1720 te
2081 1673 2217 1719 non
2263 1656 2468 1720 semel
2519 1673 2558 1719 a
2620 1672 2779 1719 nece
2832 1656 2954 1720 tibi
3016 1657 3349 1737 meditata,
3418 1675 3539 1721 nec
3594 1676 3633 1721 a
3678 1660 3910 1741 paucis

792 1771 1254 1835 haereticorum
1301 1768 1496 1847 doliS,
1528 1783 1611 1830 ne
1658 1765 2121 1830 circumveniri
2169 1781 2423 1845 posseS‚
2460 1765 2827 1827 immunem
2874 1766 3181 1829 servavit.
3222 1766 3392 1831 Nam
3439 1768 3505 1830 et
3552 1767 3621 1830 in
3647 1766 3908 1833 Princi-

792 1894 956 1961 pum
1002 1876 1292 1940 comitiis
1342 1875 1408 1939 et
1453 1875 1521 1937 in
1576 1872 1841 1954 imperii
1891 1872 2126 1935 ceteris
2178 1871 2280 1935 vel
2334 1871 2566 1934 edictis
2621 1871 2726 1934 vel
2776 1872 3229 1937 sanctionibus
3266 1873 3361 1936 ita
3406 1891 3478 1938 se
3513 1874 3657 1938 Tua
3702 1876 3909 1957 gessit

792 1984 1126 2067 Majestas,
1159 1985 1234 2048 ut
1269 2000 1352 2047 ne
1382 1982 1690 2063 exiguam
1733 1979 2005 2061 quidem
2043 1978 2430 2043 Serenitatis
2466 1978 2625 2042 Tuae
2669 1978 2889 2061 fulgor
2921 1979 3231 2045 nebulam
3268 1982 3664 2047 admitteret.
3694 1982 3906 2048 Nemo

792 2094 932 2156 tam
981 2110 1172 2157 carus
1213 2090 1490 2169 amicu8‚
1523 2104 1720 2152 nemo
1767 2089 1905 2151 tam
1961 2086 2149 2150 ferox
2203 2086 2441 2167 hostiS,
2473 2104 2673 2167 quem
2730 2086 2798 2150 in
2848 2082 3000 2151 fidei
3054 2090 3169 2152 aut
3209 2089 3489 2170 justitiae
3540 2092 3909 2173 respexeris

792 2199 1084 2281 negotio.
1124 2198 1211 2263 Et
1239 2197 1392 2262 licet
1428 2196 1661 2277 ingens
1699 2195 2000 2258 omnium
2037 2210 2301 2275 semper
2328 2193 2789 2258 haereticorum
2829 2194 3029 2259 fuerit
3057 2196 3376 2278 studium,
3408 2198 3551 2262 suis
3575 2198 3909 2281 pestiferis

792 2307 1218 2389 dogmatibus
1253 2305 1448 2385 longe
1485 2304 1746 2384 lateque
1782 2302 2107 2365 mundum
2136 2302 2425 2381 inficere,
2455 2300 2655 2382 idque
2697 2302 2932 2365 acriter
2960 2302 3203 2383 moliri,
3238 2321 3369 2385 quo
3407 2323 3594 2389 reges
3631 2322 3907 2369 suorum

791 2416 1181 2497 dogmatum
1219 2411 1651 2494 depravarent
1701 2408 2205 2491 contagionibus
2235 2408 2527 2489 (quando
2580 2408 2771 2473 facile
2825 2408 2980 2473 hinc
3022 2410 3324 2475 subditos
3358 2415 3472 2477 aut
3520 2413 3746 2477 seduci
3792 2414 3909 2477 aut

793 2522 941 2603 cogi
969 2538 1164 2604 posse
1193 2518 1590 2583 arbitrantur
1614 2517 1689 2579 ut
1725 2515 1810 2579 ab
1852 2515 2373 2578 orthodoxorum
2413 2516 2877 2581 communione
2904 2516 3290 2598 desciscant,
3312 2521 3665 2601 postquam
3694 2522 3908 2603 capita

792 2630 1210 2709 rectoresque
1245 2625 1381 2689 illis
1417 2622 1821 2688 reddiderint
1857 2621 2274 2704 corruptos);
2304 2621 2504 2685 nullae
2542 2623 2763 2686 tamen
2800 2624 2864 2687 te
2903 2623 3167 2689 fraudes
3204 2626 3676 2693 circumvenire
3712 2631 3908 2711 potu-

793 2737 1008 2815 erunt,
1054 2736 1216 2818 quin
1253 2732 1358 2797 vel
1397 2730 1758 2813 impiorum
1797 2729 2067 2792 technas
2103 2730 2534 2811 perspicereS,
2568 2729 2672 2791 vel
2716 2729 2990 2794 insidias
3028 2749 3313 2796 caveres,
3355 2732 3600 2797 Ariana
3637 2736 3909 2801 haeresis

793 2846 956 2909 olim
993 2845 1210 2906 totum
1247 2841 1378 2904 cito
1419 2838 1711 2920 pervasit
1749 2836 1974 2900 orbem
2011 2856 2026 2898 :
2060 2835 2594 2916 quandoquidem
2643 2836 2692 2898 ii
2732 2837 2847 2916 qui
2885 2833 3038 2901 fidei
3076 2840 3365 2903 maxime
3402 2840 3725 2906 debebant
3764 2844 3907 2925 opi-

792 2951 1015 3031 tulari,
1062 2948 1146 3012 ab
1209 2948 1355 3030 ejus
1411 2944 1785 3026 integritate
1828 2944 2030 3026 primi
2084 2942 2496 3007 deficiebant.
2551 2942 2701 3007 Non
2748 2944 3137 3025 ignorabant
3188 2946 3330 3011 haec
3386 2950 3598 3012 nostri
3645 2968 3909 3033 quoque

792 3058 1110 3138 haeretici,
1151 3054 1330 3119 haud
1368 3070 1604 3137 parum
1648 3051 1928 3116 feliciter
1959 3052 2269 3133 putantes
2310 3068 2497 3115 suam
2537 3068 2777 3115 navare
2816 3069 3105 3134 operam,
3138 3053 3297 3117 dum
3333 3058 3689 3122 nonnullos
3730 3060 3911 3141 prin-

793 3168 974 3250 cipes
1004 3182 1080 3229 eo
1109 3162 1593 3240 dementarunt,
1616 3160 1692 3223 ut
1727 3177 1767 3223 a
1803 3176 1875 3223 se
1911 3160 2186 3239 suisque
2214 3157 2499 3222 subditis
2526 3157 2837 3240 pietatem
2870 3178 3140 3241 prorsus
3169 3178 3433 3226 omnem
3460 3164 3905 3247 profligarent.

791 3274 1044 3339 Verum
1089 3270 1258 3335 nihil
1299 3268 1464 3333 adeo
1512 3268 1664 3331 illos
1711 3265 1881 3330 male
1930 3265 2185 3346 habuit,
2236 3282 2436 3347 quam
2487 3265 2667 3346 quod
2717 3266 3187 3348 Imperatorem
3235 3268 3549 3334 haberent
3599 3289 3907 3353 germane

717 3421 720 3423 v
792 3382 1251 3446 christianum.
1284 3376 1416 3441 Sed
1471 3373 1630 3456 quid
1676 3390 1812 3437 non
1857 3372 2238 3437 subvertere
2298 3372 2537 3453 quaerit
2587 3373 2877 3435 humana
2926 3374 3306 3438 temeritas?
3343 3376 3527 3441 Nihil
3580 3396 3713 3444 non
3760 3385 3906 3446 ten-

789 3492 1006 3553 tatum
1033 3488 1156 3567 est,
1187 3483 1342 3549 licet
1378 3481 1603 3546 omnia
1633 3480 1899 3559 frustra,
1925 3481 2003 3543 ut
2030 3478 2209 3543 orbis
2238 3479 2533 3543 universi
2560 3480 2877 3562 Princeps
2907 3480 3409 3561 invictissimuS‚
3444 3486 3613 3566 proh
3648 3488 3901 3568 pudori

788 3597 859 3659 in
907 3594 1225 3677 apostatae
1271 3589 1472 3654 verba
1510 3588 1764 3669 Juraret
1811 3586 2106 3650 Lutheri.
2151 3586 2362 3650 Multo
2399 3604 2627 3651 revera
2671 3586 2985 3668 varioque
3032 3590 3269 3652 conatu
3314 3590 3677 3672 impiorum
3714 3596 3908 3661 desu-

789 3701 1029 3767 darunt
1059 3698 1346 3781 ingenia,
1369 3712 1501 3777 quo
1529 3694 2052 3760 sincerissimum
2074 3692 2270 3775 juxta
2307 3710 2383 3757 ac
2410 3693 2947 3774 potentissimum
2984 3696 3127 3758 suis
3163 3696 3227 3758 te
3253 3696 3510 3778 laqueis
3534 3702 3907 3781 potuissent

788 3809 1067 3874 irretire.
1121 3806 1211 3870 At
1259 3804 1414 3869 fidei
1469 3802 1769 3866 castitate
1822 3801 2068 3883 pariter
2121 3818 2197 3864 ac
2257 3800 2626 3882 prudentia,
2689 3817 2890 3881 quam
2955 3802 3201 3865 multos
3257 3804 3362 3867 vel
3427 3807 3905 3875 ecclesiasticos

787 3914 1156 3999 superasti!
1210 3914 1361 3977 Non
1411 3911 1644 3993 pectus
1694 3910 1765 3971 in
1814 3910 1879 3973 te
1930 3908 2344 3973 offenderunt
2398 3906 2861 3989 arundineum,
2904 3909 3083 3989 quod
3132 3910 3319 3974 molli
3368 3912 3624 3978 cederet
3675 3919 3899 3999 vento,

787 4025 904 4089 aut
952 4021 1132 4106 quod
1185 4020 1268 4083 ad
1313 4036 1490 4083 aurae
1547 4016 1779 4081 flatum
1830 4014 2193 4097 quemlibet
2243 4014 2372 4078 huc
2428 4015 2716 4096 illucque
2764 4014 3134 4080 flecteretur
3175 4036 3190 4078 ε
3231 4018 3393 4098 quin
3436 4021 3683 4103 potius,
3726 4024 3905 4106 quod

789 4133 1043 4216 optimo
1067 4129 1373 4210 Principe
1403 4126 1468 4189 et
1503 4124 1833 4208 praecipue
1862 4122 2774 4204 Imperatore‘dignissimum
2807 4124 2928 4203 est,
2950 4124 3262 4188 continuo
3290 4126 3356 4190 te
3392 4129 3899 4215 consultantem,

788 4239 1371 4319 maximopereque
1428 4232 1782 4297 enitentem
1839 4230 2174 4311 quomodo
2224 4229 2338 4293 alii
2396 4246 2659 4310 quoque
2710 4230 2815 4293 vel
2854 4230 3218 4313 incorrupti
3262 4232 3345 4296 ab
3393 4235 3517 4297 hac
3561 4236 3708 4302 labe
3757 4257 3903 4303 ma-

788 4348 1010 4426 neant,
1034 4344 1150 4408 aut
1185 4342 1301 4425 qui
1337 4340 1592 4405 seducti
1629 4339 1807 4417 sunt,
1835 4340 2078 4420 queant
2112 4337 2428 4401 revocari.
2454 4335 2584 4399 Pro
2623 4337 2746 4400 hac
2782 4354 2852 4401 re
2876 4337 3277 4419 jampridem
3314 4358 3513 4422 regna
3542 4346 3608 4408 et
3633 4344 3902 4413 delicias

789 4458 857 4523 et
899 4452 1196 4536 corporis
1241 4449 1532 4533 quietem
1577 4445 2064 4530 posthabuisti3
2112 4443 2234 4527 pro
2280 4445 2403 4508 hac
2448 4462 2518 4509 re
2559 4445 2863 4509 dilectam
2909 4445 3259 4529 conjugem
3310 4465 3587 4532 caraque
3623 4453 3902 4535 pignora

787 4560 1141 4646 reliquisti,
1201 4574 1322 4622 nec
1370 4555 1623 4620 viribus
1672 4570 1794 4618 nec
1840 4552 2078 4635 opibus
2122 4570 2419 4635 parcens.
2470 4552 2677 4635 Cujus
2734 4554 3055 4633 animum,
3098 4556 3290 4637 cujus
3338 4557 3570 4641 edicta,
3626 4564 3901 4627 conatus

787 4673 987 4752 atque
1033 4668 1332 4745 sudores,
1368 4664 1492 4729 etsi
1538 4679 1674 4727 non
1724 4662 1867 4743 pari
1917 4678 2048 4743 quo
2097 4660 2481 4724 debuissent
2530 4660 2779 4725 honore
2819 4661 3207 4743 Principum
3260 4664 3557 4747 plerique
3606 4671 3900 4735 venerati

786 4779 946 4858 sint,
985 4774 1056 4839 id
1097 4776 1320 4837 tamen
1365 4771 1488 4835 hac
1524 4772 1640 4833 tua
1673 4770 1916 4851 pietate
1962 4768 2212 4832 factum
2250 4770 2370 4848 est,
2403 4768 2477 4831 ut
2513 4768 2619 4832 vel
2656 4784 2789 4831 non
2825 4770 3146 4849 quantum
3186 4772 3391 4836 velint
3432 4773 3627 4839 liceat
3671 4776 3899 4859 impiis

787 4880 1195 4950 debacchari.
1239 4879 1424 4943 Unde
1459 4894 1661 4943 sacrae
1698 4876 1855 4940 huic
1890 4874 2229 4939 devotioni
2262 4875 2744 4958 propemodum
2774 4875 2901 4939 soli
2938 4879 3278 4959 acceptum
3317 4880 3687 4963 referimus,
3717 4884 3899 4965 quod

790 4994 860 5057 in
887 4992 1273 5057 universum
1301 4986 1526 5051 omnia
1559 5001 1693 5049 non
1724 5000 1997 5065 pessum
2025 4983 2178 5047 eant
2206 5004 2219 5045 ε
2247 4983 2491 5065 quippe
2520 4983 2636 5064 qui
2664 5000 2797 5046 non
2834 4983 3057 5047 minus
3086 4987 3493 5053 orationibus
3522 5007 3598 5053 ac
3618 4990 3897 5074 jejuniis

791 5100 1116 5167 mundum
1153 5112 1532 5180 propugnas
1566 5112 1768 5175 quam
1813 5093 2052 5175 armis5
2083 5093 2282 5174 atque
2326 5109 2502 5156 unus
2538 5094 2904 5175 propterea,
2938 5093 3023 5155 ad
3060 5096 3592 5163 exterminandos
3628 5102 3897 5169 Amale-

791 5210 979 5291 citaS,
1019 5210 1085 5273 et
1107 5204 1360 5287 Moysis
1397 5204 1463 5268 et
1488 5202 1693 5267 Josue
1719 5204 1939 5283 partes
1966 5201 2130 5281 agis.
2169 5201 2489 5265 Fecerunt
2526 5202 2651 5265 hoc
2688 5201 2861 5265 idem
2894 5202 3057 5266 olim
3094 5204 3380 5285 piissimi
3418 5223 3681 5289 quoque
3716 5211 3897 5293 prin-

791 5319 994 5403 cipoe,
1045 5312 1537 5390 Constantinus,
1589 5309 2028 5389 Theodosius,
2074 5308 2371 5391 Carolus,
2422 5310 2791 5393 reliquique
2841 5310 2949 5374 avi
2997 5312 3144 5375 tui:
3187 5329 3468 5393 quorum
3514 5318 3589 5379 tu
3634 5320 3891 5400 sceptra
