4300 6259
1725 529 1913 578 mnnx
1953 527 2291 578 amasus

461 691 786 768 Propositio
814 695 1024 753 xcvu.
1049 695 1190 754 Tam
1228 711 1441 771 corpus
1469 697 1610 754 Adae
1643 714 1716 755 ex
1753 697 1821 754 li-

535 799 634 840 mo
668 786 861 851 terrae,
901 801 1082 858 quam
1124 802 1338 859 corpus
1375 787 1508 844 Evoe
1547 803 1618 844 ex
1661 790 1823 844 costa

534 874 694 940 Adoe,
742 875 816 932 ab
861 875 1262 948 omnipotente
1308 877 1426 934 Deo
1475 876 1818 934 immediate

534 961 852 1022 formatum
883 967 971 1022 est
1000 964 1350 1024 miraculose
1428 1007 1814 1022 .....
1860 968 1963 1024 189

459 1052 784 1126 Propositio
827 1054 1060 1110 XCVIII.
1112 1053 1170 1112 Si
1217 1054 1394 1127 primi
1443 1059 1713 1128 parentes
1757 1055 1817 1112 in

533 1143 804 1216 paradiso
842 1143 1205 1216 praevaricati
1235 1160 1354 1201 non
1385 1147 1596 1211 essent,
1627 1145 1818 1218 proles

535 1232 838 1306 utriusque
877 1249 1050 1290 sexus
1077 1250 1149 1291 ex
1179 1233 1322 1307 ipsis
1361 1233 1556 1308 genita
1593 1251 1696 1292 seu
1735 1234 1818 1308 gi-

536 1322 786 1395 gnenda,
836 1325 966 1394 post
1019 1339 1322 1396 egressum
1372 1339 1441 1380 ex
1486 1325 1670 1390 utero,
1719 1325 1821 1381 aut

533 1409 859 1478 confestim,
898 1414 1002 1469 aut
1041 1412 1212 1469 solito
1261 1429 1420 1469 nunc
1465 1428 1642 1470 cursu
1680 1412 1822 1472 cele-

534 1498 676 1564 rius,
707 1499 1004 1558 habuisset
1031 1499 1446 1574 perfectionem
1477 1501 1736 1558 scientiae
1753 1519 1822 1560 ac

536 1587 820 1646 virtutum
859 1589 918 1646 in
957 1589 1178 1658 anima,
1207 1591 1558 1649 soliditatem
1591 1607 1822 1666 quoque

539 1694 606 1736 ac
633 1680 816 1736 robur
840 1679 904 1735 in
933 1695 1174 1754 corpore
1241 1722 1818 1738 .......
1863 1683 1966 1740 190

465 1767 790 1841 Propositio
816 1769 996 1826 XCIX.
1029 1771 1092 1825 In
1123 1768 1396 1842 paradiso
1419 1769 1624 1827 fuisset
1653 1786 1823 1844 gene-

539 1857 688 1914 ratio
735 1873 840 1930 per
881 1875 1132 1916 sexuum
1173 1858 1474 1926 unionem,
1521 1859 1646 1917 sine
1693 1859 1822 1916 libi-

541 1947 696 2014 dine,
729 1963 848 2005 non
877 1947 1004 2006 sine
1033 1947 1416 2006 delectatione
1431 1990 1815 2006 .....
1863 1949 1969 2008 190

463 2037 789 2111 Propositio
811 2039 868 2094 C.
902 2038 966 2094 In
987 2037 1337 2096 innocentiae
1357 2041 1528 2106 statu,
1552 2039 1824 2097 homines

535 2144 572 2185 a
607 2127 877 2201 paradiso
917 2127 1178 2185 terrestri
1219 2129 1296 2185 ad
1339 2127 1681 2201 paradisum
1712 2146 1822 2186 coe·

536 2218 759 2282 lestem,
790 2217 916 2275 sine
947 2217 1297 2276 intermedia
1325 2233 1496 2291 poena
1523 2235 1590 2276 ac
1619 2223 1829 2286 morte,

535 2306 782 2364 fuissent
826 2306 1150 2380 sigillatim,
1191 2309 1480 2380 completo
1520 2308 1654 2366 vitae
1701 2325 1822 2366 sure

535 2396 846 2464 curriculo,
879 2412 1019 2453 mox
1047 2396 1314 2453 translati
1341 2440 1816 2454 ......
1864 2399 1964 2455 191

835 2639 918 2685 ΒΕ
957 2636 1226 2684 ΡΕΟΟΑΊὌ
1267 2638 1601 2686 olumnam.

465 2844 791 2917 Propositio
819 2844 904 2901 CI.
937 2845 1232 2919 originale
1263 2849 1566 2919 peccatum
1598 2851 1684 2904 est
1713 2846 1825 2920 pri-

539 2933 694 2990 vatio
723 2934 1024 3007 originalis
1044 2934 1290 3009 justitiae
1327 2951 1396 2991 ac
1434 2935 1636 3008 gratiae
1663 2936 1822 2993 debi-

537 3025 613 3078 tae
657 3023 863 3088 inesse,
911 3025 986 3080 ad
1032 3025 1190 3097 quod
1238 3023 1592 3096 multiplices
1641 3041 1824 3097 poenae

537 3111 772 3169 inflictae
800 3115 938 3169 sunt
963 3116 1022 3170 et
1051 3114 1377 3170 consecutae
1407 3112 1466 3168 in
1498 3113 1734 3171 homine
1805 3159 1816 3171 .
1863 3116 1961 3172 191

461 3201 788 3274 Propositio
815 3202 924 3257 CII.
957 3203 1267 3259 Peccatum
1298 3199 1582 3274 originale
1613 3201 1824 3261 forma-

537 3290 670 3348 liter
699 3305 888 3348 unum
917 3293 1023 3356 est,
1055 3290 1440 3349 materialiter
1467 3291 1638 3364 plura
1713 3335 1726 3348 .
1805 3335 1820 3348 .
1862 3293 1966 3350 192

455 3379 784 3452 Propositio
813 3380 950 3436 CIII.
981 3381 1230 3437 Effectus
1257 3397 1326 3437 ac
1356 3396 1542 3453 poenae
1569 3381 1822 3454 origina-

533 3467 853 3542 lis-peccati
894 3469 1249 3542 multiplices
1279 3472 1417 3527 sunt
1441 3473 1499 3526 et
1528 3485 1729 3542 graves
1806 3515 1817 3526 .
1864 3473 1966 3529 192

459 3557 788 3630 Propositio
834 3558 966 3614 C1V.
1007 3558 1305 3632 originale
1351 3562 1657 3632 peccatum
1706 3559 1822 3616 dici

535 3649 724 3720 potest
775 3650 1079 3719 peccatum
1138 3651 1382 3715 naturae,
1441 3650 1823 3723 quemadmo-

539 3737 682 3792 dum
701 3734 929 3794 actuale
949 3739 1252 3810 peccatum
1276 3735 1492 3794 dicitur
1519 3741 1820 3810 peccatum

539 3841 804 3898 personae
863 3867 1817 3884 ...........
1862 3827 1966 3885 193

463 3915 787 3989 Propositio
824 3917 930 3973 CV.
964 3917 1248 3991 originali
1291 3920 1529 3991 peccato
1567 3933 1683 3974 non
1723 3920 1820 3976 de·

537 4007 707 4064 betur
733 4009 864 4078 post
887 4005 1068 4064 vitam
1101 4007 1256 4064 banc
1285 4023 1457 4080 poena
1474 4023 1700 4076 sensus,
1719 4009 1820 4066 sed

537 4111 708 4168 poena
736 4095 972 4152 damni.
1054 4141 1065 4152 .
1149 4129 1186 4152 .-
1239 4137 1815 4154 .......
1860 4098 1964 4155 193

457 4185 786 4259 Propositio
805 4185 936 4242 CVI.
969 4187 1034 4242 ln
1065 4189 1219 4244 statu
1249 4187 1599 4246 innocentiae
1619 4188 1822 4246 fuisset

533 4274 594 4333 in
624 4274 897 4347 paradiso
926 4275 1239 4349 disparitas
1280 4276 1592 4336 bominum
1624 4277 1685 4335 in
1717 4295 1820 4336 na·

531 4363 841 4432 turalibus,
907 4365 1368 4423 accidentalibus
1443 4370 1617 4441 atque
1692 4383 1820 4442 gra·

457 4456 788 4616 Pramno-
813 4496 976 4600 CVII:
1006 4495 1230 4601 Fuisset
1243 4497 1539 4617 ‘praeterea
1565 4500 1630 4602 in
1657 4499 1822 4604 inno-.-
1861 4459 1965 4518 19⁴

537 4629 744 4688 centiae
769 4633 926 4688 statu
951 4631 1224 4690 ordinata
1251 4633 1533 4705 praelatio.
1615 4679 1626 4690 .
1861 4636 1965 4697 194

460 4719 789 4794 Propositio
821 4721 1006 4778 CVIII.
1046 4721 1359 4780 Paradisus
1403 4725 1693 4783 terrestris
1736 4730 1824 4784 est

540 4809 995 4876 amoenissimus,
1026 4810 1532 4871 fructuosissimus
1568 4818 1626 4873 et
1668 4815 1825 4888 quie·

541 4897 808 4956 tissimus
877 4899 1062 4966 locus,
1123 4915 1373 4973 parsque
1435 4902 1824 4961 elevatissima

543 4991 718 5046 terrae
774 5032 1820 5051 ............
1863 4994 1967 5055 194

469 5077 795 5152 Propositio
823 5078 955 5136 CIX.
987 5080 1052 5136 In
1083 5081 1359 5138 omnibus
1388 5083 1670 5141 creaturis
1699 5101 1825 5158 spe·

543 5168 772 5227 cialiter
820 5167 1292 5239 manifestantur,
1344 5173 1719 5246 resplendent
1770 5178 1828 5232 et

541 5261 929 5318 attenduntur
962 5259 1079 5319 tria
1114 5260 1240 5318 hoec
1275 5262 1556 5322 attributa
1592 5265 1826 5324 Creato-

541 5347 625 5407 ris
655 5365 670 5407 ς
701 5349 977 5422 potentia,
1009 5351 1312 5425 sapientia,
1344 5351 1574 5411 bonitas
1623 5397 1634 5409 .
1717 5397 1730 5409 .
1809 5397 1822 5410 .
1866 5354 1972 5413 195

3441 507 3563 582 027

2380 713 2460 761 ns
2502 713 2956 763 mcmArioNn
2998 715 3256 764 cums-ri.

2068 874 2391 948 Propositio
2418 875 2525 932 CX.
2556 877 2645 932 Ad
2672 877 3087 935 redimendum
3111 892 3295 951 genus
3316 879 3427 936 hu·

2140 980 2407 1031 manum,
2455 965 2829 1023 incarnatum
2886 969 2975 1024 est
3019 966 3274 1026 Verbum
3322 967 3424 1026 Dei

2141 1054 2429 1108 aeternum
2480 1093 3425 1112 ...........
3468 1056 3571 1113 196

2069 1141 2392 1214 Propositio
2421 1142 2553 1198 CXI.
2584 1141 2887 1215 Multiplici
2929 1141 3155 1201 ratione
3197 1143 3427 1217 sapien-

2139 1229 2367 1288 tissime
2395 1231 2742 1297 declaratur,
2774 1231 3241 1306 nullam-puram
3270 1249 3428 1292 crea-

2141 1321 2337 1376 turam
2364 1317 2542 1377 fuisse
2575 1318 2849 1378 idoneam
2880 1324 2937 1378 et
2965 1321 3318 1394 condignam
3347 1324 3425 1379 ad

2141 1409 2558 1466 redimendum
2586 1411 2777 1465 totum
2809 1425 2992 1482 genus
3020 1410 3350 1468 humanum
3404 1455 3417 1470 .
3463 1413 3568 1471 197

2070 1496 2394 1570 Propositio
2412 1497 2571 1553 CXII.
2588 1497 2945 1556 salvatorem
2966 1499 3195 1572 generis
3219 1500 3428 1558 buma-

2143 1586 2208 1642 ni
2259 1585 2738 1644 decentissimum
2784 1586 2897 1645 suit
2938 1604 3063 1646 esse
3116 1589 3421 1647 hominem

2141 1691 2365 1742 verum,
2404 1679 2675 1735 sanctum
2717 1679 2777 1734 et
2816 1677 3209 1747 innocentem,
3246 1679 3425 1738 totius

2145 1763 2365 1836 peccati
2394 1768 2693 1838 expertem
2761 1809 3421 1825 ........
3466 1771 3569 1828 197

2071 1852 2395 1926 Propositio
2428 1854 2609 1910 CXIII.
2647 1856 2975 1913 incarnatio
3003 1857 3173 1914 Verbi
3205 1859 3426 1926 aeterni,

2144 1942 2435 2017 majestati
2464 1947 2523 2001 et
2557 1944 2816 2017 puritati,
2848 1945 3428 2005 incommutabilitati

2143 2036 2201 2090 et
2236 2032 2594 2090 excellentiae
2620 2049 2743 2091 suae
2771 2034 3002 2092 deitatis
3047 2036 3108 2092 in
3151 2037 3314 2094 nullo
3343 2041 3432 2095 est

2144 2123 2451 2195 derogans,
2484 2124 2587 2180 sed
2624 2123 2851 2181 caritati
2898 2127 3043 2199 eJuS,
3076 2127 3320 2184 bonitati
3362 2145 3431 2186 ac

2145 2211 2343 2284 pietati
2374 2229 2607 2270 summe
2643 2216 2703 2270 et
2737 2214 3109 2274 ineffabiliter
3135 2219 3347 2275 decens
3374 2222 3431 2277 et

2144 2317 2477 2375 congruens
2481 2343 3425 2364 ...........
3468 2308 3573 2366 198

2070 2390 2397 2463 Propositio
2425 2391 2603 2448 CXIV.
2636 2391 2950 2465 Sapientia,
2981 2394 3425 2468 omnipotentia,

2143 2480 2391 2546 bonitas,
2436 2481 2667 2548 caritas,
2716 2482 3135 2550 misericordia,
3175 2485 3424 2559 justitia,

2145 2569 2465 2627 liberalitas
2500 2569 2619 2636 Dei,
2664 2570 2725 2626 in
2770 2588 2876 2628 sua
2920 2572 3322 2633 incarnatione
3360 2592 3427 2631 ac

2142 2659 2351 2717 ceteris
2387 2675 2508 2716 suoe
2548 2659 2934 2718 humanitatis
2972 2663 3263 2737 mysteriis
3287 2665 3431 2722 emi-

2143 2748 2381 2806 nentius
2408 2748 2993 2824 magnificentiusque
3034 2753 3425 2826 resplendent,

2145 2853 2323 2910 quam
2367 2837 2429 2893 in
2468 2839 2757 2895 creatione
2797 2843 2854 2896 et
2892 2842 3313 2912 gubernatione
3342 2847 3429 2899 to-

2142 2925 2261 2983 tius
2291 2927 2501 2984 mundi
2562 2967 3424 2989 ..........
3469 2935 3574 2990 198

2071 3015 2395 3088 Propositio
2424 3016 2577 3072 CXV.
2609 3016 2736 3072 Non
2780 3017 2894 3074 nisi
2931 3020 3428 3089 venustissimam,

2143 3103 2601 3178 pulcherrimam
2624 3107 2682 3162 et
2702 3105 3205 3165 decoratissimam
3226 3110 3433 3167 huma-

2144 3193 2389 3252 nitatem
2418 3193 2613 3252 decuit
2639 3209 2675 3250 a
2704 3195 2889 3252 Verbo
2919 3201 3138 3254 aeterno
3180 3201 3424 3258 assumi.
3472 3203 3575 3260 199

2071 3283 2395 3356 Propositio
2424 3283 2603 3340 CXVI.
2634 3285 2851 3341 Eodem
2892 3283 3134 3343 instanti
3178 3305 3293 3360 quo
3336 3291 3435 3347 de·

2144 3389 2321 3446 super
2362 3376 2556 3430 creata
2592 3377 2682 3430 est
2718 3373 2919 3432 anima
2966 3375 3295 3444 Salvatoris,
3334 3395 3433 3436 ex-

2143 3461 2593 3520 uberantissime
2621 3467 2709 3522 est
2742 3463 2963 3536 repleta
2992 3467 3217 3523 cunctis
3245 3469 3431 3526 excel·

2141 3550 2487 3608 lautissimis
2512 3553 3058 3624 supernaturalibus
3087 3556 3274 3624 donis,
3304 3557 3431 3630 ejus

2141 3643 2382 3708 statum,
2414 3639 2761 3714 dignitatem
2792 3645 2849 3700 et
2874 3642 3289 3716 perfectionem
3331 3647 3429 3703 de·

2143 3729 2412 3787 centibus
2480 3772 3427 3791 ...........
3470 3736 3575 3794 199

2069 3818 2394 3890 Propositio
2434 3818 2638 3875 CXVII.
2672 3820 2737 3875 In
2777 3819 3003 3877 Christo
3045 3824 3289 3896 utraque
3326 3841 3431 3881 na-

2139 3910 2275 3966 tura
2302 3907 2523 3964 mansit
2549 3906 2777 3983 integra
2805 3912 2863 3966 et
2892 3910 3179 3982 perfecta:
3210 3911 3431 3970 idcirco

2139 3997 2598 4054 communicatio
2628 3997 2977 4057 idiomatum
3008 4000 3182 4058 habet
3208 4001 3269 4058 in
3300 4003 3427 4076 ipso

2141 4086 2337 4144 locum
2360 4104 2375 4153 3
2404 4086 2464 4142 in
2497 4103 2615 4160 qua
2642 4087 2786 4160 quid
2829 4091 3065 4161 propter
3094 4089 3237 4162 quid
3269 4093 3425 4151 dica-

2142 4179 2241 4234 tur
2268 4175 2689 4249 sapientialiter
2717 4179 2805 4235 est
2832 4179 3232 4250 pensandum.
3318 4226 3331 4239 .
3410 4227 3423 4240 .
3462 4184 3565 4243 201

2069 4267 2395 4339 Propositio
2437 4267 2668 4324 CXVIII.
2718 4267 3065 4325 Humanitas
3108 4269 3325 4328 Christi
3368 4289 3429 4332 se

2140 4356 2316 4414 habet
2342 4357 2417 4413 ad
2445 4371 2757 4429 personam
2784 4357 2957 4414 Verbi
2985 4361 3338 4418 assumentis
3364 4365 3429 4421 ut

2142 4446 2604 4504 instrumentum
2678 4445 3028 4513 animatum,
3094 4450 3417 4523 proprium,

2143 4537 2525 4610 conjunctum
2579 4538 2639 4593 et
2690 4535 3101 4595 immediatum
3149 4556 3165 4597 ε
3214 4556 3417 4614 quem·

2142 4627 2468 4685 admodum
2514 4642 2725 4698 corpus
2759 4626 3104 4700 organicum
3147 4643 3208 4686 se
3252 4628 3428 4689 habet

2143 4720 2221 4776 ad
2239 4717 2505 4775 animam
2523 4715 2870 4773 rationalem
2891 4715 3085 4789 ipsum
3106 4716 3432 4778 informan-

2143 4815 2285 4876 tem,
2312 4806 2724 4874 viviflcantem,
2753 4809 3085 4864 moventem
3124 4812 3182 4866 et
3217 4810 3433 4882 guber·

2147 4904 2387 4960 nantem
2395 4939 3426 4958 ............
3466 4899 3572 4959 201

2071 4991 2397 5066 Propositio
2416 4989 2595 5048 CXIX.
2617 4989 2795 5046 Multa
2824 4989 3178 5046 conveniunt
3204 4990 3429 5048 Christo

2145 5083 2371 5140 ratione
2407 5084 2634 5139 naturae
2670 5082 3004 5152 assumptae,
3037 5081 3103 5136 ut
3130 5095 3255 5137 esse
3284 5071 3433 5153 pfae-

2149 5172 2526 5239 destinatum,
2556 5186 2681 5228 esse
2717 5169 3078 5227 sacerdotem
3116 5173 3174 5227 et
3208 5169 3430 5228 sacrifi·

2150 5263 2328 5330 cium,
2354 5279 2477 5321 esse
2504 5261 2873 5328 advocatum,
2904 5257 3343 5317 intercessorem
3375 5263 3433 5318 et

2151 5352 2533 5414 mediatorem
2576 5391 3143 5406 .......
3221 5393 3235 5404 ,.
3319 5393 3331 5406 .
3414 5393 3425 5406 .
3465 5349 3574 5408 202
