4300 6259
836 489 955 554 464

1432 509 1511 556 DE
1552 509 1779 556 Lumrtss
1820 508 2203 555 CHRISTIANAE
2243 507 2545 564 THEORIAE,
2590 507 2766 555 LIBER
2809 509 2871 553 11.
2917 525 2999 538 —
3040 507 3178 553 Aur.
3225 507 3366 552 1..le

836 674 1046 750 dulce,
1079 682 1144 739 et
1172 676 1483 760 quidquid
1514 677 1865 760 appetibile
1904 684 2001 740 est
2037 677 2104 740 in
2144 677 2338 740 rebus
2367 679 2418 741 A
2450 677 2672 740 didum
2721 677 2963 752 lumen,
3010 676 3265 759 replens
3312 681 3376 738 et
3419 673 3732 736 irradians
3775 689 3947 734 men-

836 773 1085 836 creatis.
1148 774 1514 838 Intellectus
1571 794 1721 857 ergo
1779 793 1919 838 eam
1988 793 2338 856 agnoscens

836 870 1026 934 sicuti
1094 879 1211 946 est,
1275 872 1703 936 infallibiliter
1772 873 2018 955 scilicet
2082 882 2147 935 et
2209 891 2338 936 non

834 977 1141 1043 erranter,
1193 987 1269 1032 eo
1318 970 1763 1033 vehementius
1813 970 1879 1032 in
1930 971 2133 1052 ipsius
2185 968 2338 1032 frui-

834 1066 1007 1129 tione
1038 1067 1335 1141 exsultat,
1368 1086 1498 1151 quo
1534 1068 1659 1131 sibi
1697 1087 1841 1131 eam
1880 1068 2163 1150 concipit
2193 1085 2341 1130 con-

834 1165 1323 1240 venientiorem,
1374 1173 1565 1248 atque
1614 1166 1679 1228 in
1728 1185 1796 1228 se
1856 1166 1993 1247 ipsa
2043 1173 2341 1248 praestan-

832 1261 1083 1325 tiorem.
1146 1263 1280 1326 Scit
1345 1271 1561 1326 autem
1628 1283 1768 1326 eam
1839 1264 2029 1326 sicuti
2097 1271 2216 1337 est,
2276 1269 2339 1324 et

834 1360 1395 1444 indeceptibiliter.
1446 1361 1870 1424 lneffabiliter
1926 1379 2077 1442 ergo
2133 1361 2339 1424 inten-

833 1458 967 1520 sius
1016 1459 1083 1521 in
1145 1459 1349 1542 ipsius
1406 1459 1653 1523 visione
1705 1459 1973 1534 laetatur,
2028 1478 2222 1542 quam
2272 1460 2338 1522 in

830 1557 1049 1641 aliquo
1077 1558 1247 1622 bono
1277 1567 1487 1621 creato
1516 1558 1748 1640 aliquis
1777 1558 2076 1620 delectari
2109 1565 2335 1640 potest.

538 1681 802 1734 1c0r.1.‚o.
834 1655 1011 1718 Unde
1070 1657 1385 1739 scriptum
1445 1665 1541 1719 est
1603 1674 1617 1717 :
1678 1655 1912 1720 Oculus
1970 1674 2095 1719 non
2155 1656 2337 1732 vidit,

835 1771 953 1816 nec
1002 1754 1175 1816 auris
1224 1755 1493 1829 audivit,
1540 1773 1751 1837 neque
1797 1755 1861 1816 in
1906 1772 2016 1817 cor
2056 1754 2340 1817 hominis

833 1854 1282 1927 ascenderunt,
1336 1873 1478 1937 quae
1538 1854 1917 1936 praeparavit
1973 1854 2139 1915 Deus
2197 1853 2340 1916 dili·
2369 1857 2416 1920 B
2449 1855 2716 1916 stantior
2756 1862 2947 1936 atque
2990 1853 3352 1936 perfectior.

568 1976 645 2020 1³2.
668 1989 803 2036 aqu,
833 1951 1133 2033 gentibus
1164 1971 1251 2014 se.
1288 1952 1364 2014 Et
1408 1953 1473 2014 in
1506 1953 1753 2014 Psalmo
1794 1952 2031 2014 dicitur
2064 1969 2077 2013 ε
2114 1951 2337 2014 Exsul-

537 2042 579 2084 ὅ·
834 2051 1105 2113 tationes
1163 2050 1274 2112 Dei
1334 2051 1401 2113 in
1458 2057 1715 2131 gutture
1774 2068 2015 2113 eorum.
2080 2050 2147 2112 In
2210 2068 2339 2131 quo

832 2148 1317 2211 exuberantiam
1347 2167 1640 2231 supernae
1669 2148 2064 2229 gloriationis
2105 2147 2340 2212 electo-

834 2266 977 2309 rum
1010 2247 1207 2309 David
1252 2247 1554 2309 insinuat.

911 2345 1233 2420 Praeterea,
1264 2347 1569 2427 gaudium
1602 2345 1805 2409 oritur
1833 2365 1911 2408 ex
1952 2346 2190 2408 unione
2231 2362 2337 2428 po-

831 2443 1047 2507 tentiae
1104 2462 1253 2506 cum
1312 2444 1565 2526 objecto
1613 2446 2070 2507 convenienter
2117 2463 2336 2525 perce·

830 2550 959 2625 pto.
1030 2543 1365 2606 Plenitudo
1430 2550 1646 2605 autem
1711 2543 1908 2624 hujus
1972 2543 2188 2624 gaudii
2256 2562 2334 2605 ex

831 2648 1103 2724 quatuor
1132 2642 1467 2724 dependet.
1504 2641 1735 2716 Prim0‚
1768 2660 1845 2703 ex
1885 2641 2193 2722 dignitate
2224 2659 2334 2724 po·

828 2739 1045 2803 tentiae
1094 2757 1109 2801 :
1160 2739 1372 2803 altiori
1426 2759 1703 2822 namque
1762 2740 2060 2822 potentia)
2106 2740 2336 2821 jucun-

830 2837 975 2901 dius
1020 2839 1317 2902 convenit
1358 2839 1629 2921 operari.
1676 2839 1987 2912 Secundo,
2031 2858 2108 2902 ex
2157 2838 2333 2903 boni-

830 2943 959 2998 tate
1016 2944 1080 2999 et
1135 2937 1581 3000 convenientia
1638 2936 1896 3017 objecti.
1961 2937 2194 3012 Tertio,
2253 2957 2331 3000 ex

2447 784 2598 838 tem.
2633 775 2852 838 Modus
2883 775 3146 857 insuper
3174 774 3408 836 divinae
3447 772 3642 852 hujus
3681 769 3948 834 visionis

2447 873 2728 955 optimus
2777 880 2892 935 est.
2943 873 3207 935 Videtur
3253 870 3427 934 enim
3479 871 3646 932 Deus
3693 884 3820 931 non
3879 867 3946 930 in

2446 973 2784 1053 aenigmate
2841 990 3051 1055 neque
3101 989 3216 1053 per
3259 968 3622 1053 speculum,
3673 966 3784 1030 sed
3833 985 3950 1048 per

2448 1070 2814 1144 essentiam,
2863 1069 3270 1144 aeternaliter,
3301 1067 3580 1130 firmiter
3609 1073 3676 1129 et
3703 1083 3947 1128 secure.

2449 1168 2707 1230 Constat
2765 1167 2982 1248 igitur,
3043 1166 3238 1247 hujus
3297 1164 3506 1227 felicis
3563 1161 3956 1244 contempla-

2448 1264 2642 1328 tionis
2685 1265 3014 1346 gaudium,
3061 1263 3345 1346 undique
3391 1262 3654 1344 plenum
3699 1267 3762 1323 et
3803 1278 3958 1322 exu-
4256 1267 4262 1382 Ἰ

2451 1364 2680 1427 berans
2730 1382 2892 1438 esse,
2943 1361 3250 1443 omnique
3297 1360 3723 1424 delectatione
3783 1359 3958 1421 circa

2451 1461 2624 1524 entia
2667 1469 2877 1524 creata
2925 1479 3002 1524 eo
3049 1459 3186 1522 fore
3235 1458 3550 1522 intensius
3597 1465 3662 1520 et
3715 1456 3959 1519 amabi-

2451 1559 2598 1632 liuS‚
2659 1577 2788 1642 quo
2845 1558 3211 1622 intellectus
3257 1557 3402 1620 aliis
3461 1556 3767 1639 potentiis
3826 1555 3958 1617 dei-

2449 1657 2716 1720 formior
2781 1665 2898 1732 est,
2968 1655 3314 1739 divinaque
3377 1655 3654 1718 essentia
3722 1653 3958 1716 creatis

2449 1755 2719 1836 objectis
2787 1763 2850 1818 et
2907 1754 3452 1836 cognoscibilibus
3509 1753 3738 1816 formis
3799 1771 3958 1834 prae·

2528 1953 2774 2028 Adhuc,
2801 1967 2946 2035 'quo
2987 1952 3230 2016 bonum
3273 1950 3532 2034 aliquod
3577 1949 3819 2012 clarius
3859 1967 3956 2013 co-

2447 2052 2777 2134 gnoscitur
2815 2051 3201 2132 firmiusque
3249 2049 3634 2132 possidetur,
3676 2065 3756 2112 eo
3801 2067 3956 2129 gau·
4249 2021 4266 2091 4

2449 2151 2628 2212 dium
2689 2150 2838 2213 inde
2895 2169 3201 2213 emanans
3257 2148 3516 2230 plenius
3573 2154 3694 2210 est.
3743 2147 3954 2221 Quum

2448 2267 2599 2331 ergo
2649 2251 2838 2324 Deus,
2870 2248 2982 2330 qui
3032 2256 3130 2310 est
3167 2246 3734 2329 incircumscripta
3773 2245 3958 2308 boni-

2447 2355 2558 2422 taS,
2623 2367 2736 2430 per
2797 2346 3144 2410 essentiam
3195 2346 3510 2420 videatur,
3561 2345 3958 2408 aeternaliter

2448 2465 2704 2530 quoque
2765 2453 2831 2509 et
2893 2463 3119 2508 secure
3178 2444 3259 2506 ab
3315 2444 3610 2526 appetitu
3671 2443 3958 2525 posside-

2445 2553 2610 2619 atur,
2654 2543 2862 2627 palam
2908 2544 3079 2626 quod
3137 2540 3958 2624 superexcellentissimam

2447 2644 2530 2707 sit
2577 2643 2883 2726 gaudium
2934 2642 3083 2704 inde
3129 2642 3502 2724 procedens.

2523 2745 2849 2816 Praeterea,
2891 2741 3003 2804 Dei
3046 2740 3175 2803 vita
3217 2739 3490 2803 infinitae
3529 2739 3958 2821 jucunditatis

2445 2841 2633 2924 plena
2660 2849 2774 2903 est.
2809 2840 2942 2914 Quo
2971 2856 3123 2920 ergo
3163 2845 3390 2901 creatae
3429 2845 3676 2901 mentes
3717 2839 3955 2902 divinae
4267 2756 4270 2940 Ι

2443 2941 2588 3003 vitae
2617 2939 2960 3001 viciniores
2989 2957 3060 3001 ac
3092 2937 3438 3000 similiores
3470 2936 3654 3000 factae
3681 2936 3949 3010 fuerint,
4267 2941 4269 3008 l

829 3035 1034 3097 forma
1098 3055 1211 3118 per
1271 3055 1463 3118 quam
1523 3035 1807 3117 potentia
1862 3035 2010 3117 agit.
2074 3035 2328 3112 Quane,
2367 3045 2410 3108 C
2442 3057 2518 3101 eo
2546 3037 2778 3101 divinae
2803 3035 3188 3117 jucunditati
3223 3035 3369 3117 plus
3399 3034 3946 3118 appropinquant.

828 3153 906 3196 ex
938 3135 1127 3197 modo
1166 3135 1553 3216 operationis
1590 3152 1603 3196 ε
1638 3143 1709 3196 ut
1746 3134 1992 3196 scilicet
2031 3134 2328 3209 firmiter,

828 3251 1051 3296 secure
1095 3242 1160 3296 et
1202 3251 1319 3316 pro
1367 3233 1773 3316 beneplacito
1814 3233 1959 3315 quis
2002 3241 2164 3316 agat.
2197 3235 2331 3308 Quo

827 3331 1023 3412 igitur
1067 3332 1351 3414 potentia
1396 3332 1647 3412 dignior
1692 3339 1755 3393 et
1802 3331 2128 3412 objectum
2177 3353 2331 3415 prae-

826 3431 1095 3493 stantius
1143 3449 1217 3492 ac
1266 3430 1771 3504 convenientiuS,
1821 3428 2026 3493 forma
2073 3448 2330 3512 quoque

826 3529 1216 3611 operationis
1248 3528 1593 3610 perfectior
1636 3537 1699 3591 et
1730 3529 2037 3603 intimior,
2074 3530 2328 3593 modus-

826 3645 951 3709 que
982 3628 1207 3708 agendi
1242 3627 1470 3690 melior
1498 3627 1880 3702 exstiterint,
1914 3645 1991 3690 eo
2021 3629 2327 3709 gaudium

826 3727 1147 3807 operantis
1183 3727 1438 3809 plenius
1476 3727 1597 3790 erit
1640 3734 1704 3788 et
1740 3726 2105 3790 sublimius.
2141 3728 2327 3790 Intel-

825 3825 1026 3888 lectus
1073 3833 1287 3888 autem
1324 3833 1421 3887 est
1450 3824 1667 3888 divina
1698 3833 1761 3888 et
1795 3824 2174 3906 dignissima
2203 3827 2328 3888 vir-

822 3932 948 3998 tuS,
1000 3925 1355 3987 secundum
1401 3924 1807 3986 Aristotelem
1855 3924 2107 3988 decimo
2155 3924 2326 3987 Ethi-

822 4038 1064 4083 corum.
1102 4021 1329 4084 Divina
1357 4021 1573 4095 etiam,
1608 4021 1817 4102 prima
1846 4028 2037 4103 atque
2069 4021 2328 4085 fontana

819 4120 1077 4194 veritas,
1110 4118 1438 4199 objectum
1470 4120 1785 4181 exsistens
1828 4119 2026 4182 beatae
2069 4121 2323 4195 mentis,

821 4217 1429 4280 convenientissima
1477 4224 1573 4280 est
1619 4217 1793 4279 omni
1839 4216 2219 4292 intellectui,
2264 4226 2327 4281 et
2357 4226 2406 4288 D
2437 4221 2608 4284 lexit.
2655 4221 2867 4294 Porro,
2917 4237 3118 4300 quum
3162 4235 3354 4280 omne
3397 4217 3640 4280 sciendi
3692 4218 3946 4282 deside-

820 4316 889 4378 in
919 4315 1195 4378 bonitate
1228 4315 1752 4397 praestantissima
1778 4334 1851 4378 ac
1884 4315 2150 4378 infinita
2167 4317 2324 4379 Nam

821 4415 961 4478 sine
1017 4432 1092 4477 ea
1150 4414 1240 4477 nil
1290 4413 1643 4496 appetibile
1692 4422 1861 4476 esset
1908 4433 2117 4497 neque
2177 4415 2326 4478 sub-

820 4514 1075 4577 sisteret
1136 4530 1149 4576 :
1213 4513 1343 4576 imo
1402 4532 1520 4576 nec
1583 4531 1681 4575 res
1741 4513 1957 4597 aliqua
2016 4515 2139 4576 sibi
2200 4513 2326 4596 ipsi

817 4612 1260 4676 desiderabilis
1306 4613 1640 4675 exsisteret
1684 4611 1822 4674 sine
1870 4630 1962 4676 ea.
2000 4612 2108 4674 Est
2149 4613 2325 4676 enim

817 4712 1028 4796 prima
1073 4710 1324 4774 bonitas
1374 4719 1439 4774 et
1487 4711 1735 4793 primus
1784 4712 1959 4786 finis,
2012 4711 2324 4794 primum-

817 4829 945 4894 que
986 4810 1358 4893 appetibile.
1394 4810 1659 4873 Remoto
1686 4817 1901 4872 autem
1942 4811 2177 4892 primo,
2209 4810 2324 4874 tol-

818 4910 1039 4972 luntur
1082 4909 1431 4991 posteriora
1474 4908 1538 4970 in
1584 4909 2033 4972 subordinatis.
2079 4909 2321 4984 Denuo,

819 5029 1021 5092 quum
1080 5008 1299 5072 divina
1354 5007 1630 5070 essentia
1696 5008 1779 5070 sit
1844 5008 2080 5070 sanctis
2139 5008 2323 5071 intel-

825 5107 1101 5172 lectibus
1184 5115 1489 5190 tanquam
1570 5106 1816 5188 species
1899 5106 2324 5188 intelligibilis

824 5208 1189 5288 conjuncta,
1224 5207 1451 5269 intima
1494 5213 1591 5267 est
1636 5205 1763 5268 illis
1808 5214 1872 5268 et
1918 5224 2178 5288 prorsus
2225 5225 2326 5268 su-

820 5305 1779 5394 perconvenientissima,quum
1811 5304 1891 5367 sit
1922 5304 2327 5388 supersplen-

2441 3136 2778 3200 Ostensum
2816 3144 2913 3199 est
2949 3143 3187 3209 autem,
3223 3134 3394 3197 idem
3435 3133 3572 3197 fore
3611 3133 3948 3214 objectum
3972 3164 4158 3204 „um

2439 3235 2850 3319 speciemque
2898 3232 3298 3315 intelligendi
3343 3232 3638 3294 eamdem
3697 3232 3948 3295 intelle·

2439 3343 2578 3397 ctus
2619 3333 2822 3397 divini
2861 3340 2925 3394 et
2961 3333 3150 3394 creati
3192 3331 3258 3393 in
3299 3330 3482 3393 finali
3524 3329 3636 3392 illa
3675 3331 3949 3394 felicita-

2436 3441 2518 3495 te.
2554 3431 2690 3495 Illic
2733 3448 2883 3513 ergo
2925 3430 3239 3492 veraciter
3267 3428 3614 3492 deiformes
3643 3429 3895 3492 erimus
3929 3447 3944 3491 :

2436 3530 2974 3614 quemadmodum
2993 3529 3264 3592 Joannes
3291 3527 3714 3601 ait,Quoniam
3745 3547 3948 3610 quum
3973 3541 4191 3586 uma

2435 3629 2824 3712 apparuerit,
2859 3627 3104 3690 similes
3144 3627 3206 3689 ei
3247 3627 3512 3688 erimus.
3545 3625 3710 3688 Vere
3751 3627 3948 3708 igitur
3971 3608 4012 3650 ²·

2435 3737 2499 3790 et
2529 3727 2804 3790 multum
2840 3726 3098 3809 penitus
3131 3723 3424 3787 infelices
3455 3733 3628 3798 sunt,
3654 3725 3770 3806 qui
3805 3741 3949 3808 pro-

2436 3835 2577 3910 pter
2606 3825 2764 3888 viles
2795 3841 3260 3907 corporeasque
3297 3823 3682 3905 voluptateS,
3713 3823 3802 3885 ab
3831 3825 3950 3886 hac

2435 3926 2548 3989 Dei
2597 3925 2844 3988 visione
2893 3931 2958 3986 et
3015 3941 3293 4005 superna
3349 3921 3749 3984 beatitudine
3809 3941 3948 3986 sese

2436 4023 2714 4106 separari
2766 4021 3180 4104 elongarique
3228 4021 3630 4103 permittunt.
3686 4021 3950 4085 Etenim

2434 4122 2627 4185 homo
2678 4140 2881 4203 quum
2933 4121 3000 4182 in
3059 4119 3301 4181 honore
3347 4127 3537 4193 esset,
3583 4137 3712 4182 non
3747 4119 3946 4182 intel·
3974 4140 4190 4246 'stium

2435 4320 2604 4382 rium
2635 4319 2872 4380 nedum
2905 4316 3394 4398 impleatur,sed
3423 4315 3536 4378 Dei
3567 4316 3950 4379 immediata

2435 4416 2656 4480 fruitio
2694 4435 2952 4480 omnem
2995 4414 3351 4477 naturalem
3392 4414 3818 4497 capacitatem
3851 4435 3950 4478 su·

2437 4517 2837 4599 perimpleat,
2882 4513 3238 4577 secundum
3284 4512 3756 4596 praedeclarata,
3794 4533 3946 4578 con-

2436 4623 2557 4679 stat
2586 4613 2940 4696 quemlibet
2970 4612 3100 4675 Deo
3139 4611 3462 4674 fruentem
3503 4628 3762 4693 prorsus
3799 4632 3947 4676 con-

2433 4714 2684 4777 tentari.
2755 4713 2835 4775 At
2905 4729 3079 4785 vero,
3149 4729 3349 4792 quum
3423 4710 3789 4773 intellectus
3863 4713 3949 4774 sit

2434 4812 2667 4876 divinae
2697 4811 2859 4873 lucis
2889 4808 3764 4891 signaculum,immaterialis
3799 4810 3951 4872 sim-

2434 4910 2710 4994 plexque
2753 4909 3048 4982 essentia,
3096 4907 3388 4971 divinum
3439 4925 3696 4989 quoque
3745 4907 3945 4971 intel-

2435 5007 2680 5089 ligibile
2721 5004 3225 5069 substantialiter
3266 5013 3331 5068 et
3375 5003 3656 5068 totaliter
3700 5005 3820 5068 lux
3863 5007 3946 5069 sit

2435 5114 2497 5170 et
2541 5105 2804 5168 luminis
2853 5105 3241 5186 largitivum‚
3287 5103 3596 5167 elucescit
3635 5103 3945 5186 hujusce-

2436 5205 2608 5268 modi
2641 5205 2752 5267 Dei
2793 5204 3109 5267 visionem
3149 5201 3564 5284 purissimam
3607 5221 3772 5267 esse.
3967 5205 4188 5309 'JV-¹235&

2517 5303 2636 5368 Sed
2678 5303 2981 5388 quoniam
3023 5302 3102 5365 de
3141 5301 3244 5364 his
3280 5301 3346 5363 in
3386 5301 3598 5385 primo
3636 5302 4166 5380 determine-„m
