4300 6259
974 524 1053 573 1>ss
1094 524 1321 571 Lmtlms
1362 524 1741 571 culusuANAE
1782 524 2083 583 mmmm,
2127 527 2304 576 121an
2347 528 2410 575 11.
2458 547 2538 559 —-
2578 529 2717 575 Am.
2763 529 2837 575 Lv

776 751 1263 818 ARTICULUS
1307 752 1445 815 LV.

354 907 539 975 Quod
564 928 777 988 neque
796 927 922 986 per
947 912 1466 986 Protoplastum,
1498 932 1702 991 neque
1732 930 1853 988 per

429 1000 639 1058 alium
666 1016 919 1074 purum
950 1000 1300 1069 hominem,
1330 1019 1539 1079 neque
1574 1020 1697 1077 per
1722 1020 1856 1062 cre-

430 1094 703 1149 aturam
744 1092 971 1159 solam,
1002 1092 1116 1149 sed
1148 1107 1275 1165 per
1303 1093 1511 1151 Deum
1544 1092 1852 1151 incarna-

431 1184 599 1247 tum,
610 1179 1287 1239 convenientissimum
1308 1180 1521 1255 fuerit
1542 1189 1849 1240 naturam

430 1267 791 1326 humanam
824 1268 1151 1343 reparari.

472 1478 573 1541 ΕΙ)
615 1499 815 1561 quum
863 1481 1157 1544 voluntas
1207 1482 1486 1546 hominis
1529 1482 1737 1545 valeat
1785 1484 1851 1548 in

496 1579 937 1661 oppositorum
978 1580 1332 1661 quodlibet,
1365 1581 1690 1644 videbitur
1726 1582 1856 1645 for-

348 1694 461 1738 san
491 1676 711 1751 alicui,
732 1678 900 1759 quod
930 1678 983 1739 si
1018 1697 1247 1760 parens
1280 1679 1529 1763 primus
1560 1688 1851 1744 naturam

348 1774 551 1835 valuit
580 1773 869 1849 inficere,
904 1776 1109 1857 ipsam
1140 1795 1396 1859 quoque
1427 1779 1705 1859 potuerit
1739 1798 1853 1862 per

3335 506 3455 573 453

1878 696 1929 759 A
1962 698 2137 761 Unde
2167 699 2561 781 Augustinus
2601 718 2903 782 magnum
2943 698 3286 781 quemdam
3325 696 3459 759 Pla-

1962 797 2248 860 tonicum
2316 798 2520 861 fertur
2589 799 3093 871 commendasse,
3153 796 3460 879 quoniam

1960 895 2169 957 solum
2203 896 2400 959 Deum
2434 896 2680 959 homini
2723 896 3122 979 praeferebat.
3159 895 3461 977 Sequitur

1960 992 2176 1074 igitur,
2208 995 2379 1077 quod
2408 1014 2617 1078 neque
2647 1014 2763 1077 per
2792 994 3090 1075 angelum
3121 1001 3230 1056 aut
3266 993 3458 1056 aliam

1960 1111 2188 1174 puram
2229 1100 2605 1167 creaturam,
2638 1100 2864 1156 natura
2905 1092 3188 1155 hominis
3225 1092 3291 1153 in
3332 1092 3458 1173 pri-

1958 1190 2194 1253 stinam
2237 1190 2611 1272 dignitatem
2659 1192 2909 1255 restitui
2956 1198 3204 1274 poterat
3245 1207 3259 1251 :
3302 1209 3460 1272 prae-

1958 1288 2182 1351 sertim
2258 1309 2457 1372 quum
2535 1290 2602 1353 in
2678 1290 3140 1353 beatitudinem
3212 1287 3458 1351 homini

1958 1387 2312 1469 angeloque
2369 1406 2804 1463 communem,
2865 1394 3107 1451 naturae
3164 1387 3458 1449 humanae

1961 1486 2274 1567 reparatio
2313 1487 2661 1549 ordinetur.
2696 1488 2915 1569 Neque
2955 1484 3331 1548 rationabile
3368 1485 3458 1547 vi-

1959 1584 2168 1656 detur,
2213 1584 2426 1647 dicere
2474 1585 2643 1666 quod
2685 1583 3040 1667 personalis
3076 1583 3243 1645 actio
3281 1602 3457 1665 purae

1960 1688 2288 1755 creaturae,
2349 1688 2545 1744 totam
2614 1690 2908 1744 naturam
2975 1681 3222 1744 salvare
3279 1689 3459 1763 potu·

1960 1779 2129 1843 isset.

348 1874 794 1954 poenitentiam
860 1892 1171 1957 reparare.
1240 1876 1721 1951 Verumtamen,
1794 1880 1847 1941 si
1884 1879 1929 1940 B
2036 1878 2354 1960 AmpliuS‚
2409 1878 2462 1941 si
2511 1879 2656 1961 quis
2717 1878 3223 1960 magnitudinem
3279 1895 3460 1941 enor-

346 1972 493 2052 quis
538 1971 861 2053 sapienter
901 1974 1204 2048 attendat,
1248 1993 1375 2037 non
1426 1974 1513 2037 ita
1555 1975 1851 2038 determi-

348 2069 545 2131 nabit.
578 2069 917 2133 Ostensum
956 2089 1193 2153 nempe
1232 2079 1329 2135 est
1365 2074 1687 2155 quomodo
1726 2074 1849 2136 cri-

348 2185 499 2229 men
538 2168 1079 2249 praevaricationis
1123 2170 1265 2251 ejus
1308 2177 1373 2233 et
1416 2172 1749 2253 personale
1786 2181 1849 2235 et

346 2266 637 2329 naturale
667 2266 893 2329 fuerat.
910 2267 1219 2340 Quoniam
1251 2268 1445 2349 igitur
1472 2278 1618 2332 ante
1649 2278 1848 2333 trans-

343 2365 764 2445 gressionem,
808 2373 1031 2428 natura
1072 2366 1137 2429 in
1184 2366 1324 2449 ipso
1368 2368 1575 2430 adhuc
1618 2368 1848 2432 divini-

345 2470 447 2525 tus
478 2464 761 2544 praestito
790 2464 1005 2546 gratiae
1046 2466 1214 2528 dono
1252 2465 1534 2547 perfecta
1579 2468 1842 2541 exstitit,

346 2568 683 2643 peccatum
723 2562 861 2643 ejus
902 2564 965 2625 in
1004 2571 1201 2625 totam
1244 2570 1535 2626 naturam
1576 2565 1846 2628 transire

346 2660 587 2741 potuit3
621 2661 733 2723 sed
764 2667 904 2743 post
933 2670 1174 2725 naturae
1206 2663 1626 2737 vitiationem,
1652 2666 1849 2745 poeni-

344 2759 545 2820 tentia
574 2766 641 2821 et
668 2758 775 2821 alii
814 2759 954 2839 ejus
982 2768 1163 2822 actus
1202 2768 1447 2823 tantum
1482 2761 1845 2843 personales

346 2864 724 2918 manserunt
756 2874 769 2919 :
804 2857 1075 2940 ideoque
1108 2859 1301 2921 totius
1333 2867 1573 2922 naturae
1603 2860 1843 2923 bonum

347 2955 687 3036 readipisci
719 2956 1054 3038 nequivit3
1090 2957 1201 3020 sed
1242 2976 1357 3039 pro
1397 2958 1657 3039 proprio
1694 2957 1846 3021 deli-

1960 1976 2198 2038 mitatis
2246 1985 2310 2039 et
2368 1996 2668 2040 excessus
2725 1998 2868 2060 quae
2927 1977 2992 2039 in
3051 1983 3312 2059 peccato
3361 1983 3459 2038 est

1959 2082 2206 2157 penset,
2253 2075 2493 2157 patebit
2533 2076 2594 2139 ei
2635 2076 2803 2158 quod
2844 2094 2959 2157 per
2996 2073 3456 2138 satisfactorem

1960 2173 2160 2235 finitae
2191 2173 2518 2255 dignitatis
2549 2180 2720 2238 totus
2757 2174 2949 2236 homo
2978 2172 3209 2235 redimi
3239 2172 3460 2254 nequi·

1961 2270 2084 2333 bat.
2141 2272 2350 2334 Palam
2407 2272 2732 2353 equidem,
2781 2272 3086 2353 quoniam
3143 2288 3221 2333 ex
3282 2277 3458 2351 parte

1956 2370 2101 2450 ejus
2150 2370 2256 2432 cui
2306 2369 2719 2433 irreverentia
2767 2367 3126 2442 exhibetur,
3168 2367 3458 2431 criminis

1960 2469 2282 2551 quantitas
2319 2468 2700 2530 attendenda
2740 2468 2838 2529 sit.
2874 2467 2987 2530 Dei
3030 2474 3243 2530 autem
3280 2467 3459 2547 (con-

1960 2576 2056 2629 tra
2086 2567 2275 2647 cujus
2307 2566 2653 2649 imperium
2687 2565 2934 2648 primus
2965 2584 3194 2648 parens
3225 2584 3460 2647 praeva—

1961 2667 2198 2728 ricatus
2240 2666 2364 2745 est)
2401 2664 2674 2746 dignitas
2711 2672 2902 2746 atque
2941 2663 3239 2745 maJestas
3282 2679 3458 2745 pror-

1960 2784 2069 2826 sus
2114 2763 2388 2826 infinitae
2428 2770 2593 2826 sunt.
2629 2763 2767 2826 Non
2812 2762 3006 2844 igitur
3048 2761 3292 2824 crimen
3331 2777 3459 2843 quo

1960 2870 2089 2924 tota
2130 2869 2356 2924 natura
2400 2860 2634 2923 foedata
2675 2860 3022 2934 exstiterat,
3075 2878 3189 2941 per
3229 2877 3456 2941 puram

1961 2968 2319 3023 creaturam
2359 2960 2603 3042 expiari
2649 2959 2871 3041 potuit.
2909 2958 3273 3032 Enimvero,
3306 2975 3458 3040 quo·

344 3061 470 3126 cto,
504 3053 571 3116 in
604 3062 915 3135 quantum
956 3055 1034 3117 ad
1075 3055 1288 3137 ipsum
1323 3056 1657 3137 personale
1698 3056 1842 3133 fuit,
1881 3056 1923 3121 C
1960 3060 2133 3121 niam
2174 3059 2342 3120 Deus
2392 3057 2650 3140 penitus
2689 3056 3012 3139 perfectus
3060 3063 3125 3118 et
3169 3056 3458 3137 omnipo-

343 3158 703 3234 utcumque
744 3152 1111 3217 satisfacere
1153 3154 1371 3216 valuit.

422 3252 755 3325 Praeterea,
796 3251 873 3314 ad
920 3260 1164 3316 naturae
1212 3252 1701 3335 reparationem,
1737 3254 1848 3316 ab·

346 3350 487 3413 latae
524 3350 745 3431 gratiae
789 3350 1109 3413 restitutio
1150 3351 1439 3433 quaedam
1489 3353 1845 3416 necessaria

342 3446 485 3509 fuit.
523 3448 647 3510 Sed
694 3466 885 3510 causa
926 3448 1143 3530 gratiae
1188 3467 1315 3511 non
1358 3457 1455 3512 est
1493 3450 1685 3513 homo
1729 3471 1843 3532 pu-

344 3566 475 3619 ruS,
529 3564 739 3628 neque
796 3554 1085 3609 creatura
1132 3548 1287 3623 sola,
1337 3567 1538 3630 quum
1588 3566 1712 3611 non
1763 3568 1841 3612 ex

344 3646 595 3709 meritis
636 3646 937 3727 procedat
970 3663 985 3708 t
1018 3645 1191 3709 solus
1222 3664 1501 3727 namque
1540 3648 1707 3709 Deus
1747 3654 1843 3709 est

341 3763 535 3807 causa
563 3743 800 3825 gratiae.
832 3743 1079 3817 Adhuc,
1114 3751 1339 3806 natura
1378 3745 1734 3807 secundum
1773 3764 1841 3807 se

338 3842 761 3916 considerata,
794 3841 985 3903 habet
1016 3842 1326 3904 rationem
1362 3843 1704 3924 quamdam
1750 3844 1842 3905 in-

334 3940 533 4013 finiti,
567 3947 697 4001 tam
731 3940 795 4001 in
825 3940 1133 4021 dignitate
1163 3958 1354 4022 quam
1388 3940 1453 4003 in
1484 3942 1839 4003 communi-

334 4038 661 4101 cabilitate
696 4054 711 4099 τ
742 4036 1045 4100 omnibus
1087 4038 1262 4100 enim
1308 4038 1659 4120 suppositis
1704 4040 1839 4101 suis

336 4137 732 4219 praeeminet.
766 4135 983 4217 ltaque
1023 4134 1365 4216 singularis
1408 4154 1678 4217 persona
1724 4137 1837 4199 hu-

1957 3165 2097 3219 tens
2154 3164 2272 3229 est,
2334 3155 2604 3218 dubium
2666 3172 2792 3217 non
2854 3154 3240 3236 relinquitur
3299 3154 3456 3235 quin

1955 3255 2308 3319 secundum
2340 3253 2695 3316 absolutam
2732 3272 2913 3315 suam
2945 3252 3319 3335 potentiam,
3342 3252 3455 3314 ali·

1953 3361 2051 3415 ter
2116 3371 2309 3435 quam
2378 3370 2494 3433 per
2551 3350 2742 3414 Verbi
2811 3350 3314 3413 incarnationem
3380 3368 3454 3412 ac

1956 3460 2252 3524 mortem,
2286 3450 2567 3513 hominis
2600 3449 2870 3512 salutem
2906 3466 3248 3531 procurare
3277 3447 3453 3510 valu-

1952 3550 2094 3613 erit.
2136 3548 2613 3621 Verumtamen,
2656 3566 2856 3629 quum
2900 3546 3041 3628 ejus
3080 3546 3162 3608 sit
3199 3564 3454 3628 semper

1952 3647 2428 3711 ordinatissime
2469 3646 2741 3729 operari,
2775 3664 2974 3727 quum
3015 3644 3098 3706 sit
3136 3644 3273 3727 ipse
3315 3645 3450 3707 fon-

1951 3754 2098 3809 tana
2127 3746 2456 3828 sapientiae
2497 3745 2676 3825 origo
2713 3752 2778 3807 et
2815 3744 3010 3807 totius
3049 3744 3452 3806 rectitudinis

1952 3863 2274 3917 mensura,
2319 3852 2562 3905 rectum
2610 3850 2823 3905 autem
2865 3849 2929 3903 et
2961 3840 3208 3921 justum
3247 3848 3346 3903 est
3383 3849 3451 3903 ut

1950 3960 2066 4025 pro
2094 3942 2284 4023 culpa
2315 3940 2430 4003 fiat
2458 3940 2829 4013 satisfactio,
2863 3947 2927 4002 et
2956 3946 3288 4021 peccatum
3333 3940 3448 4002 im-

1950 4041 2249 4123 punitum
2289 4058 2415 4101 non
2449 4045 2810 4114 remaneat;
2842 4039 3008 4100 Deus
3037 4056 3212 4111 vero,
3247 4056 3445 4119 quum

1948 4159 2067 4202 nec
2098 4138 2327 4201 mereri
2361 4156 2478 4200 nec
2511 4138 2639 4219 pati
2673 4137 2737 4199 in
2769 4137 3026 4218 propria
3055 4144 3280 4198 natura
3309 4154 3447 4218 pos-

338 4254 543 4299 manae
572 4232 811 4316 speciei
843 4234 966 4315 ipsi
998 4242 1241 4296 naturae
1271 4250 1399 4295 non
1439 4234 1832 4316 praeeminet.
1869 4236 1917 4298 D
1948 4240 2050 4313 sit,
2096 4238 2160 4299 in
2209 4236 2308 4299 sui
2357 4236 2559 4318 ipsius
2605 4243 2830 4297 natura
2871 4237 3202 4298 dumtaxat
3243 4235 3446 4298 subsi-

334 4333 574 4396 Natura
617 4339 835 4394 autem
888 4331 1241 4393 secundum
1298 4350 1367 4393 se
1420 4339 1615 4393 totam
1663 4351 1839 4415 repa-

338 4434 535 4495 randa
565 4440 717 4495 erat.
748 4432 883 4496 Non
914 4438 1127 4493 autem
1162 4431 1370 4513 potuit
1399 4433 1679 4514 reparari
1712 4434 1837 4495 nisi

338 4550 454 4614 per
483 4532 877 4611 condignum
912 4546 927 4591 t
961 4546 1089 4591 non
1121 4548 1272 4609 ergo
1305 4548 1419 4612 per
1448 4550 1681 4612 purum
1729 4531 1837 4594 ho-

340 4632 584 4694 minem
630 4628 1005 4711 reparabilis
1048 4635 1202 4690 erat.

416 4729 749 4802 Praeterea,
782 4727 931 4789 licet
969 4727 1237 4807 angelus
1282 4727 1543 4789 homine
1587 4727 1839 4809 dignior

336 4828 420 4891 sit
448 4836 645 4909 atque
674 4824 1018 4889 sublimior
1048 4826 1111 4887 in
1146 4826 1390 4888 ratione
1428 4825 1671 4900 formae,
1704 4833 1838 4887 tan-

334 4946 531 5009 quam
598 4923 949 5006 superioris
1015 4924 1255 5005 speciei
1313 4924 1649 4998 exsistenS‚
1711 4942 1838 4987 non

336 5036 551 5089 tamen
584 5024 651 5085 in
684 5022 925 5084 ratione
967 5022 1144 5091 finis,
1178 5041 1376 5105 quum
1424 5024 1503 5085 ad
1546 5024 1835 5086 eamdem

336 5121 803 5186 beatitudinem
865 5127 1136 5201 uterque
1192 5120 1541 5183 ordinetur.
1601 5122 1843 5203 Angelo

338 5238 601 5304 quoque
649 5218 887 5282 nedum
929 5218 1169 5299 aequari
1220 5225 1425 5300 potest
1468 5218 1681 5292 homo,
1732 5220 1842 5282 sed

342 5330 405 5384 et
452 5318 645 5383 altior
693 5316 871 5380 effici
932 5318 999 5380 in
1060 5316 1475 5381 beatitudinis
1532 5318 1837 5382 claritate.

1948 4336 2194 4409 stende,
2229 4353 2344 4417 pro
2375 4334 2655 4416 peccatis
2685 4334 2937 4415 generis
2967 4333 3235 4396 humani
3266 4332 3444 4396 satis—

1947 4435 2158 4498 facere
2217 4452 2343 4496 non
2390 4433 2686 4505 habebat,
2739 4451 2950 4514 neque
3005 4431 3146 4512 ejus
3204 4440 3445 4494 naturae

1948 4531 2299 4596 satisfactio
2330 4538 2694 4613 competere
2725 4538 3010 4613 poterat:
3044 4530 3321 4593 restabat
3349 4548 3444 4593 er-

1947 4651 2027 4713 go
2083 4639 2155 4693 ut
2196 4638 2486 4692 naturam
2533 4629 2927 4691 liberandam
2975 4636 3329 4691 assumeret
3382 4636 3448 4690 et

1949 4737 2292 4813 repararet,
2340 4736 2654 4810 quatenus
2714 4730 2880 4791 Deus
2940 4728 3328 4802 incarnatus,
3379 4728 3444 4789 in

1949 4836 2259 4910 quantum
2291 4828 2485 4889 homo
2515 4826 3008 4897 satisfaceret,et
3037 4826 3100 4886 in
3135 4833 3444 4906 quantum

1951 4928 2117 4990 Deus
2175 4925 2421 4987 homini
2481 4932 2813 5005 assumpto
2871 4923 3280 4986 idoneitatem
3340 4924 3448 4985 do—

1952 5031 2133 5087 naret
2179 5022 2536 5085 redimendi
2585 5028 2649 5083 et
2697 5021 3007 5084 liberandi
3059 5020 3444 5095 efficaciam,

1950 5123 2105 5185 dum
2156 5114 2670 5182 videlicet'unus
2717 5119 3014 5200 idemque
3065 5118 3128 5179 in
3179 5136 3448 5200 persona

1950 5219 2203 5283 exsistit
2243 5218 2355 5299 qui
2400 5218 2566 5280 Deus
2615 5225 2713 5281 est
2758 5224 2821 5280 et
2870 5217 3080 5280 homo.
3132 5218 3214 5279 At
3267 5235 3442 5290 vero,

1952 5336 2154 5399 quum
2185 5316 2480 5379 humanae
2517 5323 2760 5393 naturae
2790 5314 3166 5397 redemptio,
3197 5322 3460 5379 aeternae.
