4300 6259
908 499 1335 548 mumma
1373 496 1775 546 momulus.
1818 513 1901 526 -·
1940 495 2021 544 1)ss
2062 494 2482 544 rnooucrlonn
2521 495 2730 544 mul
2769 497 2812 544 A
2855 497 2974 546 ΠΕΟ

3373 479 3489 544 157

378 677 641 754 tempus
700 671 861 734 illud
928 670 1358 734 communiter
1420 667 1700 732 sumitur
1763 684 1880 750 pro
1906 668 1958 732 A
1992 667 2225 739 cundo,
2276 665 2522 730 Coelum
2563 673 2660 730 est
2703 665 3098 730 continentia
3133 664 3490 729 visibilium

378 789 685 834 mensura
750 770 1219 852 cujuscumque
1286 767 1711 832 successionis
1772 773 1883 830 aut

376 869 777 942 mutationis,
822 874 1013 950 prout
1061 868 1127 930 in
1174 866 1481 948 angelicis
1522 864 1881 928 actionibus

374 973 445 1028 et
510 965 793 1029 motibus
858 965 1119 1048 ponitur
1184 972 1439 1047 tempus
1506 964 1875 1026 discretum.

376 1063 543 1126 Sunt
585 1064 782 1145 igitur
824 1071 1097 1146 quatuor
1139 1079 1516 1145 coaeqnaevn,
1564 1060 1881 1143 loquendo

374 1162 447 1224 in
502 1161 783 1243 generali
838 1167 1149 1243 quantum
1194 1161 1274 1223 ad
1316 1159 1615 1242 angelum
1666 1176 1683 1222 ι
1728 1176 1883 1241 quo-

375 1259 555 1321 niam
582 1259 955 1340 angelorum
986 1257 1235 1341 species
1264 1277 1337 1320 ac
1366 1275 1655 1340 personae
1684 1257 1879 1320 simul

376 1357 563 1422 factae
618 1365 770 1421 sunt
826 1357 1043 1440 plures
1090 1356 1295 1420 valde.
1346 1355 1657 1420 Similiter
1698 1355 1881 1437 juxta

374 1456 831 1538 Augustinum,
882 1474 999 1538 per
1044 1455 1279 1519 coelum
1330 1453 1743 1536 intelligenda
1788 1473 1881 1516 es-

374 1562 525 1617 sent
566 1554 868 1617 universa
910 1553 1195 1618 coelestia
1238 1569 1529 1635 corpora,
1562 1572 1705 1635 quae
1744 1570 1883 1635 per-

376 1651 563 1714 hibet
616 1651 811 1714 simul
858 1659 1085 1714 creata.
1139 1651 1308 1715 Beda
1364 1668 1541 1724 vere,
1592 1650 1879 1724 StrabuS,

376 1749 699 1824 Rabanus,
732 1750 865 1814 imo
906 1758 969 1812 et
996 1750 1059 1812 S.
1093 1749 1457 1831 Gregorius,
1490 1768 1606 1832 per
1643 1748 1879 1812 coelum

1990 773 2054 826 et
2085 763 2508 828 invisibilium
2539 774 2974 828 creaturarum
2995 783 3010 827 ε
3031 764 3199 827 haud
3219 763 3493 827 dubium

1990 863 2149 945 quin
2197 870 2592 926 cunctarum.
2644 863 3062 946 Hieronymus
3110 880 3368 944 quoque
3425 862 3492 924 in

1990 977 2284 1023 sermone
2315 961 2392 1024 de
2421 961 2897 1043 Assumptione‚
2942 961 3140 1023 multa
3179 960 3494 1043 expressit

1990 1076 2133 1139 quae
2171 1076 2297 1120 non
2337 1059 2463 1122 nisi
2501 1059 2582 1121 de
2621 1059 2784 1123 coelo
2821 1075 3126 1142 empyreo
3161 1059 3492 1141 aptissime

1992 1154 2457 1236 intelliguntur.
2491 1157 2626 1219 Imo
2667 1166 2733 1220 et
2773 1157 3002 1220 Paulus
3045 1156 3370 1239 apostolus
3411 1157 3493 1221 de

1990 1254 2218 1317 eodem
2257 1253 2542 1336 loquitur
2581 1273 2596 1316 ε
2639 1254 2890 1318 Scimus
2934 1255 3238 1336 quoniam
3279 1255 3330 1317 si
3372 1263 3492 1317 ter·
3521 1270 3784 1322 nemum.

1994 1352 2213 1416 restris
2279 1353 2508 1416 domus
2577 1361 2790 1416 nostra
2855 1353 3258 1428 dissolvatur,
3319 1354 3489 1436 quod

1993 1449 2484 1513 aedificationem
2545 1469 2584 1514 a
2640 1451 2770 1514 Deo
2835 1451 3167 1525 habemus,
3225 1452 3488 1514 domum

1994 1565 2119 1610 non
2153 1547 2584 1612 manufactam
2619 1549 2682 1612 in
2716 1549 2928 1628 coelis;
2959 1556 3022 1612 et
3053 1569 3273 1612 rursus
3299 1567 3314 1612 :
3338 1550 3492 1614 Prae-
3561 1573 3694 1618 neor.
3723 1589 3782 1628 vi,

1993 1664 2216 1709 cursor
2244 1665 2360 1729 pro
2401 1646 2584 1710 nobis
2623 1648 2870 1711 introiit
2894 1649 3075 1712 Jesus
3115 1649 3180 1710 in
3211 1648 3488 1728 coelum3
3521 1639 3588 1680 ²⁰·

1994 1743 2280 1826 itemque
2314 1763 2328 1806 :
2361 1743 2500 1808 Non
2547 1747 2612 1808 in
2659 1746 3020 1809 manufacta
3059 1754 3276 1809 sancta
3309 1747 3490 1812 Jesus
3519 1765 3782 1818 manat.

378 1848 445 1910 in
478 1849 743 1912 exordio
779 1846 1021 1912 lactum
1064 1847 1432 1929 intelligunt
1470 1846 1707 1910 coelum
1747 1864 1879 1909 em·
1907 1848 1955 1911 B
1996 1843 2264 1916 introiit,
2307 1845 2700 1927 exemplaria
2741 1862 3064 1920 verorum,
3107 1845 3219 1908 sed
3281 1845 3344 1908 in
3396 1845 3490 1928 ip-

380 1964 673 2028 pyreum.

459 2045 639 2118 Quod
687 2044 744 2106 si
789 2051 1131 2126 quaeratur,
1176 2061 1293 2107 cur
1339 2043 1517 2108 locus
1562 2050 1627 2106 et
1676 2048 1883 2106 motus

380 2160 513 2206 non
560 2143 867 2206 dicuntur
914 2159 1289 2225 coaequaeva,
1340 2141 1881 2224 quemadmodum

380 2249 679 2324 tempus;
729 2240 943 2304 dicere
992 2259 1355 2323 possumus,
1406 2240 1577 2323 quod
1624 2239 1885 2304 nomine

380 2339 529 2402 coeli
557 2340 715 2401 satis
750 2338 1136 2421 exprimitur
1174 2338 1373 2412 locus,
1405 2357 1607 2420 quum
1646 2336 1883 2401 coelum

382 2437 565 2512 illud,
610 2437 967 2502 secundum
1016 2437 1503 2510 Damascenum,
1550 2435 1636 2498 sit
1684 2436 1887 2499 conti·

380 2536 621 2610 nentia,
644 2535 709 2598 id
740 2542 837 2598 est
866 2534 1045 2598 locus
1074 2535 1503 2608 contentivus,
1524 2534 1881 2597 visibilium

378 2642 445 2696 et
474 2632 925 2696 invisibilium.
957 2634 1149 2696 Porro
1188 2633 1365 2696 locus
1409 2632 1667 2716 proprie
1708 2651 1881 2696 sum-

382 2741 555 2815 ptus,
613 2739 685 2794 ut
740 2739 843 2794 est
890 2731 1137 2814 species
1188 2731 1585 2814 quantitatiS,
1634 2739 1733 2795 est
1781 2750 1881 2795 ac-

378 2831 605 2894 cidens
676 2830 1049 2894 substantiae
1118 2829 1507 2893 continentis
1582 2848 1597 2892 ι
1660 2831 1881 2914 sicque

378 2929 651 2992 nomine
704 2927 1077 2992 substantiae
1137 2927 1305 3002 talis,
1350 2927 1539 2991 datur
1583 2926 1875 3009 intelligi.

1994 1959 2139 2002 sum
2185 1942 2442 2016 coelum,
2479 1950 2550 2005 ut
2589 1951 2894 2025 appareat
2935 1962 3108 2006 nunc
3138 1943 3348 2006 vultui
3377 1943 3490 2008 Dei

1992 2056 2111 2121 pro
2148 2038 2356 2102 nobis.
2402 2041 2579 2104 Unde
2619 2049 2683 2104 et
2720 2042 2932 2104 denuo
2971 2040 3133 2104 dixit
3167 2058 3182 2103 τ
3215 2041 3356 2124 lpse
3394 2060 3490 2105 as·
3535 2069 3782 2127 epham,

1992 2137 2210 2200 cendit
2277 2157 2472 2220 super
2537 2156 2762 2203 omnes
2822 2140 3035 2204 coelos.
3097 2140 3234 2203 Non
3306 2140 3490 2205 dubi·
3523 2135 3589 2178 ¹⁰·

1994 2255 2105 2298 um
2144 2236 2302 2318 quin
2345 2256 2550 2320 usque
2587 2238 2667 2300 ad
2707 2239 2943 2302 coelum
2983 2257 3382 2322 empyreum,
3425 2240 3492 2302 in

1992 2352 2121 2417 quo
2150 2335 2566 2417 corporaliter
2605 2335 2840 2400 residet
2879 2336 3190 2412 Christus,
3221 2345 3288 2400 et
3329 2338 3495 2402 intra

1990 2432 2162 2515 quod
2210 2439 2522 2514 quantum
2565 2433 2645 2495 ad
2687 2443 3082 2517 assumptam
3132 2435 3496 2499 continetur

1990 2539 2306 2605 naturam,
2338 2531 2638 2595 videlicet
2683 2532 2848 2595 infra
2887 2551 3242 2597 convexum
3293 2542 3358 2597 et
3401 2535 3493 2598 in·
3541 2562 3790 2618 ucomu,

1988 2637 2085 2693 tra
2127 2647 2483 2692 concavum
2525 2630 2669 2694 coeli
2715 2630 2910 2705 illius,
2945 2650 3148 2713 usque
3195 2632 3273 2694 ad
3323 2634 3493 2715 quod
3521 2627 3564 2671 ²·

1987 2747 2055 2790 se
2116 2735 2371 2810 raptum
2431 2728 2761 2809 perhibuit
2817 2736 3074 2792 sanctus
3130 2729 3489 2813 Apostolus.

2068 2827 2198 2890 Hoc
2229 2827 2444 2910 itaque
2473 2826 2708 2890 coelum
2748 2844 3124 2910 empyreum
3167 2835 3231 2892 et
3279 2849 3496 2912 supre-

1990 2945 2192 2998 mum,
2241 2932 2340 2988 est
2387 2925 2676 2988 omnium
2727 2943 3068 3008 corporum
3118 2927 3520 3002 maximum,

376 3027 731 3100 Postremo,
762 3026 932 3088 sicut
968 3025 1103 3106 jam
1150 3025 1377 3106 patuit,
1411 3031 1665 3107 tempus
1708 3025 1879 3108 quod
1911 3027 1956 3092 C
1990 3022 2133 3086 luce
2183 3022 2637 3097 clarissimum,
2685 3023 2812 3086 situ
2861 3043 3212 3100 summum,
3265 3043 3496 3109 perpe·

376 3126 647 3208 ponitur
702 3141 1160 3206 coaequaevum,
1212 3130 1307 3186 est
1366 3122 1433 3186 in
1482 3123 1629 3206 plus
1684 3141 1879 3206 quam

376 3232 597 3287 motus
655 3223 915 3306 proprie
970 3221 1225 3301 dictus;
1282 3221 1385 3284 vel
1444 3240 1647 3285 unum
1706 3221 1881 3284 aliud

372 3321 891 3406 comprehendit,
922 3339 1037 3382 seu
1064 3320 1433 3401 designatur
1461 3339 1577 3404 per
1602 3319 1797 3383 aliud.

760 3591 1281 3658 PROPOSITIO
1329 3591 1507 3656 LIX.

460 3814 774 3883 Goelum
802 3827 1270 3896 empyreum
1298 3811 1727 3880 sufficienti
1754 3827 1883 3880 au·

370 3914 759 3982 ctoritate
808 3911 1283 3980 Sanctorum
1338 3925 1509 3978 esse
1568 3910 1887 3977 convin-

370 4015 645 4186 0116?OE
688 4116 807 4184 est,
857 4108 1163 4192 quoniam
1211 4115 1469 4171 sanctus
1517 4106 1751 4190 praesul
1797 4107 1889 4171 di-

1988 3129 2099 3184 tue
2128 3120 2359 3194 fixum,
2395 3119 2748 3194 immobile,
2779 3129 3008 3184 natura
3049 3123 3494 3206 purissimum,

1990 3219 2168 3302 regio
2205 3217 2566 3294 Beatorum‚
2617 3219 2680 3284 in
2728 3239 2856 3304 quo
2900 3221 3051 3285 facti
3097 3229 3247 3284 sunt
3287 3223 3495 3304 angeli

1991 3318 2302 3392 universi,
2353 3325 2418 3380 et
2461 3318 2541 3381 de
2590 3336 2720 3401 quo
2769 3318 3038 3401 projecti
3091 3328 3241 3382 sunt
3287 3321 3496 3403 angeli

1992 3414 2462 3498 delinquentes,
2495 3415 2664 3479 sicut
2691 3423 2958 3479 testatur
2987 3415 3272 3480 Salvator
3304 3435 3320 3482 ε
3353 3418 3496 3482 vidi
3524 3437 3630 3485 Luc.
3655 3453 3699 3494 x,
3721 3444 3789 3486 is.

1992 3513 2288 3577 Satanam
2335 3514 2504 3576 sicut
2549 3513 2766 3595 fulgur
2813 3514 2892 3576 de
2933 3514 3098 3578 coelo
3139 3516 3492 3580 cadentem.

1992 3611 2170 3686 Quod
2201 3610 2444 3693 optime
2475 3611 2930 3694 correspondet
2966 3620 3096 3675 tam
3137 3612 3340 3678 beatis
3369 3617 3500 3697 spi·

1996 3708 2228 3771 ritibus
2257 3727 2452 3792 quam
2494 3708 2870 3792 corporibus
2910 3709 3286 3790 glorificatis
3323 3731 3336 3776 :
3372 3713 3500 3795 spi-

1996 3806 2228 3870 ritibus
2255 3809 2578 3892 (inquam)
2607 3807 2832 3882 beatis,
2857 3827 2972 3891 per
2992 3812 3496 3892 congruentiam,

1996 3923 2073 3970 eo
2122 3906 2294 3989 quod
2343 3907 2511 3970 inter
2559 3924 2827 3990 corpora
2873 3907 3371 3990 simplicissimis
3418 3911 3502 3973 sit

1996 4012 2262 4079 naturae,
2324 4004 2564 4086 jugiter
2634 4003 2978 4080 uniforme,
3045 4006 3500 4091 incorruptibi-

1998 4103 2079 4178 le,
2116 4103 2548 4182 lumi'nosum3
2589 4103 2813 4185 sicque
2850 4105 3130 4167 exterior
3165 4106 3500 4188 dispositio

370 4211 579 4274 vinus
606 4207 877 4271 Basilius
908 4208 975 4269 in
1004 4224 1123 4270 suo
1150 4204 1377 4268 scribit
1404 4205 1835 4268 Hexaemeron
1868 4223 1884 4268 z
1917 4207 1967 4269 D
2000 4201 2350 4266 mansionis
2397 4220 2470 4264 ac
2523 4201 2644 4264 loci
2689 4200 2864 4265 illius
2907 4204 3363 4286 correspondet
3405 4204 3498 4268 in·

374 4309 567 4374 Sicut
604 4305 888 4369 damnati
930 4305 997 4367 in
1036 4303 1381 4368 exteriores
1419 4303 1717 4367 tenebras
1754 4302 1887 4366 abi·

374 4413 651 4490 guntur,
682 4405 774 4466 sic
804 4419 923 4485 pro
960 4403 1095 4466 suis
1128 4401 1397 4483 justitiis
1438 4401 1889 4465 remunerandi

378 4509 827 4568 restaurantur
852 4518 927 4563 ac
956 4501 1348 4565 collocantur
1386 4500 1451 4562 in
1492 4519 1567 4564 ea
1607 4519 1749 4582 quae
1787 4519 1891 4564 ex-

376 4613 485 4666 tra
536 4599 913 4664 sensibilem
962 4599 1279 4663 mundum
1330 4605 1427 4660 est
1482 4598 1649 4672 luce,
1698 4606 1889 4681 atque

376 4701 631 4765 ibidem
660 4699 895 4781 quietis
922 4696 1319 4761 domicilium
1349 4697 1709 4770 sortientur,
1723 4696 1891 4778 quod

378 4799 779 4864 rotunditate
843 4795 1216 4860 conclusum
1282 4812 1355 4857 ac
1418 4796 1700 4877 spissum
1770 4802 1885 4857 est.

376 4899 717 4970 Praeterea,
750 4904 822 4958 ut
850 4895 1289 4958 Bonaventura
1316 4910 1572 4976 quoque
1600 4899 1887 4968 testatur,

378 4999 465 5061 de
496 4997 619 5059 hoc
650 4993 815 5058 coelo
842 5010 1149 5076 empyreo
1170 4992 1597 5055 Damascenus
1628 4991 1891 5074 exponit

316 5141 333 5152 -
374 5097 451 5160 id
514 5094 780 5158 Genesis
827 5093 1038 5175 primo
1090 5108 1106 5155 ε
1160 5091 1231 5152 ln
1282 5089 1603 5173 principio
1652 5090 1890 5153 creavit

370 5197 557 5260 Deus
598 5191 837 5256 coelum
882 5197 946 5252 et
988 5196 1243 5252 terram.
1276 5187 1407 5251 Nec
1446 5187 1526 5250 de
1562 5187 1689 5250 alio
1726 5187 1893 5252 coelo

370 5291 761 5362 verificatur
814 5287 987 5372 quod
1044 5287 1257 5352 denuo
1312 5286 1538 5350 asserit
1584 5283 1751 5349 libro
1798 5303 1891 5350 se-

1996 4300 2214 4364 teriori
2271 4298 2676 4382 dispositioni
2738 4299 2978 4363 civium
3048 4317 3495 4383 supernorum,

1998 4398 2298 4464 exteriori
2357 4415 2614 4481 quoque
2680 4396 3088 4481 dispositioni
3155 4417 3498 4482 corporum

1997 4496 2523 4579 glorificatorum.
2553 4496 3008 4560 Verumtamen
3039 4499 3365 4581 corporale
3396 4499 3502 4562 ha-

1999 4595 2352 4658 bitaculum
2385 4595 2544 4657 illud
2581 4594 2874 4676 gloriosis
2913 4596 3245 4678 spiritibus
3287 4616 3500 4661 neces-

1998 4693 2240 4756 sarium
2284 4710 2412 4756 non
2455 4700 2573 4767 est,
2619 4711 2829 4775 neque
2866 4693 2945 4756 ad
2994 4692 3496 4771 subsistendum,

2000 4810 2210 4874 neque
2258 4791 2336 4853 ad
2387 4790 2970 4872 contemplandum.
3019 4791 3235 4855 Nihilo
3284 4794 3498 4857 minus

1998 4890 2216 4952 decuit
2258 4906 2365 4951 eos
2413 4889 2474 4950 in
2522 4895 2652 4949 tam
2695 4886 3098 4951 nobilissimo
3138 4891 3290 4972 poni
3334 4892 3500 4954 thro-

1999 5006 2083 5052 no
2117 5005 2132 5050 :
2166 4995 2390 5068 estque
2435 4986 2610 5049 locus
2655 4985 3234 5067 contemplationiS,
3277 5007 3500 5071 quem-

1998 5085 2342 5150 admodum
2408 5083 2678 5148 ecclesia
2743 5084 3088 5148 'materialis
3153 5094 3250 5150 est
3321 5087 3498 5154 locus

2000 5183 2326 5249 orationis.
3079 5201 3086 5208 ·

2082 5283 2368 5359 Interim,
2410 5281 2490 5346 de
2535 5281 2972 5348 luminositate
3012 5283 3158 5348 coeli
3208 5286 3498 5374 empyrei
