4300 6259
1063 514 1487 563 numano
1525 511 1923 562 momulus.
1966 529 2047 542 -
2089 511 2170 559 ΒΕ
2211 512 2330 559 nto
2371 512 2493 560 UNO
2534 511 2610 559 m·
2647 512 2832 560 ’ramo

3377 494 3498 558 125

380 694 549 760 ctuS,
582 703 793 768 quum
825 685 1017 749 unius
1046 684 1357 769 perfectio
1382 683 1565 747 alteri
1604 700 1892 766 persono
1920 681 1973 746 A
2003 700 2087 746 τω
2116 701 2192 745 ac
2223 689 2456 746 sanctae
2486 681 2924 746 delectationis
2953 701 3026 746 ac
3051 681 3268 764 gaudii
3297 680 3492 745 ratio:

384 785 659 848 deesset.
711 819 795 832 --
830 783 1053 848 Adhuc
1094 791 1333 858 autem,
1389 781 1703 866 quidquid
1749 799 1893 865 pro·

387 880 673 955 ducitur,
712 881 795 943 de
832 900 901 944 se
938 889 1037 944 est
1075 881 1140 943 in
1182 881 1467 964 potentia
1502 879 1579 942 ad
1620 897 1783 952 esse,
1829 883 1895 940 et

388 978 847 1062 imperfectum
882 997 897 1042 ε
930 979 1101 1062 quod
1142 996 1547 1061 nequaquam
1592 976 1891 1041 convenit

386 1095 543 1142 vero
594 1077 744 1140 Deo.
779 1110 860 1122 -
889 1077 1151 1151 Iterum,
1202 1076 1421 1140 divina
1468 1074 1749 1139 essentia
1794 1080 1893 1136 cst

388 1193 493 1237 res
548 1174 1003 1238 intellectualis
1060 1181 1325 1248 naturas,
1374 1181 1439 1236 et
1487 1173 1639 1256 quid
1686 1188 1891 1236 unum

388 1291 661 1336 numero
689 1292 807 1356 per
834 1292 903 1336 se
942 1272 1321 1346 subsistens,
1353 1289 1507 1352 ergo
1542 1278 1640 1334 est
1676 1286 1890 1352 perso·

388 1392 471 1434 na
511 1391 526 1435 ε
569 1390 699 1436 non
742 1389 893 1454 ergo
934 1379 1031 1434 est
1076 1368 1635 1434 communicabilis
1678 1367 1884 1442 alteri,

390 1478 461 1532 ut
482 1470 643 1534 Filio
670 1479 863 1553 atque
883 1469 1151 1553 Spiritui
1172 1469 1421 1532 Sancto.
1440 1503 1523 1514 —
1540 1467 1887 1540 Postremo,

388 1588 493 1632 res
520 1569 735 1650 genita
764 1576 828 1631 et
856 1587 958 1632 res
988 1568 1269 1650 ingenita
1298 1584 1427 1631 non
1457 1573 1607 1630 sunt
1636 1565 1893 1629 realiter

390 1667 563 1730 idem
598 1684 613 1728 ε
646 1666 847 1730 Filius
877 1684 1027 1748 ergo
1056 1683 1187 1730 non
1214 1673 1313 1728 est
1340 1665 1559 1728 divina
1588 1663 1887 1738 essentia,

391 1784 536 1847 quae
564 1782 971 1847 nequaquam
990 1770 1088 1826 est
1106 1764 1339 1844 genita.
1358 1799 1439 1810 —
1459 1763 1581 1825 Ista
1600 1769 1665 1824 et
1684 1761 1891 1824 consi-

1999 781 2172 861 quod
2219 799 2362 844 esse
2409 797 2536 844 non
2585 789 2821 864 posset,
2873 779 2998 844 nisi
3047 781 3113 844 in
3160 797 3238 843 eo
3285 785 3500 842 essent

2000 877 2284 942 caritatis
2327 878 2592 942 deliciae.
2627 879 2718 942 Ad
2763 897 2922 961 quas
2965 879 3315 960 requiritur
3356 875 3500 940 dili-

2000 994 2156 1058 gens
2195 985 2260 1038 et
2296 977 2568 1040 dilectus
2607 996 2681 1040 ac
2719 977 3113 1040 condilectus
3149 995 3164 1038 ε
3198 975 3502 1058 quoniam

2000 1074 2230 1139 caritas
2263 1075 2464 1156 magis
2503 1075 2761 1158 proprie
2797 1074 3035 1137 dicitur
3063 1093 3204 1136 csse
3232 1074 3310 1137 ad
3351 1074 3502 1137 alte-

2000 1191 2145 1236 rum
2202 1192 2396 1255 quam
2455 1174 2534 1236 ad
2593 1192 2660 1236 se
2719 1175 2956 1255 ipsum,
3007 1172 3139 1235 imo
3185 1179 3252 1235 et
3299 1171 3501 1254 magis

2002 1271 2276 1334 sentitur
2312 1272 2390 1333 ad
2433 1271 2739 1350 alterum3
2770 1279 2832 1333 et
2864 1269 3215 1334 fortissima
3245 1287 3502 1350 quoque

2000 1377 2097 1432 est
2127 1371 2283 1432 dum
2315 1369 2496 1432 adest
2522 1370 2771 1444 tertius,
2803 1368 3052 1431 scilicet
3080 1366 3498 1441 condilectus,

2000 1467 2112 1550 qui
2153 1467 2238 1530 sit
2285 1467 2469 1549 quasi
2519 1465 2721 1530 nexus
2769 1474 2831 1530 et
2878 1464 3212 1530 vinculum
3261 1473 3502 1528 mutuae

2000 1565 2366 1630 dilectionis
2421 1566 2780 1629 amborum.
2829 1600 2912 1611 —
2957 1565 3284 1637 Praeterea,
3345 1563 3499 1646 quid

1994 1665 2368 1747 jucundius,
2400 1665 2558 1747 quid
2587 1663 2842 1728 dulcius
2884 1671 3092 1746 potest
3130 1662 3498 1743 excogitari,

2000 1783 2194 1846 quam
2239 1764 2410 1846 quod
2449 1765 2516 1827 in
2555 1762 3212 1847 supergloriosissimo
3255 1762 3384 1826 Deo
3419 1761 3504 1824 sit

392 1865 575 1928 milia
600 1871 817 1928 contra
843 1863 1041 1926 fidem
1072 1859 1659 1945 superdignissimae
1686 1859 1891 1922 Trini-
1922 1861 1971 1924 B
2000 1863 2196 1925 trium
2237 1869 2618 1926 aeternarum
2658 1881 2731 1925 ac
2769 1861 3248 1926 invariabilium
3291 1879 3503 1944 perso-

392 1964 545 2026 tatis
586 1961 1003 2045 objiciuntur.

472 2060 552 2125 At
578 2078 734 2125 vcro
762 2077 881 2144 pro
915 2058 1047 2123 fide
1081 2058 1201 2122 hac
1236 2075 1367 2121 non
1408 2057 1623 2120 minus
1662 2055 1891 2120 idonee

390 2179 465 2224 ac
514 2160 770 2223 robuste
808 2159 1113 2239 arguitur.
1166 2157 1399 2230 Prim0,
1446 2155 1751 2237 quoniam
1788 2171 1892 2216 ex·

390 2258 727 2321 uberantia
774 2255 1077 2320 bonitatis
1120 2263 1219 2319 est
1260 2255 1421 2318 ratio
1460 2253 1891 2317 communica-

390 2355 587 2419 tionis
630 2363 693 2418 et
734 2353 1123 2417 diffusionis.
1158 2353 1495 2435 Quumque
1536 2351 1604 2414 in
1642 2351 1771 2414 Deo
1808 2349 1893 2413 sit

389 2453 987 2536 superplenissima,
1054 2453 1184 2516 imo
1250 2451 1514 2514 omnino
1578 2449 1895 2512 immensa

388 2551 833 2625 exuberantia,
864 2550 1198 2633 plenitudo
1234 2567 1309 2612 ac
1346 2547 1675 2631 opulentia
1712 2545 1893 2610 boni-

384 2650 565 2724 tatis,
598 2649 809 2733 palam
846 2649 1017 2732 quod
1056 2648 1124 2710 in
1162 2649 1305 2731 ipso
1341 2648 1425 2710 sit
1460 2647 1893 2711 communica-

386 2746 609 2809 bilitas
640 2744 1089 2826 infinita2ergo
1118 2752 1323 2827 potest
1353 2745 1895 2828 proportionatum

386 2845 521 2908 sibi
568 2862 855 2926 germen,
907 2853 1059 2926 puta
1107 2843 1463 2918 infinitum,
1516 2843 1887 2927 producere.

384 2979 473 2990 —-
502 2943 575 3006 ln
604 2943 735 3005 Deo
762 2960 1019 3026 quoque
1048 2942 1221 3005 idem
1253 2950 1318 3005 et
1347 2943 1539 3006 simul
1572 2951 1723 3005 sunt
1750 2959 1893 3026 pos-

2000 1978 2228 2023 narum
2259 1959 2528 2024 societas
2559 1959 2956 2024 invariabilis
2975 1967 3042 2022 et
3059 1967 3316 2034 aeterna,
3341 1961 3504 2023 inter

2000 2076 2158 2140 quas
2188 2058 2271 2120 sit
2301 2058 2846 2143 propinquissima
2873 2065 2938 2121 et
2964 2058 3302 2122 omnifarie
3333 2076 3502 2122 sum·

2002 2174 2103 2218 ma
2146 2156 2462 2237 cognatio,
2505 2155 2727 2238 sicque
2763 2155 3116 2238 personalis
3151 2155 3498 2230 distincti0,

2003 2261 2074 2317 ut
2101 2261 2316 2317 tamen
2347 2253 2432 2317 sit
2461 2254 2628 2316 inter
2657 2273 2764 2316 eas
2793 2253 3232 2318 substantialis
3273 2253 3502 2318 identi-

2002 2359 2099 2416 tas
2127 2370 2202 2414 ac
2233 2369 2504 2416 numero
2531 2371 2660 2415 una
2687 2351 3004 2427 voluntas,
3042 2361 3302 2436 propter
3332 2353 3500 2435 quod

2004 2469 2212 2532 neque
2242 2450 2582 2526 discordia,
2615 2469 2826 2534 neque
2855 2451 3171 2516 dissensio
3202 2451 3370 2514 inter
3397 2469 3504 2514 eas

2006 2548 2211 2612 valeat
2239 2549 2391 2611 oriri
2432 2556 2544 2612 aut
2581 2567 2758 2628 esse;
2793 2569 2934 2632 quae
2975 2550 3130 2613 item
3174 2569 3323 2614 cum
3356 2549 3502 2614 infi-

2004 2647 2137 2708 nita
2168 2644 2590 2711 delectatione
2633 2666 2701 2710 se
2745 2647 3026 2711 invicem
3069 2647 3505 2711 indesinenter

2006 2745 2394 2820 intueantur,
2409 2752 2473 2808 et
2503 2745 2672 2808 clare
2700 2764 2775 2808 ac
2806 2747 3060 2828 penitus
3091 2746 3505 2828 comprehen-

2005 2843 2141 2907 sive
2183 2843 2565 2924 intelligant,
2609 2845 2990 2908 immensam
3028 2861 3284 2926 quoquc
3333 2862 3502 2907 com·

2004 2940 2390 3024 placentiam
2461 2948 2684 3006 mutuo
2749 2942 3047 3017 habeant,
3107 2949 3298 3024 atquc
3356 2961 3504 3005 cum

384 3062 461 3106 se
492 3048 559 3105 et
594 3059 821 3123 agere3
852 3042 1063 3105 omnis
1106 3059 1261 3104 vero
1303 3041 1499 3105 creati
1542 3042 1707 3104 entis
1750 3057 1892 3123 pro-
1926 3043 1973 3108 C
2006 3038 2352 3103 dilectione
2411 3039 2726 3104 intensive
2776 3041 3032 3104 infinita
3087 3059 3162 3104 ac
3219 3059 3508 3124 superar-

382 3143 613 3207 ductio
638 3141 936 3206 centralis
965 3149 1060 3205 est
1080 3141 1181 3204 vel
1213 3140 1555 3224 punctalis,
1572 3157 1896 3222 compara-

382 3241 569 3304 tione
598 3237 1273 3304 communicabilitatis
1305 3238 1635 3300 immensa&
1660 3253 1673 3298 :
1703 3236 1898 3319 igitur

384 3347 627 3423 praeter
662 3357 803 3402 eam
833 3345 931 3400 cst
957 3337 1295 3420 productio
1322 3335 1391 3399 in
1421 3337 1549 3398 Deo
1585 3335 1666 3398 ad
1704 3335 1889 3398 intra.

398 3473 475 3486 -
502 3437 830 3511 Praeterea,
862 3453 1053 3498 omne
1090 3454 1205 3498 cns
1246 3435 1312 3498 in
1351 3433 1601 3498 meliori
1644 3440 1742 3496 est
1770 3433 1895 3496 dis-

384 3535 713 3620 positione
769 3535 927 3597 dum
984 3541 1081 3598 est
1132 3535 1198 3597 in
1250 3540 1397 3596 actu
1444 3531 1569 3596 sibi
1622 3551 1702 3596 ex
1749 3549 1893 3615 pro·

382 3635 537 3717 pria
572 3652 689 3695 sua
726 3640 955 3695 natura
994 3632 1435 3705 conveniente,
1482 3637 1546 3693 et
1581 3630 1659 3692 ad
1700 3649 1893 3712 quem

382 3731 825 3816 aptitudinem
862 3730 1057 3794 habet
1092 3730 1471 3804 naturalem,
1504 3748 1698 3811 quam
1738 3729 1891 3792 dum

384 3848 523 3894 non
576 3837 677 3893 est
724 3829 793 3892 in
839 3828 1289 3911 hujuscemodi
1332 3835 1521 3906 actu;
1572 3827 1741 3890 Deus
1789 3847 1894 3890 au·

388 3937 527 3991 tem
558 3927 947 3992 aetcrnaliter
976 3927 1043 3990 in
1071 3927 1313 4009 optima
1342 3925 1441 3988 sui
1474 3925 1893 4008 dispositione

380 4027 708 4099 consistit,
740 4045 819 4089 ex
850 4025 1109 4109 propria
1145 4042 1401 4107 quoque
1438 4043 1569 4088 suae
1609 4024 1893 4087 intermi-

380 4125 629 4189 nabilis
660 4125 963 4188 bonitatis
992 4122 1407 4187 exuberantia
1442 4131 1507 4186 et
1546 4131 1771 4186 natura
1799 4123 1893 4185 in·

2004 3138 2380 3202 dentissima
2417 3157 2484 3202 se
2525 3139 2802 3202 invicem
2843 3139 3392 3224 complectantur3
3439 3139 3504 3202 in

2005 3236 2242 3318 quibus
2273 3236 2358 3299 sit
2385 3235 2596 3319 plena,
2631 3237 2940 3301 naturalis
2978 3258 3051 3302 ac
3081 3238 3506 3322 superlibcra-

2006 3332 2252 3397 lissima
2293 3353 2555 3418 prorsus
2595 3335 2990 3412 communic,
3022 3337 3507 3420 superdulcissi·

2007 3451 2111 3496 ma
2171 3453 2292 3517 pax
2351 3453 2424 3496 ac
2481 3435 2956 3503 omniformiter
3004 3435 3260 3498 infinita
3307 3436 3504 3500 beati-

2004 3532 2200 3596 tudo?
2229 3532 2340 3596 His
2382 3532 2632 3596 deliciis
2677 3533 2877 3597 Deum
2923 3533 3175 3616 privare
3217 3542 3502 3609 conatur,

2004 3631 2116 3712 qui
2150 3648 2568 3713 personarum
2609 3632 2674 3695 in
2717 3649 2793 3696 eo
2831 3632 3100 3713 denegat
3129 3633 3500 3696 trinitatem.

2375 3842 2895 3908 PROPOSITIO
2943 3842 3106 3908 XVI
3113 3893 3126 3906 .

2082 4027 2582 4104 Argumenta
2629 4029 2800 4093 tam
2849 4041 2994 4107 pro
3033 4027 3188 4094 fide
3232 4033 3504 4108 super·-

2004 4122 2456 4189 essentialls
2483 4121 2908 4190 Trinitatis
2947 4138 3184 4205 quam
3227 4128 3504 4193 contra

378 4233 484 4288 est
512 4231 580 4287 et
608 4223 913 4287 convenit
940 4223 999 4285 ci
1040 4223 1354 4287 immensa
1390 4219 1893 4285 communicabi-
1923 4224 1974 4289 D
2003 4221 2362 4288 eamdem
2413 4221 2762 4303 inducta,
2810 4221 3190 4288 solubilia
3235 4225 3450 4292 sunt.

378 4325 557 4396 litas,
576 4323 748 4385 sicut
776 4339 1151 4403 expressum
1180 4326 1311 4383 est:
1330 4337 1483 4401 ergo
1510 4319 1895 4384 aetcrnaliter

380 4431 487 4486 est
516 4423 585 4484 in
616 4429 765 4483 actu
795 4419 1085 4502 plenario
1114 4418 1791 4483 communicabilitatis
1822 4417 1894 4482 il·

381 4522 542 4594 lius,
576 4526 734 4602 puta
765 4517 1125 4600 producens
1160 4535 1423 4598 germen
1464 4515 1589 4580 sibi
1623 4517 1887 4599 aequalc.

380 4653 471 4666 —
508 4619 804 4699 Insuper,
858 4616 922 4677 in
970 4615 1099 4678 Deo
1144 4623 1243 4678 est
1297 4615 1507 4678 omnis
1556 4615 1887 4697 perfectiO,

382 4733 545 4797 ergo
589 4732 847 4778 summa
901 4712 1303 4793 fecunditas;
1360 4720 1623 4796 paterna
1674 4720 1889 4776 autem

380 4814 753 4878 fecunditas
800 4819 1003 4875 exstat
1050 4811 1389 4895 praecipua,
1429 4811 1597 4874 sicut
1643 4818 1708 4875 et
1754 4811 1891 4894 ipsa

380 4911 721 4996 generatio
786 4917 885 4973 est
948 4909 1269 4972 emanatio
1324 4910 1525 4990 magis
1581 4909 1885 4992 perfecta,

382 5013 545 5095 quia
594 5011 663 5073 in
710 5029 787 5072 ca
844 5009 907 5070 id
962 5009 1133 5090 quod
1192 5017 1447 5071 emanat
1500 5009 1893 5071 assimilatur

382 5110 741 5195 perfectius
772 5127 905 5171 suae
936 5107 1355 5171 emanationis
1395 5106 1713 5190 principio
1746 5125 1761 5171 :
1794 5115 1892 5170 est

380 5228 543 5291 ergo
600 5209 669 5271 in
735 5208 867 5270 Deo
930 5203 1517 5288 incomparabiliter
1579 5205 1883 5289 perfecto.

378 5343 466 5356 --
486 5309 755 5382 Rursus,
780 5307 849 5368 in
870 5305 999 5368 Deo
1026 5310 1125 5367 est
1147 5304 1357 5367 omnis
1388 5312 1452 5368 et
1480 5303 1671 5388 plena
1688 5306 1890 5369 since-

2082 4318 2258 4394 Quod
2289 4326 2407 4393 cst,
2421 4319 2724 4401 quoniam
2757 4327 2981 4382 neutra
3009 4321 3508 4386 demonstrativa

2003 4419 2320 4482 exsistunt
2362 4435 2377 4481 :
2415 4419 2586 4501 quod
2633 4419 2712 4482 de
2757 4417 3028 4500 objectis
3077 4427 3298 4484 contra
3339 4421 3504 4486 hanc

2001 4517 2202 4580 fidem
2244 4517 2522 4580 inductis
2563 4524 2887 4600 patescere
2927 4517 3502 4602 impraesentiarum

2002 4616 2304 4680 sufficiet.
2367 4616 2612 4698 Nempe
2667 4616 2838 4698 quod
2899 4617 3108 4699 primo
3174 4619 3498 4701 objicitur,

2002 4733 2143 4797 quae
2174 4715 2398 4777 eadem
2430 4720 2579 4778 sunt
2607 4714 2718 4777 uni
2756 4714 2946 4777 tertio
2986 4715 3318 4796 singulari,
3351 4725 3501 4780 sunt

2001 4813 2224 4876 eadem
2269 4814 2436 4875 inter
2472 4831 2562 4886 se,
2596 4831 2819 4875 verum
2865 4821 2983 4888 est,
3015 4813 3071 4876 si
3116 4815 3498 4880 convertibi—

2002 4911 2147 4972 liter
2186 4911 2356 4973 idcm
2399 4909 2531 4971 sint
2573 4910 2664 4973 illi
2707 4910 2896 4973 tertio
2938 4911 3243 4992 singulari
3267 4930 3284 4991 3
3319 4915 3496 4978 nulla

1998 5018 2213 5074 autem
2241 5011 2520 5073 increata
2547 5011 2864 5074 adoranda
2905 5029 3177 5093 persona
3213 5022 3312 5076 est
3348 5033 3494 5079 con·

1999 5108 2381 5172 vertibiliter
2411 5108 2580 5171 idem
2611 5108 2780 5190 quod
2822 5109 3040 5172 divina
3075 5112 3352 5175 essentia
3386 5121 3498 5177 aut

2000 5208 2202 5272 deitas
2245 5226 2415 5282 vera,
2462 5224 2673 5291 neque
2723 5208 3097 5272 econtrario.
3143 5244 3226 5256 -
3266 5210 3360 5274 Ad
3405 5231 3498 5276 se-

2000 5307 2286 5371 cundum
2328 5307 2696 5383 dicendum,
2737 5307 2909 5391 quod
2951 5307 3018 5371 in
3059 5309 3209 5385 Deo,
3249 5311 3362 5395 qui
3401 5319 3499 5378 est
