4300 6259
1128 499 1552 548 nummulo
1592 499 2049 548 Pmtosormca.
2102 519 2182 530 —
2223 501 2302 547 DE
2344 500 2821 548 maneamus
3449 483 3530 547 83

418 667 741 750 prompsit
767 668 1076 733 Averroes
1109 667 1573 750 :intelligentia
1600 675 1697 730 est
1726 686 1919 748 agens
1950 667 1999 730 Α
2032 667 2250 750 utique
2293 667 2454 743 locO,
2487 670 2597 733 sed
2631 669 3203 749 dissimilitudine),
3238 687 3353 752 per
3396 687 3533 752 spe-

418 765 765 828 infallibile
794 775 859 830 et
888 783 1012 830 non
1052 785 1291 829 errans.
1324 766 1695 830 Aristoteles
1734 767 1919 848 quip-

418 883 501 945 pe
561 865 783 940 sensit,
847 884 967 928 nec
1026 867 1090 927 in
1150 863 1527 927 substantiis
1582 865 1913 946 separatis,

418 961 555 1024 imo
598 981 719 1024 nec
766 981 960 1044 supra
1008 961 1323 1044 sphaeram
1374 961 1541 1024 lunae
1588 979 1773 1043 posse
1820 979 1919 1024 ac-

417 1059 635 1122 cidere
666 1060 931 1132 malum,
964 1060 1083 1122 hoc
1113 1066 1211 1122 est
1250 1077 1367 1121 nec
1408 1059 1647 1121 malum
1688 1058 1916 1140 culpae,

419 1175 539 1220 nec
600 1157 839 1220 malum
898 1157 1149 1240 poenale
1202 1175 1215 1218 :
1272 1175 1633 1238 quanquam
1686 1157 1921 1220 veritas

417 1254 863 1319 sacratissimis
922 1254 1075 1318 fidei
1140 1254 1326 1316 aliter
1390 1262 1776 1336 protestetur
1840 1255 1921 1319 de

418 1353 684 1434 angelis.
726 1353 1013 1436 Insuper,
1048 1351 1489 1434 intelligentiae
1520 1361 1669 1416 sunt
1713 1371 1919 1417 causae

420 1452 847 1514 exsecutrices
878 1459 941 1514 et
980 1451 1521 1524 instrumentaleS,
1554 1469 1757 1514 causae
1798 1451 1923 1534 pri-

424 1569 545 1614 mae
591 1549 1012 1632 omnipotenti
1061 1550 1535 1613 subservientes
1584 1550 1649 1612 in
1694 1551 1924 1633 produ·

422 1649 635 1711 ctione
672 1655 737 1710 et
772 1647 1233 1728 gubernatione
1274 1647 1675 1720 inferiorum,
1718 1667 1923 1712 causae

424 1747 649 1827 utique
678 1745 1107 1827 sapientialem,
1128 1745 1643 1808 intellectualiter
1662 1763 1925 1829 operan-

2029 766 2160 828 eies
2219 766 2435 849 plures
2481 775 2544 830 et
2593 769 2798 831 minus
2853 768 3262 831 universales.
3307 768 3535 841 Quum-

2029 883 2156 946 que
2197 865 2444 947 species
2485 865 2924 947 intelligibiles
2965 865 3532 946 intelligentiarum

2030 961 2402 1026 deriventur
2429 981 2502 1025 ac
2533 964 2930 1026 deducantur
2965 963 3046 1026 ab
3088 963 3401 1026 idealibus
3441 982 3536 1026 ra·

2029 1059 2313 1123 tionibus
2345 1061 2574 1123 mentis
2605 1061 3163 1134 divinae,0mnium
3195 1061 3536 1124 causativis

2031 1164 2095 1219 et
2142 1159 2700 1241 repraesentativiS,
2747 1167 2993 1240 queunt
3040 1167 3104 1221 et
3151 1159 3304 1241 ipsae
3355 1159 3536 1222 intel-

2032 1253 2310 1336 ligentiae
2360 1274 2476 1337 per
2521 1257 2769 1338 species
2813 1257 2938 1319 sibi
2986 1276 3023 1319 a
3061 1265 3273 1320 mente
3316 1256 3536 1319 divina

2034 1355 2400 1436 impressas,
2443 1371 2570 1416 non
2621 1353 2827 1417 solum
2875 1373 3109 1435 genera
3155 1373 3228 1418 ac
3285 1354 3534 1436 species
3641 1356 3658 1366 ‘

2034 1471 2271 1525 rerum,
2307 1452 2416 1514 sed
2459 1452 2866 1533 particularia
2905 1472 3160 1536 quoque
3201 1469 3538 1534 cognosce·

2035 1569 2123 1623 re,
2176 1551 2528 1632 praesertim
2587 1558 2895 1632 quantum
2945 1551 3021 1614 ad
3073 1551 3532 1634 perfectionem

2033 1649 2316 1712 scientiae
2355 1649 2920 1729 intelligentiarum
2953 1650 3321 1733 requiritur,
3355 1650 3540 1712 decet

2034 1755 2097 1810 et
2142 1745 2438 1829 pertinet.
2487 1747 2615 1808 Hoc
2659 1755 2863 1809 totum
2908 1755 3004 1810 est
3047 1748 3218 1830 quod
3263 1748 3328 1809 in
3373 1747 3538 1813 libro

424 1854 521 1906 tes
564 1861 579 1905 ε
622 1843 764 1906 idco
814 1845 879 1906 in
926 1863 993 1906 se
1040 1844 1371 1907 continent
1412 1843 1649 1907 formas
1694 1844 1924 1907 intelli·
1960 1841 2006 1906 B
2034 1845 2113 1908 de
2159 1845 2378 1908 Causis
2423 1843 2750 1906 inducitur
2797 1861 2810 1906 :
2855 1843 3074 1908 Omnis
3119 1845 3538 1926 intelligentia

422 1941 655 2022 gibiles
698 1940 1011 2024 practicas
1054 1960 1315 2004 suorum
1359 1940 1731 2004 effectuum.

508 2041 813 2121 Denique,
846 2058 975 2122 quo
1012 2039 1495 2103 excellentiores
1536 2049 1684 2103 sunt
1722 2039 1928 2121 digni-

422 2147 553 2201 tate
614 2146 853 2202 naturae
910 2137 1255 2220 specificis,
1306 2155 1383 2200 eo
1440 2139 1725 2220 primum
1787 2138 1925 2201 uni·

424 2255 757 2300 versorum
814 2237 1229 2320 principium,
1286 2235 1923 2318 super-beatissimum

426 2337 811 2408 Creatorem,
844 2355 879 2398 a
922 2353 1039 2398 suo
1076 2335 1426 2418 primordio
1464 2336 1697 2398 clarius
1736 2353 1925 2417 agno-

426 2442 681 2508 verunt,
726 2434 1077 2515 jucundius
1124 2433 1569 2516 contemplatae
1623 2441 1793 2506 sunt,
1838 2441 1925 2495 at-

426 2551 555 2615 que
595 2532 903 2594 intensius
946 2531 1339 2608 dilexerunt3
1370 2531 1601 2594 deinde
1646 2549 1713 2592 se
1760 2531 1927 2613 ipsas

424 2650 503 2694 ac
552 2631 849 2693 invicem.
898 2630 1019 2692 Sed
1070 2637 1135 2692 et
1180 2649 1293 2712 per
1342 2630 1667 2712 propriam
1716 2647 1927 2692 essen·

426 2730 587 2791 tiam
618 2747 1013 2810 unaquaeque
1044 2727 1329 2790 intuetur
1368 2747 1435 2791 se
1479 2727 1705 2810 ipsam,
1738 2744 1929 2789 suum

426 2827 623 2890 etiam
670 2827 1053 2900 Creatorem,
1104 2827 1169 2888 in
1218 2833 1531 2908 quantum
1580 2824 1755 2888 illius
1804 2842 1931 2887 ma·

422 2927 625 3008 jestas
666 2927 731 2987 in
774 2944 889 2988 sua
930 2925 1173 2988 relucet
1214 2926 1509 2988 essentia.

750 3134 1272 3200 PROPOSITIO
1319 3133 1595 3198 LXXII.

510 3319 1085 3397 Intelligentiae
1122 3319 1209 3384 in
1242 3317 1787 3396 cognoscendo
1814 3331 1929 3383 as·

426 3417 897 3484 similantur
938 3431 1192 3482 causoe
1233 3417 1539 3496 pr1mae.

512 3516 687 3590 Quod
718 3523 836 3590 est,
855 3514 1159 3597 quoniam
1192 3513 1419 3577 modus
1449 3513 1677 3594 agendi
1710 3512 1929 3595 parifi-

429 3623 613 3678 catur
644 3615 831 3678 modo
860 3613 1131 3676 essendi.
1159 3613 1326 3684 Ideo,
1349 3630 1479 3693 quo
1510 3611 1931 3693 intelligentia

430 3731 549 3796 per
595 3731 725 3776 suae
782 3720 1025 3774 naturae
1076 3709 1500 3784 nobilitatem,
1560 3709 1931 3792 simplicita-

432 3820 587 3882 tem,
620 3809 1075 3883 actualitatem,
1110 3808 1533 3890 propinquior
1572 3815 1668 3870 est
1707 3809 1931 3890 primae

432 3927 662 3982 causae,
704 3926 781 3972 eo
830 3907 1104 3970 similior
1138 3907 1197 3969 ei
1237 3914 1333 3970 est
1382 3907 1447 3968 in
1492 3906 1925 3987 intelligendo

430 4009 623 4070 Porro
672 4007 881 4089 prima
932 4024 1141 4079 causa,
1196 4006 1261 4067 in
1309 4024 1437 4087 qua
1484 4024 1739 4068 summa
1788 4023 1933 4069 con·

430 4106 603 4170 sistit
660 4105 1040 4187 simplicitas
1098 4112 1161 4166 et
1216 4103 1395 4166 nulla
1454 4103 1811 4174 diversitas,
1862 4121 1931 4166 se

2034 1950 2133 2006 est
2181 1942 2370 2025 plena
2415 1941 2681 2020 formis3
2727 1950 3168 2005 verumtamen
3218 1961 3295 2004 ex
3355 1942 3538 2006 intel-

2036 2041 2318 2121 ligentiis
2365 2049 2514 2102 sunt
2557 2059 2696 2122 quae
2741 2041 3069 2103 continent
3113 2040 3348 2104 formas
3391 2041 3539 2123 plus

2038 2138 2455 2212 universaleS,
2489 2147 2554 2202 et
2591 2159 2670 2202 ex
2706 2139 2800 2202 eis
2839 2147 2987 2202 sunt
3029 2159 3170 2220 quae
3209 2140 3540 2203 continent

2038 2238 2276 2301 formas
2337 2238 2550 2300 minus
2611 2238 3026 2300 universales.
3077 2237 3252 2312 Quod
3321 2255 3538 2302 conse-

2037 2343 2310 2419 quenter
2364 2335 2602 2398 ibidem
2657 2335 3001 2416 exponitur
3051 2335 3234 2416 juxta
3279 2354 3539 2398 sensum

2038 2452 2212 2496 nunc
2257 2441 2515 2495 tactum.
2552 2433 2784 2495 Verum
2825 2433 2904 2495 de
2943 2433 3042 2495 his
3080 2452 3274 2515 super
3316 2451 3542 2497 secun-

2038 2533 2192 2594 dum
2225 2531 2716 2603 Sententiarum,
2749 2531 3160 2594 distinctione
3196 2532 3403 2606 tertia,
3439 2550 3539 2595 co-
3566 2557 3722 2609 quast.
3743 2557 3783 2598 5.

2040 2631 2220 2714 piose
2263 2629 2698 2711 conscriptum
2741 2637 2860 2692 est.

2120 2728 2376 2791 Constat
2405 2728 2641 2809 itaque,
2675 2725 2844 2810 quod
2883 2727 3147 2790 scientia
3187 2727 3544 2810 intelligen-

2038 2827 2141 2890 tiae
2191 2843 2318 2888 non
2367 2833 2464 2888 est
2511 2825 2887 2899 discursiva,
2939 2825 3050 2888 sed
3097 2824 3430 2889 deiformis
3479 2833 3543 2888 et

2042 2925 2362 2996 intuitiva,
2404 2923 2490 2984 ita
2539 2922 2709 3005 quod
2753 2922 3061 2986 intuendo
3097 2941 3322 3004 genuS,
3363 2924 3546 2987 intel-

1959 3025 2003 3090 C
2044 3021 2184 3103 ligit
2228 3021 2476 3103 species
2522 3020 2686 3102 ejus,
2733 3029 2798 3082 et
2845 3020 3258 3102 intelligendo
3307 3021 3543 3103 princi-

2042 3121 2170 3204 pia,
2219 3121 2504 3182 intuetur
2547 3119 2990 3184 conclusiones
3033 3139 3174 3203 quae
3219 3121 3543 3183 deducun-

2042 3227 2146 3280 tur
2189 3237 2265 3280 ex
2309 3217 2458 3280 illis.

2349 3427 2870 3494 PROPOSITIO
2918 3427 3232 3494 LXXIII.

2124 3611 2368 3678 Nulla
2436 3611 2980 3690 intemgentia
3057 3625 3156 3677 ex
3235 3611 3542 3678 lumine

2042 3709 2397 3776 naturali
2453 3722 2544 3775 ac
2599 3711 2922 3790 propria
2978 3711 3374 3789 potestate
3429 3710 3544 3774 111-

2042 3805 2515 3888 tellectuali,
2570 3807 2794 3873 valet
2851 3806 3311 3886 intellig-ere
3371 3821 3546 3874 oau-

2042 3922 2214 3974 sam
2256 3908 2598 3987 primam
2640 3905 2872 3985 plene
2917 3905 3000 3970 et
3039 3906 3543 3986 comprehen-

2042 4006 2242 4084 sive,
2285 4019 2426 4070 seu
2466 4006 2850 4086 quantum
2893 4004 2994 4069 ad
3037 4003 3227 4085 quid
3271 4004 3418 4071 est.

2123 4102 2300 4176 Quod
2339 4109 2456 4174 est,
2489 4101 2792 4182 quoniam
2835 4119 3024 4162 causa
3067 4101 3276 4182 prima
3313 4108 3410 4163 est
3447 4101 3542 4163 in-

432 4206 641 4289 ipsam
686 4211 751 4268 et
798 4211 1027 4266 cuncta
1078 4221 1191 4284 per
1234 4203 1559 4286 propriam
1608 4204 1935 4285 cognoscit
1966 4205 2015 4268 D
2046 4199 2494 4282 comparabilis
2525 4205 2588 4260 et
2617 4197 2888 4261 infinitae
2919 4198 3312 4262 excellentiae
3351 4217 3545 4282 super

430 4304 801 4378 essentiam,
838 4303 1115 4365 maxime
1156 4320 1349 4364 unam
1394 4321 1465 4364 ac
1510 4302 1871 4384 simplicem
1917 4319 1931 4365 :

432 4423 577 4488 quae
623 4401 917 4486 quamvis
962 4401 1027 4462 in
1068 4419 1135 4462 se
1174 4401 1255 4462 sit
1298 4420 1443 4472 una,
1474 4409 1753 4463 attamen
1796 4401 1935 4463 uni-

434 4519 769 4566 versorum
826 4507 921 4562 est
977 4499 1363 4582 exemplaris
1422 4499 1581 4562 ratio
1640 4507 1704 4562 et
1772 4500 1934 4574 idea,

436 4620 555 4685 per
599 4619 793 4684 quam
845 4599 1145 4661 universa
1192 4605 1257 4660 et
1297 4597 1549 4678 singula
1590 4591 1937 4662 distinctis·

436 4701 602 4762 sime
672 4707 863 4780 atque
940 4696 1313 4778 plenissime
1392 4696 1837 4778 intelliguntur
1900 4715 1939 4760 a

436 4805 657 4862 mente
695 4797 931 4860 divina.
965 4797 1127 4859 Hinc
1168 4795 1605 4876 intelligentiae
1644 4813 1773 4877 quo
1812 4795 1933 4878 pri·

438 4915 563 4960 rnae
592 4915 799 4960 causae
827 4902 977 4958 sunt
1008 4893 1522 4976 propinquioreS,
1544 4910 1622 4956 eo
1650 4911 1765 4975 per
1797 4911 1939 4976 pau·

434 4995 649 5059 ciores
697 5001 761 5056 et
808 4992 1301 5056 universaliores
1348 4991 1587 5055 formas
1638 5009 1750 5054 seu
1800 5010 1938 5073 spe-

432 5095 575 5158 cies
618 5091 1055 5173 intelligibiles
1101 5089 1469 5172 intelligunt
1511 5090 1713 5172 plura,
1745 5089 1939 5153 etiam

434 5192 649 5274 magis
700 5191 996 5254 distincte
1044 5189 1237 5273 quam
1291 5189 1727 5270 intelligentiae
1779 5188 1939 5252 infe-

434 5293 647 5358 riores
690 5297 754 5352 et
787 5309 825 5352 a
852 5289 1060 5374 prima
1103 5305 1295 5356 causa
1336 5287 1737 5350 distantiores
1781 5289 1937 5370 (non

2044 4317 2234 4364 omne
2278 4305 2586 4366 creatum,
2633 4303 2696 4358 et
2737 4303 2834 4358 est
2875 4315 3070 4378 supra
3111 4315 3300 4360 omne
3342 4315 3544 4377 genus

2044 4417 2117 4462 ac
2159 4415 2352 4478 super
2395 4413 2653 4458 omnem
2698 4395 2988 4457 ordinem
3021 4414 3235 4458 rerum
3271 4413 3284 4458 :
3319 4395 3544 4477 quoni·

2046 4516 2147 4562 am
2195 4497 2332 4578 ipsa
2373 4503 2470 4558 est
2512 4513 2712 4576 purus
2752 4501 2816 4556 et
2855 4494 3547 4578 incircumscriptibilis

2046 4604 2248 4668 actuS,
2296 4601 2360 4656 et
2403 4611 2540 4655 esse
2591 4593 3135 4674 perfectionaliter
3175 4613 3249 4656 ac
3291 4593 3549 4676 penitus

2050 4692 2402 4756 infinitum.
2460 4690 2970 4772 Unumquodque
3025 4699 3239 4753 autem
3297 4699 3546 4754 tantum

2050 4792 2244 4855 habet
2281 4793 2359 4853 de
2401 4788 2942 4870 intelligibilitate,
2984 4797 3304 4871 quantum·
3333 4791 3412 4853 de
3451 4809 3550 4853 ac-

2048 4891 2358 4962 tualitate,
2402 4888 2786 4951 formalitate
2823 4895 2888 4949 et
2936 4887 3344 4970 perfectione.
3387 4889 3548 4952 Hinc

2051 4989 2259 5072 prima
2305 5005 2494 5050 causa
2539 4992 2636 5049 est
2683 5001 2944 5068 prorsus
2989 4985 3320 5050 immensae
3364 4987 3548 5049 intel-

2050 5087 2430 5169 ligibilitatis
2469 5104 2542 5148 ac
2581 5082 3164 5165 cognoscibilitatis.
3198 5085 3308 5148 vis
3332 5093 3548 5150 autem

2052 5185 2442 5249 intellectiva
2491 5183 2928 5264 intelligentias
2975 5190 3070 5244 est
3111 5183 3298 5246 finita
3345 5183 3410 5246 in
3453 5203 3544 5261 se,

2050 5293 2115 5349 et
2167 5284 2535 5368 capacitatis
2587 5282 2788 5346 finitae
2845 5299 2858 5344 :
2915 5298 3042 5346 non
3095 5299 3247 5366 ergo
3293 5291 3389 5346 est
3443 5283 3546 5348 ad-
