4300 6259
1039 525 1462 573 manamauo
1501 524 1896 572 mtotoch.
1942 541 2022 554 ·—
2063 525 2142 572 m:
2184 525 2386 572 ANutA
2426 523 2757 572 uariorum

3330 503 3447 570 183

347 692 504 758 limo
529 701 716 760 terrae
748 694 1132 778 plasmatum
1167 713 1182 758 t
1217 695 1322 758 cui
1359 703 1514 758 tunc
1553 695 1844 778 protinus
1873 691 1926 758 A
1951 695 2050 775 (ut
2081 701 2323 758 tactum
2350 695 2475 776 est)
2492 694 3157 778 explanari.Mundum
3186 694 3447 758 demum

343 795 560 856 anima
587 813 623 856 a
653 795 784 858 Deo
814 795 1182 858 immediate
1213 803 1422 858 creata
1451 794 1628 857 unita
1657 800 1754 856 est
1783 800 1847 856 et

92 912 316 962 canas.
347 891 580 955 infusa.
633 893 876 956 Deinde
929 913 1008 957 ex
1061 902 1234 958 costa
1279 901 1344 956 et
1401 893 1594 956 latere
1651 891 1844 975 primi

347 990 524 1053 illius
567 992 848 1055 hominis
885 992 1038 1055 facti
1071 991 1138 1054 in
1167 1010 1346 1064 sexu,
1379 998 1619 1054 statura
1654 997 1844 1072 atque

343 1097 530 1152 aetate
577 1089 772 1163 virili,
813 1089 1160 1153 formatum
1203 1098 1300 1153 est
1345 1107 1578 1171 corpus
1621 1088 1846 1172 primae

343 1187 662 1262 mulieris,
683 1188 826 1252 viro
866 1188 960 1250 illi
1002 1187 1556 1251 matrimonialiter
1593 1188 1844 1250 sociatae

339 1286 420 1348 ad
485 1286 965 1368 propagandum
1024 1304 1226 1367 genus
1285 1285 1664 1358 humanum,
1713 1293 1842 1346 tam

337 1391 606 1465 propter
661 1382 1121 1465 complendum
1176 1381 1468 1446 ordinem
1535 1381 1842 1453 universi,

339 1500 538 1563 quam
587 1481 666 1544 ad
716 1481 1142 1563 reparandum
1199 1481 1264 1542 in
1322 1479 1484 1544 coelo
1541 1497 1846 1562 empyreo

339 1579 598 1641 ruinam
629 1587 936 1642 creaturae
973 1578 1298 1660 angelicae,
1331 1586 1396 1641 et
1435 1578 1514 1640 ad
1557 1577 1846 1640 obtinen-

335 1678 500 1740 dum
529 1676 810 1740 finaliter
839 1684 980 1758 post
1007 1676 1202 1757 hujus
1230 1675 1378 1738 vitai
1407 1675 1745 1738 decursum
1777 1675 1842 1738 in

339 1775 512 1838 coelo
551 1791 853 1858 empyreo
891 1774 1266 1837 felicitatem
1307 1772 1662 1855 plenariam
1711 1792 1846 1837 car-

1953 793 2329 857 sensibilem
2359 795 2545 856 docet
2580 793 2909 877 Scriptura
2948 799 3205 876 peracto
3247 800 3451 856 extre-

1955 909 2060 954 mo
2101 891 2382 972 generali
2424 891 2671 973 judicio
2714 891 3175 966 innovandum,
3220 889 3451 972 majori

1952 990 2252 1053 videlicet
2280 989 2655 1054 claritudine
2684 989 3257 1064 venustandum‚ut
3285 988 3452 1052 infra

1953 1088 2339 1171 completius
2380 1088 2747 1152 deducetur.

2034 1186 2343 1268 Denique,
2402 1187 2696 1268 quamvis
2752 1185 3043 1249 doctrina
3099 1185 3236 1250 haec
3294 1183 3450 1248 fidei

1953 1286 2091 1348 visa
2128 1287 2214 1350 sit
2248 1285 2649 1368 philosophis
2698 1285 3041 1358 irridenda,
3090 1285 3156 1346 in
3198 1288 3449 1347 tantum

1953 1383 2123 1466 quod
2157 1383 2526 1446 beatissimo
2554 1383 2743 1446 Paulo
2780 1401 2921 1446 eam
2954 1380 3450 1446 Atheniensibus

1955 1483 2361 1564 praedicante,
2404 1481 2742 1545 irridentes
2788 1481 2980 1544 locuti
3025 1480 3155 1544 sint
3196 1497 3211 1542 ε
3252 1480 3453 1544 Novo·
3502 1498 3607 1544 Aet.
3642 1511 3745 1552 m.

1953 1599 2095 1643 rum
2139 1579 2601 1644 daemoniorum
2642 1579 2895 1642 videtur
2936 1597 3077 1642 6556
3116 1579 3451 1640 annuntia·
3480 1565 3547 1607 ¹⁸·

1951 1685 2088 1756 τοι-ς
2121 1679 2427 1760 itemque,
2462 1676 2623 1751 Quid
2654 1677 2793 1740 vult
2820 1676 3317 1740 seminiverbius
3346 1675 3453 1738 hic

1954 1777 2211 1840 diceret
2268 1783 2547 1839 attamen
2605 1777 2991 1839 documenta
3045 1774 3457 1857 philosopho-

337 1873 446 1936 nis
467 1880 535 1936 et
559 1873 806 1938 anima).
823 1872 1108 1946 Interim,
1133 1871 1268 1936 haec
1291 1871 1583 1934 doctrina
1612 1889 1844 1953 nequa·
1877 1877 1924 1940 B
1955 1893 2098 1936 rum
2133 1875 2403 1955 maiores
2447 1873 2885 1947 difficultates,
2923 1871 3456 1937 contradictiones

335 1991 538 2054 quam
581 1970 852 2034 naturali
904 1971 1148 2032 ratione
1189 1969 1446 2031 inventa
1493 1977 1590 2032 est
1636 1987 1844 2051 neque

337 2070 626 2135 innotuit
680 2077 790 2132 aut
847 2068 1128 2132 conficta
1183 2075 1302 2140 est,
1365 2067 1474 2131 sed
1532 2067 1842 2130 divinitus

335 2168 622 2233 revelata
658 2175 724 2232 et
759 2165 1330 2250 supernaturaliter
1359 2165 1608 2240 tradita,
1641 2173 1714 2228 ut
1753 2165 1844 2229 in·

335 2268 438 2331 fra
488 2268 818 2350 pandetur.

734 2474 1254 2542 PROPOSITIO
1298 2475 1440 2540 XC.

413 2657 651 2726 Sicut
693 2658 790 2725 de
837 2657 1340 2739 primm-dian
1387 2659 1674 2724 animoe
1715 2671 1838 2724 ra-

329 2757 670 2824 tionalis
711 2754 1231 2822 inst1tut10ne
1259 2767 1349 2821 ao
1381 2754 1561 2836 fine,
1591 2755 1714 2822 1ta
1743 2755 1838 2821 de

329 2858 594 2923 totins
660 2856 940 2922 mundi
1009 2854 1550 2936 productione,
1609 2853 1840 2920 dura-

329 2957 560 3021 tione
613 2955 696 3020 et
750 2953 1454 3029 consummatione,
1506 2951 1840 3018 dlvers1-

1951 1973 2114 2056 (imo
2133 1981 2197 2035 et
2215 1971 2669 2052 absurditates)
2682 1979 3060 2054 sequuntur,
3076 1988 3268 2053 quam
3291 1971 3457 2034 hanc

1953 2091 2148 2136 sacrae
2226 2071 2569 2152 Scripturae
2644 2069 3019 2133 doctrinam.
3097 2067 3459 2132 Aristotelis

1955 2188 2233 2252 namque
2262 2169 2617 2232 doctrinam
2648 2167 3108 2231 inevitabiliter
3144 2166 3457 2249 sequitur,

1953 2277 2065 2332 aut
2111 2269 2359 2331 animas
2404 2267 2741 2330 hominum
2792 2264 3245 2349 corruptibiles
3292 2283 3457 2338 esse,

1955 2375 2066 2430 aut
2092 2385 2200 2430 eas
2230 2383 2397 2428 nunc
2426 2371 2747 2448 separatas
2776 2383 2916 2428 esse
2945 2382 3215 2428 numero
3246 2363 3462 2426 infini-

1957 2471 2074 2538 tas,
2125 2463 2413 2527 infinitas
2471 2479 2729 2545 quoque
2788 2461 3219 2525 revolutiones
3270 2459 3459 2524 coele-

1955 2564 2153 2626 stium
2204 2561 2559 2625 motionum
2606 2560 2739 2641 jam
2790 2559 3211 2641 praeteriiss03
3256 2577 3457 2641 quum

1954 2669 2191 2734 tamen,
2244 2667 2403 2722 teste
2462 2658 2629 2742 ipso·
2660 2657 3063 2741 philosopho,
3126 2656 3455 2720 infinitum

1955 2767 2231 2841 nequeat
2278 2757 2671 2840 pertransiri.
2719 2756 2847 2820 Nec
2896 2755 3267 2819 Aristoteles
3315 2755 3455 2837 ipse

1952 2864 2167 2941 posset
2196 2855 2588 2936 confingere,
2614 2855 2887 2937 qualiter
2918 2853 3245 2917 hominem
3278 2859 3454 2915 natu-

1949 2956 2168 3018 raliter
2194 2962 2481 3038 oporteat
2508 2973 2587 3017 ex
2616 2953 2861 3016 semine
2888 2952 3453 3034 generari,ipsum·

330 3053 573 3119 mode
593 3051 1035 3118 docuerunt
1063 3049 1528 3131 philosopm
1547 3063 1641 3115 ao
1669 3063 1838 3116 san·
1875 3057 1918 3123 G
1950 3074 2075 3138 que
2115 3072 2333 3117 semen
2366 3071 2445 3116 ex
2475 3053 2738 3116 homine
2783 3050 3015 3124 decidi,
3056 3057 3117 3113 et
3149 3049 3305 3132 quid
3343 3049 3452 3113 ho-

333 3153 448 3217 cti
497 3147 878 3227 theologi.

413 3247 598 3321 Quod
627 3253 746 3319 est,
769 3246 920 3328 quia
939 3246 1040 3326 (ut
1069 3244 1136 3307 in
1167 3245 1670 3308 Elementatione
1699 3243 1838 3328 phi-

291 3345 672 3426 .losophica
712 3353 810 3407 est
851 3344 1208 3423 ostensum)
1246 3343 1610 3427 philosophi
1654 3362 1838 3406 mun·

1951 3171 2094 3215 rum
2147 3153 2231 3214 sit
2283 3151 2481 3234 prius.
2547 3150 2797 3214 Etenim
2856 3147 3217 3212 necessario
3266 3146 3451 3230 sequi

1949 3251 2224 3324 videtur,
2270 3250 2439 3332 quod
2490 3249 2682 3312 homo
2731 3247 2906 3330 prior
2942 3248 3027 3310 sit
3074 3247 3343 3320 semine,
3386 3254 3452 3309 et

145 3377 288 3420 mim
1949 3368 2076 3413 non
2122 3347 2247 3411 nisi
2294 3367 2483 3420 unua,
2527 3353 2637 3409 aut
2681 3345 2851 3429 quod
2896 3345 3113 3428 plures
3156 3345 3450 3409 homines

136 3441 302 3532 ἓξὲξ*
330 3444 498 3506 dum
539 3441 782 3525 opinati
827 3449 976 3504 sunt
1018 3440 1098 3504 ab
1141 3449 1380 3504 aeterno
1423 3441 1646 3516 fuisse,
1685 3448 1838 3505 atta·
1949 3449 2080 3510 sint
2115 3445 2309 3510 simul
2352 3444 2719 3507 immediate
2756 3463 2793 3506 a
2832 3445 2959 3506 Deo
3002 3443 3217 3516 creati,
3260 3451 3325 3506 et
3362 3443 3449 3504 ita

329 3559 488 3604 men
522 3557 662 3604 esse
701 3547 986 3602 creatum
1020 3557 1034 3601 :
1069 3539 1610 3621 quemadmodum
1649 3539 1704 3602 si
1743 3540 1835 3602 sol

1950 3545 2016 3608 in
2068 3543 2483 3608 universitate
2539 3542 2793 3624 generis
2848 3541 3113 3604 humani
3164 3541 3249 3604 sit
3296 3541 3447 3604 dare

328 3638 725 3703 aeternaliter
751 3637 1122 3710 exstitisset,
1145 3636 1448 3720 splendor
1477 3655 1588 3700 seu
1621 3638 1836 3701 radius
1946 3642 2276 3707 hominem
2327 3641 2633 3723 primum,
2678 3647 2789 3703 aut
2834 3639 3043 3722 prima
3092 3638 3441 3701 individua.

323 3737 470 3819 ejus
513 3735 594 3798 ab
635 3742 874 3798 aeterno
918 3735 1166 3808 fuisset,
1200 3735 1404 3798 nihilo
1438 3736 1652 3798 minus
1695 3755 1831 3819 pro-
1947 3741 2063 3806 Ubi
2092 3747 2309 3803 autem
2339 3738 2623 3821 primum
2652 3744 2718 3801 et
2749 3737 3205 3810 ultimum,non
3238 3743 3446 3819 potest

321 3835 628 3898 fluxisset
668 3841 732 3896 et
777 3833 1124 3916 productus
1168 3841 1338 3896 esset
1379 3853 1416 3896 a
1457 3834 1608 3898 sole.
1649 3837 1834 3899 Asse·
1946 3857 2086 3902 esse
2127 3853 2398 3900 numero
2441 3835 2794 3899 infinitum.

323 3942 480 3998 runt
513 3951 794 4015 quoque,
827 3949 956 3995 non
997 3932 1206 3996 solum
1249 3949 1514 4014 corpora
1551 3934 1834 3998 coelestia
2023 3936 2186 3999 Hinc
2215 3935 2304 3998 ait
2330 3934 2641 3997 Henricus
2670 3951 2840 3996 nono
2867 3931 3441 4015 Quodlibeto‚quod
3468 3959 3621 4011 qun-t.
3640 3959 3705 4002 ιτ.

323 4040 388 4095 et
427 4031 778 4103 elementa,
811 4029 920 4093 sed
959 4030 1150 4092 etiam
1190 4030 1630 4112 generationes
1673 4033 1834 4094 mix·
1943 4035 2299 4098 secundum
2332 4032 2751 4094 intentionem
2782 4029 3169 4112 Philosophi,
3202 4029 3269 4093 in
3299 4029 3443 4092 infi-

321 4138 544 4193 torum
593 4135 659 4192 et
715 4127 1160 4209 corruptibilia
1205 4145 1428 4190 eorum
1481 4129 1828 4203 individua,
1943 4133 2153 4195 nitum
2183 4137 2521 4212 generatus
2552 4136 2649 4192 est
2678 4129 2870 4192 homo
2900 4147 2977 4192 ex
3008 4127 3291 4202 homine,
3324 4146 3443 4191 nec

323 4230 468 4290 sine
513 4227 652 4290 fine
694 4227 926 4288 durare
970 4225 1192 4288 eadem
1237 4227 1470 4309 specie.
1507 4227 1694 4292 Porro
1736 4249 1830 4292 56-
1864 4228 1915 4291 D
1942 4230 2179 4313 aliquis
2212 4229 2333 4291 fuit
2361 4229 2555 4291 homo
2585 4227 2695 4310 qui
2728 4243 2855 4290 non
2887 4227 2972 4290 sit
2999 4235 3339 4308 generatus
3365 4245 3446 4291 ex

323 4327 618 4390 cundum
651 4324 854 4388 fidem
883 4331 948 4387 et
967 4325 1348 4406 ScripturaS,
1373 4333 1540 4388 totus
1565 4329 1830 4390 mundus
1945 4329 2205 4392 homine
2238 4347 2305 4390 se
2336 4327 2570 4409 priore,
2604 4333 2667 4388 et
2696 4326 2816 4388 hoc
2850 4325 3161 4389 infinities
3194 4324 3261 4388 in
3290 4334 3447 4388 tem-

323 4425 404 4488 de
435 4442 612 4488 novo
641 4431 892 4487 creatus
923 4431 1042 4496 est,
1060 4430 1124 4485 et
1153 4431 1558 4506 computatur
1587 4434 1832 4489 certum

323 4533 588 4606 tempus
621 4538 748 4604 quo
779 4521 934 4600 suit3
955 4522 1282 4602 generatio
1314 4540 1570 4604 quoque
1600 4531 1664 4585 et
1693 4541 1832 4587 cor·-

323 4623 572 4705 ruptio‚
629 4621 1058 4701 universaque
1109 4619 1308 4682 mixta
1363 4623 1716 4684 secundum
1766 4641 1832 4685 se

323 4728 460 4783 tota
495 4719 650 4800 (hoc
687 4726 786 4780 est
823 4717 1178 4780 secundum
1227 4717 1498 4782 formam
1539 4728 1602 4782 et
1641 4729 1836 4784 mate-

327 4817 530 4898 riam)
567 4815 1034 4898 corruptibilia,
1077 4816 1506 4879 destruentur.
1543 4819 1832 4902 Insuper,

325 4917 504 4978 sicut
543 4921 920 4997 praetactum
955 4921 1074 4988 est,
1106 4914 1288 4977 docet
1325 4915 1673 4998 Scriptura,
1709 4936 1838 4981 cor-

285 5027 296 5035 ·
327 5033 492 5098 pora
523 5013 809 5076 coelestia
838 5020 904 5076 et
931 5011 1246 5075 elementa
1271 5032 1347 5076 ac
1379 5015 1585 5097 prima
1617 5016 1836 5079 mixto-

327 5133 478 5177 rum
526 5111 882 5184 individua,
919 5129 1033 5193 per
1072 5111 1402 5175 intervalla
1439 5132 1548 5176 sex
1588 5113 1838 5176 dierum

323 5211 524 5284 facta,
558 5210 881 5283 distincta,
916 5217 1156 5283 ornata,
1190 5217 1254 5272 et
1297 5211 1624 5274 hominem
1663 5219 1840 5276 sexto

325 5312 456 5375 die.
479 5311 636 5385 Quae
665 5317 880 5372 tamen
911 5307 1239 5391 Scriptura
1266 5308 1606 5392 tripliciter
1635 5318 1843 5394 potest

1946 4445 2098 4511 pore
2138 4426 2397 4489 infinito
2430 4443 2444 4488 ε
2482 4425 2566 4487 ita
2607 4425 2777 4506 quod
2819 4442 3043 4488 omnes
3086 4425 3442 4506 opinioneS‚

1947 4527 2138 4608 legeS,
2174 4524 2537 4605 religioneS‚
2574 4531 2783 4596 sectae,
2815 4523 3141 4596 doctrinae,
3174 4523 3445 4585 haereses

1945 4645 2086 4708 quae
2116 4642 2289 4686 nunc
2320 4629 2489 4694 sunt,
2525 4621 2835 4684 infinities
2870 4629 3351 4702 praecesserunt,
3382 4627 3449 4682 et

1947 4721 2261 4786 infinities
2292 4727 2503 4792 erunt,
2536 4717 3185 4802 quoniam‘infinities
3217 4719 3445 4780 iteran-

1945 4828 2092 4900 tur-3
2133 4828 2197 4882 et
2236 4819 2323 4881 ita
2360 4819 2438 4880 de
2486 4817 2757 4880 aliarum
2805 4816 3155 4878 individuis
3206 4817 3447 4899 specie·

1947 4938 2114 4982 rum.
2159 4919 2231 4979 Et
2274 4915 2570 5000 quamvis
2615 4915 2733 4976 ista
2779 4914 2903 4976 ruit
2952 4913 3154 4996 ipsius
3203 4915 3445 4996 opinio,

1949 5015 2153 5078 nihilo
2184 5015 2395 5076 minus
2428 5013 2838 5095 tenuit,quod
2868 5011 3236 5075 naturaliter
3263 5020 3449 5096 atque

1949 5112 2332 5194 simpliciter
2395 5111 2587 5174 homo
2645 5110 2822 5192 prior
2883 5109 2967 5171 sit
3032 5109 3300 5185 semine,
3362 5111 3449 5173 ita

1950 5211 2120 5294 quod
2162 5229 2383 5273 semen
2432 5207 2854 5272 essentialiter
2902 5208 3113 5290 potius
3159 5210 3447 5291 procedit

1952 5328 2030 5372 ex
2061 5308 2321 5373 homine
2360 5325 2553 5391 quam
2590 5305 2963 5371 econtrario.
2999 5305 3250 5372 Etenim
3291 5308 3445 5374 duo-
