4300 6259
575 689 638 735 no
667 690 810 735 Divin-
839 674 995 737 dum
1025 673 1318 738 divinum
1350 672 1750 757 Dionysium,
1788 679 1882 736 est
1925 688 2065 735 esse
2109 677 2175 733 et
2216 670 2339 733 for·
2364 670 2415 733 Α

543 764 662 799 Bom-
686 766 727 798 0.
753 767 782 797 Ι.

573 4243 822 4289 noemia.

555 4310 666 4353 hier.
693 4321 732 4352 c.
761 4320 822 4353 ιι.

833 486 916 551 30

845 791 948 835 ma
1002 772 1294 836 omnium
1355 790 1626 851 rerum3
1685 790 1758 835 ac
1819 771 1996 852 juxta
2059 768 2339 831 Philoso-

842 872 1069 954 phum,
1114 878 1324 933 motus
1369 870 1515 934 coeli
1559 888 1672 933 seu
1718 869 1954 934 coelum
1994 886 2110 951 per
2148 886 2337 929 suum

844 977 1088 1033 motum
1147 977 1246 1032 est
1297 968 1429 1031 vita
1485 968 1882 1031 inferiorum.
1935 966 2112 1040 Quod
2172 965 2341 1027 infra

841 1075 1216 1150 exponetur.

1209 1278 1732 1345 PROPOSITIO
1780 1276 1964 1341 VIII.

919 1464 1290 1530 Potentia
1343 1464 1431 1529 in
1488 1462 1930 1544 potentiam
1987 1461 2340 1527 activam

836 1578 930 1631 ao
962 1564 1368 1646 passivam
1399 1562 1820 1643 dividitur,
1851 1576 1943 1627 ac
1971 1558 2343 1643 pluribus

836 1662 1188 1730 sumitur
1226 1660 1507 1729 modis.

916 1761 1048 1823 Hoc
1085 1759 1416 1823 evidenter
1453 1758 1832 1821 ostenditur.
1875 1757 2030 1820 Nam
2071 1763 2136 1818 et
2176 1756 2341 1819 Deus

1397 501 1824 548 tantumno
1863 497 2325 547 rumosoPmCA.
2370 515 2453 527 -·
2490 498 2571 545 ΒΕ
2610 500 3039 549 mAPmstcA
3080 500 3387 550 smnus

2848 676 3370 744 PROPOSITIO
3418 678 3541 743 IX.

2528 868 2783 935 Causa
2838 869 3342 951 describitur,
3400 872 3611 952 quod
3674 872 3787 937 sit
3850 872 3955 937 ad

2446 967 2573 1048 cuj
2584 982 2679 1032 us
2724 982 2897 1033 esse
2944 968 3307 1049 sequitur
3355 970 3599 1036 aliud.

2527 1066 2703 1139 Quod
2752 1072 2870 1138 est,
2913 1066 3215 1148 quoniam
3256 1086 3448 1130 causa
3490 1069 3757 1131 relative
3798 1067 3957 1131 diei-

2449 1172 2553 1225 tur
2583 1164 2663 1225 ad
2693 1170 3045 1237 causatum,
3082 1165 3169 1227 ita
3211 1166 3383 1248 quod
3426 1166 3506 1228 ad
3550 1184 3690 1229 esse
3718 1166 3813 1247 (id
3856 1174 3957 1229 est

2448 1261 2526 1323 ad
2578 1261 2913 1325 formalem
2962 1264 3305 1345 rationem)
3354 1282 3582 1339 eausae,
3634 1265 3953 1348 sequitur,

2448 1377 2589 1423 esse
2636 1359 2966 1433 effectum,
3008 1362 3118 1445 qui
3159 1362 3334 1425 aliud
3372 1370 3471 1425 est
3504 1383 3543 1426 a
3586 1382 3799 1438 causa,
3832 1364 3959 1425 sal-

2450 1466 2579 1520 tem
2632 1459 2695 1521 in
2744 1460 3109 1523 causatione
3150 1461 3325 1523 reali.
3370 1462 3436 1525 ln
3476 1462 3687 1525 causis
3734 1470 3953 1526 autem

2450 1564 2513 1619 et
2542 1557 3021 1620 causationibus
3048 1560 3399 1622 secundum
3444 1560 3708 1623 rationis
3748 1562 3957 1625 consi-

2450 1656 2839 1719 derationem
2872 1675 2996 1720 non
3030 1656 3119 1721 ita
3146 1666 3643 1741 oportetzquum
3674 1667 3739 1722 et
3768 1660 3957 1723 diffe-

2452 1756 2657 1818 rentia
2684 1758 3096 1821 constitutiva
3126 1758 3211 1821 sit
3239 1758 3597 1841 speciei,de
3627 1779 3757 1843 qua
3788 1760 3953 1822 nihi-

838 1859 1074 1922 dicitur
1117 1865 1364 1942 potenS,
1397 1876 1471 1920 ac
1516 1876 1631 1920 sua
1674 1856 1982 1940 potentia,
2025 1876 2226 1939 quum
2272 1857 2339 1920 in
2368 1860 2415 1924 B
2456 1856 2516 1918 lo
2546 1855 2758 1918 minus
2788 1856 3455 1940 praedieatur33pecies
3486 1877 3734 1942 quoque
3765 1878 3957 1922 causa

839 1958 980 2041 ipso
1031 1958 1164 2020 sint
1217 1956 1384 2019 idem
1447 1957 1743 2029 essentia,
1791 1956 2094 2037 potentia,
2150 1956 2338 2028 acti0,

841 2076 954 2120 seu
1004 2075 1168 2129 esse,
1215 2063 1278 2119 et
1330 2073 1538 2138 posse,
1584 2074 1657 2117 ac
1700 2072 1886 2137 agere
1935 2072 1949 2115 :
1995 2054 2168 2137 quod
2214 2072 2339 2117 non

843 2155 965 2218 nisi
999 2156 1077 2217 de
1117 2155 1323 2217 activa
1361 2154 1646 2237 potentia
1681 2153 2016 2217 veritatem
2055 2152 2337 2215 sortitur.

841 2254 1102 2317 Materia
1145 2271 1401 2336 quoque
1459 2253 1666 2335 prima
1723 2260 1986 2316 vocatur
2033 2252 2339 2333 potentia,

845 2353 976 2415 imo
1023 2352 1309 2436 potentia
1355 2370 1536 2434 pura,
1586 2350 2126 2432 quemadmodum
2178 2350 2343 2413 Deus

843 2452 1082 2515 dicitur
1109 2460 1290 2514 aetus
1320 2471 1540 2534 purus
1574 2451 1748 2525 Quod
1779 2451 1858 2514 de
1891 2450 2174 2534 potentia
2203 2468 2343 2532 pas-

843 2552 978 2613 siva
1023 2550 1418 2624 verificatur,
1469 2550 1548 2612 de
1592 2568 1717 2631 qua
1763 2556 2028 2611 testatur
2069 2548 2347 2611 Philoso-

841 2648 1008 2731 phus
1061 2666 1076 2711 :
1123 2648 1408 2713 Potentia
1455 2655 1554 2710 est
1599 2646 1992 2731 principium
2045 2646 2345 2709 movendi

841 2768 955 2811 seu
1028 2748 1494 2811 transmutandi
1565 2745 1645 2809 ab
1717 2746 1917 2808 altero
1988 2745 2343 2809 secundum

840 2848 1012 2930 quod
1055 2848 1351 2910 alterum.
1383 2846 1558 2919 Quod
1605 2843 2092 2926 intelligendum
2131 2853 2230 2907 est
2266 2846 2345 2907 de

841 2947 1129 3029 potentia
1174 2944 1701 3008 transcendenter
1743 2950 2030 3025 accepta,
2081 2964 2227 3026 quae
2278 2944 2343 3005 in

2454 1954 2769 2018 individui
2816 1956 3204 2031 nominetur,
3252 1958 3315 2019 in
3364 1968 3677 2042 quantum
3729 1966 3959 2021 natura

2452 2054 2760 2136 specifica
2790 2056 2853 2116 in
2886 2056 3218 2120 individuo
3247 2057 3601 2121 formaliter
3629 2078 3771 2122 esse
3802 2058 3955 2140 legi-

2451 2161 2578 2227 tur,
2610 2161 2675 2216 et
2703 2154 2829 2217 tale
2858 2163 3187 2219 causatum
3220 2155 3573 2220 formaliter
3600 2178 3638 2221 a
3666 2177 3783 2220 sua
3812 2177 3957 2219 eau-

2452 2273 2521 2315 sa
2568 2253 3001 2335 distinguitur,
3052 2254 3171 2317 hoc
3220 2263 3317 2317 est
3362 2257 3713 2319 secundum
3769 2257 3957 2319 ratio·

2454 2370 2625 2426 nem,
2674 2369 2800 2415 non
2848 2361 3062 2415 autem
3114 2354 3389 2429 realiter,
3427 2374 3627 2437 quum
3668 2354 3955 2439 speciem
4052 2426 4069 2435 ,

2454 2452 2533 2513 de
2564 2451 2892 2515 individuo
2918 2460 3157 2515 eertum
3187 2453 3271 2515 sit
3300 2454 3649 2536 praedieari.
3666 2455 3951 2536 Insuper,

2452 2548 2531 2611 ad
2554 2568 2695 2613 esse
2716 2568 2943 2623 eausae,
2960 2549 3022 2612 id
3044 2558 3239 2613 estex
3262 2570 3467 2615 causae
3498 2552 3873 2614 exsistentia
3890 2560 3957 2614 et

2455 2649 2713 2722 virtute,
2735 2648 2909 2712 aliud
2940 2649 3251 2731 sequitur,
3285 2659 3441 2733 puta
3470 2650 3769 2714 effectus.
3794 2651 3957 2713 Hinc

2454 2766 2647 2811 causa
2688 2755 2978 2830 respectu
3024 2748 3123 2810 sui
3164 2748 3461 2824 effectus,
3496 2768 3563 2813 se
3602 2749 3799 2812 habet
3840 2768 3956 2833 per

2458 2847 2715 2910 modum
2750 2846 3043 2929 perfecti,
3076 2856 3139 2911 et
3170 2847 3625 2911 fecunditatem
3658 2848 3953 2924 includit,

2454 2964 2529 3007 ac
2560 2945 2699 3027 ipsa
2734 2945 3073 3008 causalitas
3110 2946 3385 3028 alicujus
3417 2946 3832 3029 perfectionis
3860 2955 3961 3011 est

841 3044 1020 3108 omni
1067 3061 1300 3124 genere
1361 3042 1707 3117 invenitur,
1758 3042 2112 3105 secundum
2173 3043 2343 3125 quod
2372 3044 2421 3109 C
2456 3043 2937 3126 signum‚atque
2966 3062 3045 3106 ex
3078 3044 3477 3127 plenitudine
3506 3046 3783 3127 quadam
3816 3062 3963 3127 pro—

839 3150 1023 3206 actus
1051 3150 1116 3204 et
1145 3140 1423 3223 potentia
1450 3140 1746 3203 dividunt
1776 3139 1988 3221 ipsum
2017 3159 2153 3203 θηε.
2170 3141 2347 3203 Unde

843 3241 1100 3305 videtur
1145 3239 1316 3323 quod
1359 3247 1540 3301 aetus
1585 3246 1650 3300 et
1698 3239 1904 3301 activa
1953 3240 2235 3321 potentia
2277 3258 2345 3302 re

843 3340 986 3423 ipsa
1027 3338 1390 3401 coincidant
1437 3354 1453 3398 :
1495 3344 1560 3399 et
1601 3336 1770 3399 sicut
1812 3338 2018 3399 activa
2062 3338 2345 3420 potentia

843 3448 942 3502 est
971 3438 1360 3521 principium
1387 3436 1614 3518 agendi
1649 3436 1714 3497 in
1745 3435 1989 3517 aliquid
2020 3455 2132 3498 seu
2164 3436 2345 3519 quid-

845 3538 1020 3619 piam
1055 3534 1470 3618 producendi‚
1503 3534 1597 3596 sic
1637 3534 1889 3616 passiva
1929 3534 2213 3617 potentia
2250 3542 2345 3597 est

847 3633 1243 3719 principium
1303 3641 1368 3695 et
1422 3632 1602 3713 origo
1659 3632 2012 3714 recipiendi
2071 3641 2342 3707 motum,

847 3734 1338 3816 impressionem
1387 3740 1450 3794 et
1497 3730 1820 3793 influxum
1865 3731 1948 3793 ab
2005 3732 2153 3795 alio.
2204 3731 2347 3795 Alio

847 3833 1037 3896 modo
1085 3832 1369 3915 potentia
1412 3830 1797 3893 contractius
1841 3831 2092 3912 capitur
2136 3838 2207 3892 ut
2250 3838 2348 3893 est

845 3931 1094 4015 species
1163 3936 1273 3992 aut
1340 3948 1486 4012 pars
1557 3928 1794 4009 speciei
1867 3929 2345 4010 praedicamenti

844 4029 1194 4115 qualitatis,
1226 4028 1412 4109 cujus
1443 4026 1723 4090 secunda
1751 4026 2019 4109 species»,
2039 4028 2347 4090 naturalis

849 4128 1132 4214 potentia
1173 4128 1274 4190 vel
1319 4126 1697 4209 impotentia
1735 4126 2120 4188 nominatur.
2156 4127 2348 4190 Porro

2456 3142 2642 3204 cedit.
2675 3143 2935 3225 Propter
2962 3143 3133 3224 quod
3177 3144 3683 3227 unumquodque
3718 3144 3961 3207 dicitur

2454 3240 2832 3323 perfectum,
2851 3260 3043 3323 quum
3076 3249 3279 3323 potest
3310 3241 3432 3304 sibi
3466 3242 3591 3325 ipsi
3622 3242 3835 3307 simile
3851 3262 3959 3325 ge·

2458 3358 2697 3401 nerare.
2723 3340 2881 3402 Hinc
2910 3340 3093 3420 juxta
3122 3340 3467 3414 Platonem,
3490 3341 3831 3405 causalitas
3860 3349 3960 3405 est

2454 3438 2672 3527 divi-na
2700 3438 2983 3520 quaedam
3014 3438 3386 3522 proprietaS,
3409 3440 3713 3523 quoniam
3748 3459 3957 3503 causae

2456 3544 2553 3599 est
2594 3536 2867 3599 influere
2908 3555 3103 3618 seque
3143 3538 3620 3600 communicare
3650 3554 3665 3600 τ
3690 3539 3863 3601 unde
3892 3546 3957 3601 et

2458 3635 2765 3697 rationem
2794 3634 2944 3697 boni
2977 3635 3257 3698 sortitur.
3274 3635 3435 3699 Boni
3465 3654 3748 3719 namque
3768 3644 3869 3699 est
3885 3656 3955 3700 se

2452 3732 2897 3805 diffundere,et
2916 3753 3091 3795 suam
3112 3733 3455 3798 bonitatem
3474 3736 3957 3799 communicare.

2879 3943 3401 4009 PROPOSITIO
3444 3946 3533 4009 X.

2534 4128 2803 4195 Variis
2849 4127 3109 4195 modis
3154 4144 3393 4196 causa
3438 4130 3865 4202 dividitur.

849 4228 1108 4292 divinus
1141 4224 1478 4307 Dionysius
1521 4224 1585 4285 in
1627 4224 1799 4286 omni
1848 4243 1918 4287 re
1967 4232 2177 4287 creata
2220 4226 2346 4287 dis·
2376 4230 2425 4293 D
2535 4226 2745 4290 Primo
2771 4226 3013 4308 quippe
3043 4226 3351 4289 dividitur
3380 4246 3571 4291 eausa
3600 4228 3665 4291 in
3695 4248 3957 4294 causam

850 4327 1087 4408 tinguit
1141 4342 1304 4397 θεεθ,
1355 4341 1543 4405 posse
1598 4330 1664 4385 et
1718 4340 1926 4404 agere,
1972 4341 2084 4385 seu
2133 4340 2347 4385 essen-

851 4428 1030 4501 tiam,
1077 4422 1427 4506 potentiam
1471 4427 1536 4483 et
1577 4422 2034 4502 operationem.
2082 4421 2351 4504 Insuper

851 4524 1138 4609 potentia
1194 4520 1564 4604 frequenter
1621 4519 1992 4582 relationem
2053 4520 2346 4595 includit,

851 4644 967 4689 seu
1014 4621 1306 4705 quaedam
1355 4618 1577 4681 relatio
1623 4625 1740 4693 est,
1775 4619 2126 4681 secundum
2177 4621 2348 4701 quod

851 4722 1136 4809 potentia
1181 4736 1298 4803 pro
1341 4724 1670 4801 potestate,
1701 4718 2074 4780 auctoritate
2117 4718 2219 4781 vel
2256 4720 2353 4800 ju·

849 4821 1222 4886 risdictione
1249 4818 1564 4901 accipitur
1596 4834 1612 4878 τ
1647 4836 1836 4900 quam
1869 4817 2018 4880 licet
2057 4818 2351 4882 nonnulli

849 4940 978 4985 non
1035 4917 1210 4982 aliud
1267 4934 1406 4979 esse
1463 4915 1681 4978 dicant
1745 4915 1868 4977 nisi
1934 4923 2349 4997 spontaneam

849 5018 1252 5083 subditorum
1320 5015 1810 5096 subJectionem,
1860 5014 2076 5076 verius
2133 5022 2351 5079 tamen

851 5118 1120 5182 sentitur
1176 5134 1316 5180 esse
1374 5116 1562 5178 realis
1620 5114 1862 5177 relatio.
1930 5114 2188 5177 Passiva
2244 5116 2351 5178 de-

853 5235 1032 5281 mum
1094 5214 1378 5298 potentia
1436 5215 1694 5296 proprie
1757 5212 2191 5296 potentialitas
2238 5234 2353 5298 ap-

853 5317 1146 5404 pellatur.

2459 4327 2827 4397 increatam,
2860 4332 2924 4387 et
2972 4343 3229 4387 causam
3278 4333 3575 4389 creatam.
3614 4327 3819 4392 Causa
3864 4330 3957 4393 in-

2458 4432 2669 4487 creata
2697 4423 3077 4504 simpliciter
3108 4424 3315 4506 prima
3342 4433 3438 4487 est
3468 4432 3532 4488 et
3564 4446 3689 4489 una
3708 4428 3957 4493 dumta-

2460 4530 2586 4595 xat,
2616 4540 2757 4605 quae
2786 4529 2883 4583 est
2916 4521 3082 4583 Deus
3112 4522 3521 4606 omnipotens
3550 4531 3615 4587 et
3641 4526 3955 4602 excelsus,

2457 4641 2496 4684 a
2536 4637 2664 4703 quo
2706 4618 3007 4682 omnibus
3047 4620 3405 4683 derivatum
3451 4629 3550 4684 est
3584 4642 3725 4687 esse
3763 4634 3829 4689 et
3868 4626 3959 4690 vi-

2461 4739 2631 4793 vere,
2648 4717 2985 4782 Aristotele
3016 4726 3195 4781 teste.
3218 4721 3503 4784 ——Porro
3531 4740 3723 4787 causa
3750 4732 3960 4789 creata

2460 4827 2523 4881 et
2554 4819 2853 4891 secunda,
2890 4817 3225 4900 multiplex
3258 4818 3655 4900 perhibetur,
3690 4830 3956 4905 utputa:

2461 4916 2865 4990 universaliS,
2907 4923 2969 4979 et
3008 4918 3430 4999 particularis.
3466 4919 3667 4983 Causa
3706 4922 3959 4985 univer·

2460 5018 2611 5081 salis
2640 5024 2903 5079 vocatur
2932 5034 3121 5078 causa
3149 5018 3501 5081 eommunis
3530 5027 3597 5081 et
3621 5021 3959 5102 generalia,

2462 5136 2605 5198 quae
2653 5114 2949 5198 pluribus
2999 5113 3216 5177 influit
3268 5122 3334 5177 et
3382 5116 3584 5180 multa
3640 5120 3958 5200 producit,

2465 5214 2819 5298 praesertim
2878 5232 3021 5295 quae
3071 5212 3137 5275 in
3189 5214 3548 5296 unoquovis
3594 5234 3831 5296 genere
3886 5237 3961 5281 ac

2464 5313 2689 5377 ordine
2718 5312 2927 5395 prima
2954 5318 3052 5374 est
3072 5312 3283 5393 :juxta
3312 5314 3483 5395 quod
3513 5313 3771 5393 dicitur,
3790 5317 3961 5400 quod
