4300 6259
636 3715 755 3760 lbid.
782 3717 848 3759 52.

639 3999 757 4044 ibid.
789 4003 851 4043 51.

677 4489 853 4533 Matth.

651 4565 765 4602 xxw,
787 4555 853 4596 24.

874 449 996 517 504

1455 473 1534 520 DE
1575 471 1803 519 mem
1844 469 2226 518 OERISTIANAE
2265 469 2566 526 TflEomAE,
2612 469 2788 516 LIBER
2829 470 2890 514 Π.
2937 487 3018 498 -·
3058 469 3196 515 Aur.
3241 467 3406 514 xcvn

874 642 1127 724 perabit
1178 661 1192 705 :
1240 645 1543 726 quoniam
1604 644 1669 706 in
1728 642 2103 725 corporibus
2163 661 2371 705 resur·
2401 643 2452 705 A
2482 642 2564 705 sit
2631 641 2988 705 coelestium
3055 657 3396 722 corporum
3463 638 3750 716 claritas3
3801 635 3947 699 hinc

875 741 1167 821 gentium
1227 750 1417 805 erunt
1481 742 1733 805 claritas
1793 741 2064 823 plenior,
2124 739 2373 822 agilitas

875 839 1179 913 velocior,
1216 840 1695 922 impassibilitas
1724 838 2131 912 eminentior,
2172 839 2374 920 digni-

876 943 1101 1019 tasque
1149 945 1388 1002 naturae
1438 939 1803 1020 perfectior,
1855 956 2047 1020 quam
2107 937 2174 999 in
2231 936 2377 998 sub-

877 1035 1124 1096 stantiis
1168 1036 1475 1099 coelorum
1522 1054 1534 1098 :
1578 1035 1992 1118 quamobrem
2037 1035 2376 1117 Apostolus

588 1146 638 1254 ὲ
656 1146 849 1253 {gram
878 1150 1142 1214 corpora
1179 1134 1649 1214 resurgentium
1692 1134 1855 1196 dixit
1893 1133 2176 1196 coelestia
2216 1132 2370 1195 fore.

956 1231 1283 1304 Praeterea,
1330 1251 1407 1294 ex
1453 1233 1553 1294 his
1604 1233 1790 1295 facile
1839 1240 1935 1294 est
1978 1231 2373 1314 conspicere,

874 1329 1090 1411 qualia
1148 1331 1569 1412 reproborum
1630 1348 1895 1412 corpora
1954 1330 2169 1392 futura
2225 1330 2370 1392 sint.

874 1427 1166 1490 Conditio
1222 1446 1501 1511 namque
1550 1428 1876 1510 qualitatis
1934 1428 2246 1510 ipsorum,
2298 1446 2374 1490 ex

870 1527 1167 1607 opposito
1208 1528 1520 1590 sumenda
1559 1535 1657 1590 est
1696 1517 1990 1608 respectu
2032 1544 2371 1608 corporum

869 1623 1228 1686 Beatorum.
1264 1625 1439 1688 Unde
1478 1644 1679 1707 quum
1721 1626 1785 1687 in
1828 1624 2117 1708 reprobis
2157 1625 2242 1687 sit
2271 1641 2376 1685 vo-

871 1720 1081 1784 luntas
1126 1741 1165 1784 a
1196 1723 1323 1785 Deo
1366 1723 1623 1804 penitus
1664 1742 1907 1798 aversa,
1940 1731 2005 1786 et
2048 1723 2226 1786 omni
2269 1722 2375 1783 de-

2482 757 2878 821 consequens
2909 739 3005 812 fit,
3039 756 3304 820 corpora
3327 735 3733 820 glorificanda
3765 754 3952 816 super

2480 856 2704 900 omnes
2730 839 2922 901 coelos
2955 837 3224 900 mobiles
3253 836 3638 908 collocanda,
3661 841 3951 916 quatenus

2484 937 2686 999 locata
2727 937 3288 1018 proportionentur
3315 935 3478 1010 loco,
3512 941 3577 996 et
3610 949 3952 996 econverso.

2565 1035 2627 1096 Si
2675 1042 2887 1096 autem
2933 1033 3203 1115 objicias
3229 1052 3242 1095 :
3268 1033 3596 1108 Quomodo
3637 1049 3744 1114 per
3781 1029 3960 1093 coelo-

2486 1152 2628 1195 rum
2661 1151 2947 1215 corpora,
2982 1153 3124 1216 quae
3156 1132 3361 1214 frangi
3401 1138 3742 1213 nequeunt,
3771 1137 3961 1190 trans·

2488 1231 2652 1294 itura
2711 1235 2904 1294 sunt?
2953 1267 3032 1276 —
3086 1233 3350 1306 RursuS,
3411 1230 3820 1310 incongruum
3879 1227 3965 1288 vi-

2487 1330 2693 1402 detur,
2727 1338 2796 1392 ut
2836 1348 3068 1412 corpus
3112 1337 3462 1402 terrenum,
3495 1327 3602 1390 cui
3632 1325 3965 1389 secundum

2487 1435 2776 1490 naturam
2826 1427 3094 1490 infimus
3137 1428 3315 1490 locus
3359 1426 3648 1499 debetur,
3685 1442 3799 1486 non
3838 1423 3964 1502 jam

2487 1527 2814 1589 dumtaxat
2857 1546 3051 1608 supra
3095 1544 3362 1607 corpora
3407 1524 3594 1600 levia,
3635 1523 3741 1586 sed
3779 1523 3966 1584 ctiam

2485 1625 2768 1689 coelestia
2815 1624 3201 1704 collocetur3
3252 1625 3534 1688 hominis
3581 1631 3784 1686 autem
3843 1637 3968 1684 cor-

2489 1742 2607 1804 pus
2638 1731 2964 1786 terrenum
2994 1731 3110 1798 est,
3144 1732 3207 1786 et
3245 1731 3388 1806 post
3423 1721 3964 1792 resurrectionem,

871 1821 1149 1884 siderato
1187 1821 1511 1896 destituta,
1547 1823 1833 1903 ipsorum
1874 1822 2067 1884 etiam
2110 1838 2377 1902 corpora
2403 1819 2450 1880 B
2487 1823 2840 1884 secundum
2913 1823 3325 1904 praeinducta,
3384 1821 3676 1901 ejusdem
3740 1825 3969 1883 natnrae

868 1919 1247 2000 gravissima
1293 1928 1501 1995 erunt,
1552 1922 1906 2002 ponderosa
1952 1927 2016 1983 et
2075 1921 2376 2002 importa-

869 2016 1028 2079 bilia
1086 2037 1270 2100 pene,
1321 2026 1513 2101 atque
1569 2019 1731 2081 nulli
1784 2019 2013 2082 animae
2060 2017 2376 2100 appetitui

870 2114 1253 2179 obedientia.
1290 2117 1489 2178 Erunt
1518 2117 1793 2198 denique
1824 2116 2097 2180 obscura
2135 2123 2199 2178 et
2238 2135 2378 2198 pas-

872 2212 1108 2287 sibilia,
1171 2232 1296 2276 non
1356 2223 1571 2277 tamen
1644 2214 1935 2276 mortalia
1995 2232 2007 2274 :
2071 2214 2374 2296 quoniam

870 2312 1106 2382 anima,
1140 2312 1307 2374 sicut
1336 2313 1876 2394 praeexplanatum
1910 2320 2027 2386 est,
2064 2313 2375 2394 indisper-

869 2410 1155 2491 gibiliter
1203 2411 1453 2492 corpori
1506 2411 1968 2492 conjungetur;
2016 2429 2224 2493 neque
2265 2429 2375 2492 po-

869 2509 1019 2570 terit
1061 2527 1293 2590 corpus
1336 2529 1371 2570 a
1411 2508 1618 2571 forma
1650 2510 1711 2571 in
1743 2509 2017 2572 formam
2064 2517 2378 2572 transmu-

869 2605 1005 2668 tari.
1030 2607 1728 2689 Verumtamen,quoad
1756 2627 1829 2670 ea
1854 2627 1993 2689 quae
2025 2609 2100 2670 ad
2133 2616 2375 2670 naturae

870 2703 1415 2785 complementum
1476 2705 1843 2786 specieique
1914 2705 2373 2786 perfectionem

870 2803 1215 2884 pertinent,
1233 2804 1581 2884 reparanda
1612 2811 1761 2864 sunt
1790 2803 2207 2885 reproborum
2241 2821 2377 2866 cor-

872 2918 1044 2981 pora.
1098 2899 1332 2962 Natura
1380 2900 1554 2962 enim
1605 2902 1955 2982 reparanda
2016 2909 2111 2964 est
2167 2902 2372 2983 quoad

2487 1919 2844 1982 remanebit
2887 1936 2900 1982 :
2947 1938 3072 1982 non
3118 1920 3334 2002 itaque
3375 1919 3632 1982 videtur
3671 1933 3972 1999 supercoe-

2486 2016 2662 2079 lestis
2707 2017 2954 2080 mansio
2999 2018 3120 2100 ipsi
3165 2025 3532 2100 competere
3577 2034 3776 2097 posse.

2566 2117 2686 2178 Sed
2747 2117 3287 2198 respondendum,
3347 2115 3520 2198 quod
3579 2114 3790 2176 divina
3853 2113 3972 2173 vir-

2484 2220 2620 2276 tute
2665 2231 2930 2296 corpora
2969 2214 3326 2295 glorificata
3370 2213 3492 2275 hoc
3535 2230 3787 2295 quoque
3833 2229 3970 2274 con-

2484 2319 2853 2394 sequentur,
2917 2320 2987 2374 ut
3057 2312 3251 2374 simul
3311 2330 3459 2374 cum
3527 2311 3657 2372 alio
3721 2327 3970 2390 corpore

2483 2427 2623 2471 esse
2666 2418 2922 2491 queant,
2966 2417 3029 2472 et
3071 2411 3286 2473 omnia
3330 2416 3666 2491 penetrare
3709 2406 3962 2470 valeant.

2483 2506 2874 2570 Reformabit
2919 2509 3090 2570 enim
3148 2509 3390 2591 (inquit
3432 2507 3798 2590 Apostolus)
3841 2523 3966 2567 cor·
3991 2524 4190 2576 pansam.

2486 2625 2605 2687 pus
2638 2606 3016 2669 humilitatis
3047 2615 3300 2681 nostrae,
3333 2607 3801 2688 configuratum
3842 2624 3966 2668 cor·
3991 2591 4046 2629 ²¹·

2486 2704 2624 2785 pori
2686 2705 2990 2769 claritatis
3054 2725 3202 2768 suae.
3258 2705 3498 2788 Corpus
3546 2722 3702 2766 vero
3749 2703 3966 2768 Christi

2484 2803 2716 2864 clausis
2743 2803 2956 2883 januis
2986 2805 3063 2866 ad
3095 2805 3446 2886 discipulos
3477 2803 3830 2884 ingressum
3859 2811 3963 2864 est.
4001 2819 4188 2863 lmus.

2483 2937 2562 2946 —
2593 2901 2765 2974 Quod
2806 2901 3084 2985 denique
3125 2903 3406 2965 secundo
3449 2901 3777 2982 objicitur,
3809 2919 3968 2962 nunc
3995 2885 4114 2930 '⁹³²⁵'

872 2997 1244 3078 specificam
1305 2998 1766 3060 exsistentiam.
1820 2999 1995 3061 Unde
2055 3018 2256 3081 quum
2309 3000 2372 3062 in
2406 3004 2448 3067 C
2485 2998 2764 3063 solutum
2814 3007 2911 3062 est
2960 3019 3076 3082 per
3132 3020 3207 3062 ea
3261 3020 3403 3082 quae
3456 3001 3534 3062 de
3591 2999 3869 3081 agilitate
3913 3005 3969 3059 et

872 3094 1161 3176 reprobis
1192 3103 1416 3158 natura
1447 3097 1583 3178 ipsa
1615 3096 1779 3159 bona
1810 3097 2372 3180 remaneat(quum

873 3213 909 3255 a
948 3213 1201 3256 summo
1252 3195 1419 3258 bono
1462 3204 1671 3257 creata
1719 3196 1848 3276 sit),
1884 3196 2178 3259 voluntas
2226 3214 2377 3259 vero

873 3292 1252 3365 inordinata,
1304 3309 1570 3374 corpora
1621 3293 1934 3356 malorum
1988 3293 2231 3374 integre
2281 3314 2375 3357 re-

875 3391 1153 3472 paranda
1194 3397 1343 3452 sunt
1380 3393 1587 3472 quoad
1629 3411 1703 3454 ea
1742 3412 1884 3474 quae
1924 3400 2164 3454 naturae
2203 3400 2372 3455 sunt.

874 3489 1226 3570 Resurgent
1285 3489 1480 3570 igitur
1539 3508 1685 3551 cum
1748 3489 2184 3552 membrorum
2242 3509 2379 3572 per-

876 3585 1152 3649 fectione
1184 3594 1247 3648 et
1277 3586 1557 3668 perfecta
1587 3594 1786 3651 aetate.
1823 3589 1984 3650 Hinc
2015 3589 2188 3651 enim
2220 3590 2382 3670 Apo-

878 3685 1077 3748 stolus
1126 3686 1216 3747 ait
1266 3702 1279 3747 ε
1336 3686 1561 3747 Mortui
1612 3695 1946 3768 resurgent
1993 3688 2372 3770 incorrupti.

880 3784 999 3846 Sed
1032 3783 1288 3866 reprobi
1322 3803 1444 3846 non
1478 3784 2380 3849 immutabuntur.lmmutatio

880 3901 1158 3964 namque
1209 3882 1273 3943 in
1322 3882 1590 3964 gloriam
1642 3891 1839 3946 sonat.
1895 3884 2072 3947 Unde
2121 3885 2381 3966 Aposto-

882 3980 981 4043 lus
1017 3999 1030 4042 :
1066 3981 1297 4044 Omnes
1335 3981 1603 4062 (inquit)
1633 4001 2062 4064 resurgemuS,
2097 3984 2206 4046 sed
2255 4001 2379 4045 non

882 4097 1103 4141 omnes
1154 4079 1659 4142 immutabimur.
1710 4081 1852 4144 Haec
1898 4100 2156 4164 quoque
2206 4090 2383 4144 natu-

2485 3095 2675 3178 plena
2705 3097 3103 3178 subjectione
3133 3117 3474 3180 corporum
3505 3099 3570 3160 in
3593 3097 3800 3160 Beatis
3829 3116 3970 3179 pau-

2488 3194 2548 3257 lo
2589 3203 2735 3258 ante
2777 3197 3198 3259 determinata
3242 3204 3410 3258 sunt.

2568 3294 2629 3356 Si
2664 3295 2857 3375 igitur
2893 3295 2975 3357 ob
3017 3295 3180 3357 hanc
3221 3295 3572 3358 claritatem
3615 3302 3677 3358 et
3716 3294 3966 3376 gloriam

2487 3409 2826 3474 corporum
2906 3393 3432 3473 glorificatorum,
3513 3393 3972 3476 supercoelestis

2487 3489 2730 3552 eisdem
2773 3491 2947 3553 locus
2989 3493 3345 3565 conveniat,
3378 3499 3533 3553 tunc
3573 3491 3784 3573 palam
3815 3489 3968 3572 quod

2489 3587 2906 3671 reproborum
2967 3607 3232 3671 corpora
3280 3590 3347 3651 in
3398 3590 3657 3671 poenali,
3711 3599 3968 3660 terrene,

2487 3686 2826 3749 tenebroso
2895 3705 2966 3748 ac
3037 3687 3265 3751 infimo
3337 3687 3476 3751 loco
3543 3687 3972 3751 constituenda

2489 3785 2635 3847 sint.
2686 3786 3014 3848 psalmista
3063 3805 3295 3868 nempe
3344 3787 3434 3848 ait
3477 3805 3492 3849 τ
3544 3788 3768 3850 Veniat
3817 3805 3972 3850 mors
3995 3807 4188 3852 raum-

2491 3903 2686 3965 super
2743 3884 2908 3956 illos,
2971 3891 3033 3947 et
3089 3884 3478 3948 descendant
3535 3885 3598 3947 in
3659 3885 3969 3948 infernum

2489 3982 2797 4045 viventes.
2861 3983 2936 4044 Et
2997 3983 3268 4046 Ioannes
3335 3991 3748 4057 contestatur,
3816 3983 3970 4066 quod

2491 4080 2804 4154 diabolus,
2862 4081 2970 4163 qui
3025 4080 3371 4143 seducebat
3419 4100 3551 4154 θοε,
3599 4083 3837 4146 missus
3889 4091 3974 4146 est
4015 4105 4118 4158 Apoe.
4141 4111 4188 4139 11-

882 4178 1031 4239 ralis
1064 4178 1375 4259 perfectio
1414 4178 1479 4241 in
1520 4179 1895 4262 corporibus
1938 4179 2379 4261 reproborum,
2415 4182 2464 4244 D
2494 4179 2558 4240 in
2603 4187 2898 4259 stagnum
2943 4179 3108 4260 ignis
3149 4187 3213 4242 et
3254 4180 3518 4243 sulfuris
3552 4198 3567 4242 :
3601 4181 3714 4244 ubi
3761 4183 3975 4244 umbra
3995 4170 4162 4270 ζώω,

882 4293 1011 4338 non
1079 4275 1302 4357 utique
1361 4275 1426 4338 in
1484 4277 1753 4358 gloriam
1812 4279 1922 4340 sed
1989 4287 2378 4341 tormentum

883 4373 977 4436 eis
1037 4375 1367 4455 proveniet
1431 4392 1444 4437 :
1507 4375 1742 4457 quibus
1800 4376 2108 4438 nimirum
2168 4377 2384 4440 omnia

885 4471 1397 4554 cooperabuntur
1440 4473 1503 4535 in
1546 4473 1804 4535 malum.
1840 4473 1995 4537 Nam
2037 4482 2102 4536 et
2139 4473 2380 4537 bonum

884 4579 1052 4634 esset
1089 4571 1203 4645 eiS,
1238 4571 1292 4634 si
1336 4572 1464 4634 nati
1504 4589 1631 4634 non
1671 4580 1883 4634 essent
1922 4571 2215 4635 homines
2259 4573 2376 4635 illi.

1230 4787 1719 4853 ARTICULUS
1765 4788 2034 4852 XCVII.

930 4916 1025 4974 De
1073 4916 1227 4981 loc-0,
1272 4931 1433 4970 semu
1481 4919 1542 4968 et
1589 4919 1779 4970 (etate
1830 4913 2334 4986 resuryentium.

1017 5060 1381 5134 NlMVERO,
1442 5079 1641 5142 quum
1700 5068 2027 5124 ostensum
2085 5061 2216 5143 jam
2275 5063 2377 5137 sit,

1044 5161 1377 5223 Beatorum
1439 5175 1705 5241 corpora
1769 5167 1914 5241 post
1972 5161 2379 5224 resurrectio-

885 5279 1030 5322 nem
1064 5257 1441 5340 ampliorem
1472 5257 1821 5322 claritatem
1852 5257 2378 5342 sortitura,quam

2495 4277 2738 4351 mortiS,
2790 4284 2855 4339 et
2903 4276 3119 4339 nullus
3169 4277 3346 4352 ordo,
3398 4278 3509 4341 sed
3558 4281 3974 4362 sempiternus

2492 4373 2715 4438 horror
2759 4374 3087 4438 inhabitat.

2571 4473 2782 4548 Por-rc,
2835 4492 3034 4555 quum
3082 4473 3160 4536 ad
3221 4473 3516 4538 humanae
3565 4485 3810 4542 naturae
3857 4497 3978 4560 per—

2495 4573 2836 4637 fectionem
2896 4579 3164 4653 uterque
3224 4591 3414 4635 sexus
3473 4575 3816 4656 pertine-at,
3861 4584 3978 4638 tan-

2492 4689 2685 4754 quam
2731 4669 2811 4732 ab
2863 4668 3209 4732 universali
3271 4678 3499 4733 natura
3547 4674 3976 4754 praeintentus,

2493 4767 2915 4832 remanebunt
2972 4767 3038 4829 in
3087 4768 3568 4848 resurgentibus
3615 4789 3813 4835 sexus
3865 4780 3978 4834 tam

2491 4867 2688 4929 maris
2718 4884 2911 4949 quam
2951 4865 3226 4928 feminae.
3260 4866 3577 4948 AmpliuS,
3610 4888 3818 4949 quum
3859 4887 3980 4932 cor-

2491 4983 2667 5047 pora,
2710 4963 2993 5046 perfecta
3031 4981 3103 5025 ac
3144 4963 3390 5044 integra
3432 4965 3806 5029 suscitanda
3845 4968 3976 5038 sint,

2490 5062 2810 5145 oportebit
2856 5061 3144 5124 membra
3183 5062 3579 5142 generationi
3628 5064 3978 5128 deservien-

2489 5163 2578 5224 tia
2625 5162 2717 5224 sic
2775 5159 3012 5223 resumi
3064 5160 3603 5240 quemadmodum
3661 5171 3728 5226 et
3787 5173 3978 5227 cetera

2491 5259 2777 5323 membra
2821 5257 3201 5322 resumenda
3241 5266 3407 5320 sunt.
