4300 6259
847 511 930 558 DB
967 511 1195 559 mum
1235 511 1616 560 misnarm
1657 512 1958 570 THBORIAE,
2003 513 2179 559 Lmen
2222 513 2260 558 1.
2308 531 2389 542 -
2428 513 2567 560 ΛΒΤ.
2613 513 2859 559 Lxxxvn

3286 495 3409 558 339

305 697 413 761 per
460 677 606 742 illas
650 680 1078 761 producibilis
1128 689 1296 744 sunt.
1343 683 1795 746 Verumtamen
1827 681 1879 744 A
1909 701 2050 764 quae
2099 681 2430 745 continent
2471 682 2705 746 formas
2746 681 2958 744 minus
2996 680 3404 744 universales.

304 795 422 839 non
467 785 722 858 oportet
763 779 932 861 quod
973 781 1190 843 omnia
1239 780 1435 843 simul
1479 799 1610 844 uno
1651 790 1794 843 actu

1987 779 2331 843 Enimvero
2390 781 2469 842 de
2528 780 2998 842 illuminatione
3066 780 3256 843 unius
3314 779 3407 840 in-

305 875 635 956 intelligat,
695 877 847 959 quia
907 895 1035 940 non
1105 879 1321 940 omnia
1387 898 1516 942 una
1582 879 1798 960 specie
1905 877 2275 959 telligentiae
2312 879 2392 940 ab
2431 878 2557 941 alia
2592 878 2715 942 hoc
2754 897 2971 941 verum
3007 895 3020 939 :
3058 877 3209 960 quia
3240 877 3409 959 quod

301 973 584 1054 agnoscit
623 974 790 1038 :hoc
833 993 1066 1058 nempe
1107 976 1342 1040 divinae
1373 977 1570 1040 menti
1616 976 1800 1039 dum-

303 1079 464 1134 taxat
515 1073 830 1154 congruit,
877 1093 1020 1156 quae
1061 1074 1320 1156 penitus
1364 1075 1638 1156 simplex
1678 1083 1793 1137 est.

301 1169 608 1243 Quoniam
637 1171 812 1234 enim
841 1173 1192 1235 secundum
1215 1172 1798 1256 Philosophum,in-

301 1267 588 1331 tellectus
618 1269 682 1330 in
711 1278 852 1332 actu
885 1277 949 1333 et
979 1269 1374 1333 intellectum
1406 1277 1554 1332 sunt
1579 1288 1796 1343 unum,

302 1365 466 1428 idem
513 1375 730 1430 autem
783 1386 911 1430 non
959 1375 1056 1430 est
1105 1368 1297 1432 simul
1351 1369 1572 1442 multa,
1615 1368 1795 1432 intel·

304 1462 498 1527 lectus
529 1482 658 1528 non
700 1466 1002 1547 iutelligit
1039 1474 1186 1529 actu
1225 1466 1348 1529 nisi
1390 1485 1464 1530 ea
1503 1486 1644 1549 quae
1685 1485 1798 1550 per

303 1562 580 1645 speciem
627 1583 817 1627 unam
861 1572 1416 1648 repraesentantur.

375 1661 704 1734 Praeterea‚
748 1663 1097 1728 intellectio
1141 1672 1238 1726 est
1273 1664 1564 1746 quaedam
1609 1663 1796 1738 actio,

303 1767 362 1822 et
389 1761 534 1824 ideo
573 1762 954 1824 terminatur
991 1763 1070 1824 ad
1113 1763 1355 1845 aliquid
1401 1781 1622 1825 unum.
1658 1762 1800 1825 Om-

1911 975 1974 1037 in
2023 977 2463 1059 corporalibus
2504 977 2660 1038 facit
2704 977 2887 1050 situS,
2935 977 3066 1058 agit
3109 976 3171 1038 in
3223 975 3411 1057 spiri·-

1909 1074 2190 1136 tualibus
2238 1076 2413 1137 ordo.
2470 1075 2641 1138 Unde
2691 1075 2858 1137 sicut
2907 1075 2970 1136 in
3032 1073 3409 1156 corporibus

1909 1172 2077 1254 quod
2123 1171 2507 1235 luminosius
2552 1179 2669 1246 est,
2720 1172 2929 1234 radios
2977 1170 3289 1234 diffundit
3330 1170 3408 1234 ad

1910 1268 2227 1332 situaliter
2283 1271 2343 1332 ei
2392 1270 2683 1350 objecta;
2736 1270 2828 1332 sic
2885 1268 3177 1352 superior
3227 1268 3411 1332 intel-

1909 1367 2112 1430 lectus
2145 1367 2461 1430 confortat
2488 1375 2553 1430 et
2581 1376 2771 1450 auget
2803 1368 3020 1431 lumen
3062 1366 3405 1430 inferioris

1911 1465 2229 1549 Amplius,
2290 1466 2558 1529 inferior
2626 1466 3050 1547 intelligentia
3118 1473 3413 1529 movetur

1909 1565 1985 1628 ad
2034 1564 2308 1628 formam
2361 1565 2734 1647 superioriS,
2786 1565 2955 1628 sicut
3001 1571 3063 1629 et
3110 1583 3413 1647 suprema

1909 1664 1988 1726 ad
2037 1662 2312 1726 formam
2373 1663 2597 1745 primae
2644 1683 2871 1727 causae.
2924 1663 3071 1727 Ideo
3131 1665 3195 1727 in
3248 1663 3411 1726 libro

1911 1762 2255 1826 Causarum
2286 1761 2544 1836 dicitur,
2580 1763 2747 1844 quod
2781 1761 3221 1843 intelligentiae
3261 1761 3414 1826 infe·

306 1859 404 1921 nia
429 1858 608 1923 enim
637 1879 781 1942 quae
822 1880 948 1922 una
981 1860 1197 1943 specie
1237 1867 1794 1943 repraesentantur‚
1835 1863 1882 1926 B
1913 1861 2112 1923 riores
2156 1860 2508 1943 projiciunt
2542 1862 2720 1924 visus
2760 1877 2909 1923 suos
2948 1860 3412 1923 intellectuales

305 1957 364 2018 in
394 1957 612 2040 specie
643 1957 752 2020 illa
783 1977 982 2020 unum
1013 1965 1164 2020 sunt
1193 1966 1258 2020 et
1287 1957 1516 2020 unitim
1551 1957 1800 2040 conspi-

303 2056 577 2118 ciuntur.
615 2057 921 2139 Denique,
955 2057 1032 2118 ad
1073 2056 1468 2119 intellectum
1510 2063 1794 2120 nostrum

307 2154 520 2218 formae
573 2154 1013 2236 intelligibiles
1065 2155 1334 2218 veniunt
1386 2174 1424 2217 a
1471 2154 1686 2226 rebus,
1738 2161 1800 2216 et

304 2261 645 2316 causantur
685 2253 768 2316 ab
809 2253 936 2316 illis
971 2271 985 2316 :
1021 2261 1085 2316 et
1124 2253 1207 2316 ob
1240 2254 1326 2328 id,
1360 2261 1457 2316 est
1485 2239 1662 2336 pene'
1690 2270 1800 2334 op-

306 2353 502 2434 posita
532 2352 816 2415 conditio
845 2352 1194 2415 formarum
1225 2372 1367 2435 quae
1398 2352 1462 2414 in
1494 2351 1801 2435 separatis

307 2450 628 2514 mentibus
685 2458 749 2513 et
805 2450 872 2512 in
922 2457 1136 2512 mente
1191 2458 1406 2514 nostra
1453 2457 1619 2512 sunt.
1673 2449 1802 2512 111ae

307 2569 538 2632 nempe
607 2555 854 2612 mentes
921 2567 1037 2632 per
1102 2548 1496 2612 universales
1561 2549 1802 2612 formas

306 2649 652 2729 singularia
680 2655 745 2710 et
775 2655 1006 2711 cuncta
1032 2654 1407 2728 agnoscunt,
1429 2665 1554 2710 non
1586 2654 1800 2710 autem

311 2767 486 2810 meus
555 2753 790 2810 nostra.
854 2747 1065 2820 Porro,
1125 2745 1374 2829 primus
1441 2745 1804 2809 intellectus

311 2864 434 2908 una
470 2846 704 2920 forma,
745 2863 888 2927 quae
937 2852 1034 2906 est
1082 2845 1286 2927 ipsius
1335 2845 1633 2917 essentia,
1677 2843 1806 2904 uni·

309 2963 488 3008 versa
547 2942 1042 3026 contemplatur.
1093 2941 1186 3006 Ob
1245 2941 1386 3016 hoc,
1437 2959 1566 3024 quo
1624 2941 1806 3005 intel·

1911 1966 1976 2021 et
2028 1957 2545 2039 intelligentiales
2602 1959 2819 2022 vultus
2876 1959 2954 2021 ad
3014 1958 3259 2021 lumina
3315 1979 3413 2020 su·

1912 2057 2237 2138 periorum
2264 2073 2278 2118 :
2307 2055 2611 2118 iuferiora
2641 2056 2815 2119 enim
2848 2064 3307 2120 convertuntur
3334 2057 3411 2119 ad

1911 2155 2261 2239 superiora.
2325 2155 2429 2218 Sic
2475 2155 2671 2237 igitur
2714 2175 2839 2218 una
2882 2156 3156 2219 illustrat
3198 2155 3411 2218 aliam.

1915 2255 2155 2329 Denuo,
2191 2255 2256 2316 in
2299 2255 2523 2317 ordine
2569 2255 2747 2317 omni
2794 2262 2891 2316 est
2934 2255 3195 2336 quidam
3241 2272 3415 2317 coor-

1913 2353 2277 2416 dinatorum
2338 2360 2689 2427 contactuS‚
2750 2354 3105 2416 secundum
3169 2355 3336 2416 Isaac
3400 2370 3415 2416 ε

1915 2469 2171 2534 semper
2212 2452 2387 2514 enim
2432 2453 2789 2514 secundum
2836 2451 3129 2514 subsistit
3171 2451 3235 2514 in
3280 2471 3419 2514 um·

1914 2548 2030 2612 bra
2075 2550 2291 2632 primi.
2334 2551 2404 2612 In
2448 2550 2755 2632 separatis
2802 2558 3015 2612 autem
3068 2549 3419 2631 spiritualis

1915 2656 2011 2710 est
2049 2656 2378 2711 contactus
2418 2648 2559 2721 iste,
2594 2667 2709 2730 per
2749 2648 2870 2711 hoc
2908 2649 3079 2729 quod
3126 2648 3421 2729 superior

1915 2746 2338 2828 intelligentia
2367 2745 2739 2809 inferiorem
2776 2746 3102 2809 concludit
3131 2754 3195 2808 et
3223 2746 3421 2809 virtu-

1917 2853 1978 2908 te
2008 2845 2331 2923 continet;
2365 2844 2630 2908 inferior
2660 2862 2811 2907 vero
2840 2844 3239 2926 superiorem
3272 2863 3419 2908 con-

1915 2943 2107 3025 tingit
2149 2944 2330 3025 quasi
2376 2962 2517 3006 eam
2564 2943 2850 3025 cupiens.
2895 2943 3011 3005 Per
3053 2943 3226 3006 hunc
3270 2961 3423 3024 ergo

311 3044 510 3106 lectus
569 3049 819 3106 creatus
878 3041 1074 3104 fuerit
1129 3041 1188 3102 ei
1240 3041 1679 3124 propinquior,
1731 3058 1808 3104 eo
1841 3045 1888 3110 C
1920 3043 2183 3105 modum
2232 3061 2357 3104 una
2404 3041 2765 3123 applicatur
2822 3048 2887 3102 et
2934 3041 3156 3103 unitur
3211 3040 3416 3104 alteri.

310 3142 526 3206 formae
587 3141 804 3204 minus
853 3139 1368 3221 multiplicantur
1425 3139 1490 3201 in
1549 3156 1646 3213 eo,
1697 3139 1807 3202 sed

309 3248 570 3303 manent
617 3238 1134 3312 universalioreS,
1188 3237 1339 3319 quia
1384 3237 1636 3320 simplae
1683 3256 1810 3300 ma-

309 3347 552 3412 nentes,
611 3339 674 3400 in
735 3337 1022 3420 plurium
1081 3336 1410 3400 notionem
1471 3335 1804 3400 inducunt.

309 3438 464 3500 Hinc
503 3436 746 3500 etenim
787 3435 1046 3509 dicitur,
1079 3434 1252 3517 quod
1293 3453 1421 3496 una
1461 3434 1676 3516 specie
1717 3435 1810 3496 in·-

309 3535 540 3617 telligit
577 3533 1002 3614 intelligentia
1037 3550 1262 3614 geum,
1297 3532 1578 3613 speciem
1617 3541 1682 3596 et
1719 3532 1811 3596 in·

310 3634 616 3712 dividua3
667 3639 734 3694 et
785 3631 1150 3694 intellectus
1213 3630 1356 3711 ejus
1415 3630 1810 3694 discursivus

311 3750 434 3794 non
485 3739 609 3804 est,
659 3731 768 3792 sed
819 3729 888 3792 in
934 3747 1126 3791 causa
1171 3728 1347 3793 videt
1390 3727 1696 3790 effectum
1746 3735 1809 3790 et

309 3829 667 3894 econtrario
703 3846 716 3891 :
749 3845 878 3890 non
920 3836 1136 3889 tamen
1179 3832 1430 3908 oportet
1470 3826 1639 3908 quod
1685 3845 1812 3888 una

309 3929 524 4012 specie
567 3935 871 4008 agnoscat
911 3932 1202 4009 separata
1241 3931 1304 3986 et
1347 3924 1706 4005 conjuncta.

383 4028 534 4091 Haec
583 4025 886 4108 equidem
933 4043 1011 4086 ex
1061 4022 1440 4086 testimoniis
1488 4023 1688 4085 Procli
1748 4029 1812 4086 et

309 4126 592 4190 auctoris
649 4121 798 4185 libri
841 4123 1187 4186 Causarum
1231 4121 1622 4184 elucescunt.
1670 4121 1812 4186 Pro-

1918 3141 2363 3202 Verumtamen
2392 3138 2659 3202 diffusio
2686 3147 2747 3201 et
2778 3139 3273 3202 communicatio
3304 3139 3423 3201 ista

1919 3237 2371 3300 intellectualis
2401 3237 2667 3300 luminis
2706 3237 2899 3299 unius
2931 3237 3294 3300 intellectus
3329 3255 3423 3300 se-

1919 3336 2120 3417 parati
2151 3353 2345 3418 super
2372 3335 2595 3410 alium,
2614 3334 2970 3397 naturalem
3003 3335 3289 3417 ipsorum
3321 3352 3420 3397 or-

1917 3433 2134 3496 dinem
2168 3433 2458 3515 sequitur
2491 3449 2505 3494 :
2538 3438 2604 3494 et
2634 3431 2777 3494 ideo
2808 3431 3151 3494 uniformis
3181 3439 3246 3494 et
3282 3451 3423 3515 per-

1919 3538 2113 3613 petua
2154 3539 2271 3606 est,
2305 3530 2661 3594 secundum
2705 3529 3141 3613 philosophos.

2198 3791 2689 3857 ARTICULUS
2735 3790 3139 3856 LXXXVII.

1921 3936 2017 3995 De
2057 3933 2500 3993 similitudine
2539 3931 2995 4007 incellz'yenciae
3032 3933 3121 3990 ad
3160 3951 3424 3992 causam

2516 4038 2829 4096 prumam.

312 4225 448 4288 clus
479 4224 660 4287 enim
682 4222 1072 4284 theoremate
1103 4219 1454 4283 centesimo
1483 4229 1814 4302 septuage-
1842 4217 1893 4280 D
2055 4215 2220 4282 MNE
2267 4215 2534 4300 proinde
2583 4216 2964 4300 producenS,
3016 4217 3253 4281 similia
3300 4217 3427 4282 sibi

311 4323 476 4387 simo
505 4321 785 4403 septimo
827 4319 921 4382 sic
963 4319 1049 4381 ait
1097 4336 1112 4381 ε
1159 4316 1381 4381 Omnis
1426 4317 1810 4395 intellectus,

312 4421 654 4506 plenitudo
709 4436 824 4482 ens
889 4417 1277 4500 specierum,
1336 4415 1444 4479 hic
1511 4417 1810 4499 equidem

309 4522 682 4605 specierum
711 4516 1269 4590 universaliorum,
1294 4515 1398 4578 hic
1427 4523 1642 4578 autem
1674 4535 1814 4600 par-

311 4620 761 4682 ticulariorum
799 4624 897 4680 est
933 4615 1355 4679 contentivuS.
1391 4613 1465 4678 Et
1503 4615 1814 4678 rationem

311 4719 495 4801 ponit
527 4717 598 4779 in
631 4722 994 4780 commento
1024 4731 1039 4776 ε
1073 4715 1141 4776 ln
1173 4713 1614 4797 superioribus
1643 4733 1818 4776 nam-

308 4836 434 4898 que
486 4823 590 4878 est
637 4813 842 4877 virtus
887 4812 1135 4887 fortior,
1174 4812 1447 4876 vivalior
1495 4820 1558 4874 et
1602 4811 1817 4875 incon-

307 4914 579 4977 tractior
621 4930 636 4975 :
679 4912 822 4975 ideo
865 4929 981 4993 per
1021 4909 1323 4994 pauciora
1362 4917 1577 4991 agunt.
1631 4910 1708 4972 Et
1749 4911 1816 4973 in

310 5012 482 5076 libro
505 5012 860 5075 Causarum
893 5011 986 5072 sic
1015 5009 1320 5072 scribitur
1344 5026 1358 5070 :
1382 5008 1602 5071 Omnis
1635 5009 1819 5072 intel-

311 5109 582 5192 ligentia
619 5116 720 5172 est
752 5107 940 5191 plena
973 5107 1222 5171 formis.
1255 5107 1707 5170 Verumtamen
1739 5127 1818 5170 ex

311 5207 766 5291 intelligentiis
825 5214 974 5269 sunt
1020 5225 1162 5288 quae
1211 5206 1540 5269 continent
1580 5206 1818 5270 formas

2087 4325 2234 4380 ante
2292 4314 2636 4378 dissimilia
2692 4315 3047 4390 constituit,
3109 4315 3163 4379 si
3233 4316 3425 4381 fuerit

1925 4416 2212 4501 plurium
2257 4421 2318 4477 et
2368 4414 2434 4476 in
2472 4413 2689 4498 specie
2727 4413 3169 4478 differentium
3212 4434 3421 4479 causa.

1925 4513 2147 4579 Omnis
2179 4531 2457 4595 namque
2485 4513 2682 4594 (sicut
2720 4513 2785 4574 in
2824 4513 3084 4576 exordio
3123 4513 3269 4576 libri
3310 4513 3427 4576 hu·

1923 4615 2029 4695 jus
2077 4613 2321 4676 dictum
2371 4611 2495 4694 est)
2543 4629 2878 4694 processus
2920 4613 3347 4675 secundorum
3390 4631 3429 4676 a

1927 4713 2160 4796 primo,
2178 4718 2240 4774 et
2265 4711 2599 4775 conversio
2628 4711 3001 4774 eorumdem
3032 4711 3097 4772 in
3130 4711 3424 4793 primum,

1927 4829 2043 4893 per
2099 4807 2591 4872 similitudinem
2649 4805 2937 4869 efficitur
2980 4815 3423 4891 utrorumque.

1926 4910 2253 4982 Praeterea,
2297 4905 2572 4969 effectus
2620 4912 2772 4968 sunt
2819 4905 2883 4966 in
2938 4905 3145 4968 causis
3191 4907 3429 4970 virtute

1926 5015 1991 5070 et
2038 5005 2409 5069 causalitate
2458 5021 2471 5065 :
2518 5002 2705 5065 aliter
2748 5021 3077 5085 nunquam
3127 5005 3427 5087 procede·

1929 5115 2072 5170 rent
2125 5105 2206 5167 ab
2265 5104 2412 5166 illis.
2466 5103 2915 5165 Verumtamen
2976 5110 3125 5164 sunt
3183 5103 3248 5166 in
3299 5104 3427 5167 illis

1929 5205 2283 5268 secundum
2317 5202 2573 5264 modum
2608 5218 2737 5265 non
2767 5201 3123 5282 proprium,
3142 5202 3251 5264 sed
3282 5221 3426 5265 cau·

315 5309 464 5394 plus
507 5305 946 5387 universales3
975 5314 1042 5369 et
1069 5323 1149 5368 ex
1188 5303 1628 5385 intelligentiis
1669 5311 1821 5366 sunt
1931 5322 2168 5367 sarum.
2220 5302 2491 5365 Necesse
2550 5307 2646 5362 est
2703 5317 2855 5380 ergo
2911 5299 3217 5362 effectum
3276 5301 3428 5366 assi·
