4300 6259
1097 501 1520 551 tuntinano
1557 503 1955 552 ‘mum-omna.
1985 464 2082 534 0-
2123 505 2205 552 ΒΕ
2246 505 2600 552 vaurmus

3278 487 3395 552 221

311 671 842 738 abundantissime
887 681 1078 757 atque
1126 674 1480 738 clarissime
1535 674 1789 739 robora·
1818 673 1871 738 A
1901 674 2278 738 stiformiter
2303 675 2485 756 juxta
2527 672 2685 756 legis
2726 693 2857 738 suae
2896 682 3181 738 tenorem
3225 674 3397 737 vixe-

309 773 410 834 vit.
441 771 574 835 Non
602 771 779 834 enim
807 773 1079 836 naturali
1109 772 1352 835 ratione
1381 773 1640 835 inventa
1669 781 1787 846 est,

311 889 418 932 nec
461 869 920 952 philosophicis
963 870 1446 952 probationibus
1488 889 1790 953 persuasa

311 967 686 1040 hominibuS,
734 968 846 1031 sed
893 968 1170 1052 desuper
1215 968 1512 1042 revelata,
1563 975 1630 1032 et
1676 987 1792 1050 per

311 1065 788 1128 innumerabilia
825 1066 1152 1140 miracula,
1187 1067 1378 1130 etiam
1423 1066 1540 1129 soli
1585 1066 1790 1130 omni-

313 1163 535 1245 potenti
567 1163 696 1226 Deo
727 1163 1080 1245 possibilia,
1116 1163 1512 1228 confirmata.
1548 1164 1624 1226 Et
1669 1164 1788 1226 hoc

313 1261 530 1342 ipsum,
562 1260 882 1344 loquendo
913 1263 977 1324 in
1016 1281 1271 1343 genere,
1305 1271 1400 1324 est
1445 1281 1650 1324 unum
1693 1280 1790 1324 ar-

309 1367 740 1440 gumentorum
791 1359 947 1422 fidei
994 1360 1356 1423 christianin
1399 1377 1474 1422 ac
1522 1377 1792 1439 evange-

309 1456 434 1520 licae
463 1457 616 1538 legis
643 1475 660 1536 ;
690 1465 882 1539 atque
912 1457 1230 1540 loquendo
1270 1457 1335 1520 in
1377 1457 1664 1540 speciali,
1697 1465 1790 1520 tot

309 1563 442 1616 sunt
485 1553 854 1636 hujusmodi
907 1553 1061 1619 fidei
1112 1562 1342 1618 nostrae
1388 1564 1786 1636 argumenta,

309 1659 450 1733 quot
491 1653 567 1715 ad
617 1653 762 1734 ejus
811 1653 1280 1717 roborationem
1339 1652 1788 1733 hujuscemodi

309 1750 598 1812 miracula
645 1756 794 1812 sunt
850 1758 1105 1814 ostensa
1151 1758 1216 1812 et
1261 1767 1412 1813 vere
1462 1758 1720 1832 peracta
1771 1767 1786 1812 ε

1901 779 2072 844 runt,
2111 771 2406 852 gentiles,
2442 771 2666 844 Judaei,
2709 771 3017 844 haeretici,
3058 769 3296 852 passim
3335 775 3401 832 et

1903 868 2159 951 copiose
2208 868 2746 932 convertebantur
2794 870 2873 932 ad
2924 868 3270 942 Christum,
3323 867 3403 930 si-

1901 967 2066 1046 gniS,
2118 966 2447 1049 prodigiis,
2503 965 2851 1040 miraeum,
2900 965 3275 1048 prophetiis,
3318 965 3405 1029 vi·

1901 1063 2142 1138 ctoriis,
2194 1063 2813 1146 charismatibusque
2862 1063 3159 1146 supernis
3204 1063 3407 1126 abuu-

1903 1162 2213 1225 daverunt
2258 1179 2273 1224 :
2317 1161 2404 1224 ita
2450 1162 2622 1244 quod
2666 1161 2847 1243 juxta
2898 1163 3405 1243 magnitudinem

1905 1259 2696 1342 incomprehensibilitatis
2738 1277 2961 1322 eorum
3010 1278 3153 1341 quoe
3201 1261 3403 1324 credi·

1903 1377 2068 1430 mm,
2103 1357 2529 1439 multiplicata
2556 1365 2707 1420 sunt
2732 1365 2865 1420 toto
2893 1357 3048 1420 orbe
3088 1365 3401 1421 terrarum

1903 1462 2201 1538 praetacta
2232 1454 2540 1518 miracula
2567 1473 2641 1518 ac
2671 1456 2889 1518 divina
2927 1455 3307 1518 charismata
3338 1463 3403 1518 et

1901 1553 2415 1635 supernaturalia
2443 1553 2627 1616 dona.
2663 1554 2902 1636 Itaque,
2936 1573 3137 1636 quum
3167 1554 3399 1617 veritas

1899 1651 2150 1715 duobus
2181 1653 2382 1734 possit
2412 1651 2617 1716 modis
2640 1651 2917 1734 probari,
2934 1660 3107 1735 puta,
3132 1652 3403 1715 naturali

1901 1751 2166 1822 ratione,
2200 1758 2265 1814 et
2294 1750 2511 1813 divina
2548 1752 2946 1814 attestatione
2988 1770 3099 1814 seu
3132 1751 3403 1814 miraeu-

307 1867 436 1928 quae
479 1847 544 1910 in
591 1848 940 1931 Scripturis
987 1849 1334 1922 canonicis,
1387 1849 1452 1911 in
1505 1848 1790 1930 legendis
1826 1849 1874 1913 B
1903 1846 2110 1910 lorum
2151 1847 2551 1925 ostensione;
2593 1854 2841 1910 constat
2882 1848 3053 1929 quod
3096 1848 3251 1910 fidei
3292 1866 3401 1912 no-

309 1947 666 2008 Sanctorum
699 1952 762 2008 et
793 1947 1136 2020 chronicis,
1171 1947 1236 2009 in
1268 1947 1553 2010 historiis
1591 1955 1656 2010 et
1693 1947 1788 2010 hi-

309 2042 658 2106 storialibus
687 2043 972 2126 speculis
1001 2044 1444 2126 copiosissime
1473 2045 1794 2109 continen-

309 2146 419 2202 tur.
459 2140 586 2205 Nee
629 2149 838 2224 potest
879 2142 1024 2224 quis
1063 2140 1308 2223 fingere
1345 2161 1420 2206 ea
1459 2143 1626 2206 facta
1663 2160 1790 2206 non

309 2258 455 2314 esse,
485 2259 686 2321 quum
737 2240 804 2302 in
847 2239 984 2303 suis
1019 2238 1387 2314 effectibus,
1429 2241 1550 2302 hoc
1587 2248 1686 2304 est
1725 2241 1789 2304 in

309 2336 484 2398 totius
515 2337 738 2400 mundi
779 2339 1196 2400 conversione
1234 2339 1312 2401 ad
1351 2347 1482 2402 tam
1523 2340 1792 2404 admira·

309 2435 488 2498 bilem
551 2445 618 2498 et
675 2435 1396 2518 incomprehensibilem
1461 2437 1660 2500 fidem
1717 2457 1791 2502 ac

307 2535 740 2597 arduissimam
782 2534 1010 2615 legem,
1053 2535 1506 2617 limpidissime
1547 2536 1790 2600 innote-

307 2641 470 2694 scant
495 2651 568 2694 ac
599 2631 908 2714 fulgeant,
927 2634 1058 2696 imo
1085 2641 1152 2697 et
1179 2651 1384 2716 usque
1415 2635 1482 2695 in
1511 2653 1790 2717 praesens

307 2739 701 2805 renoventur,
743 2739 940 2814 atque
975 2750 1092 2814 per
1138 2732 1402 2795 Sanctos
1449 2731 1562 2795 Dei
1609 2733 1792 2797 uber·

307 2831 412 2892 tim
467 2830 754 2913 undique
814 2837 1280 2913 perpetrentur.
1341 2831 1560 2914 Neque
1616 2833 1789 2896 enim

308 2947 616 2992 armorum
647 2928 1097 3002 violentia‚aut
1126 2938 1542 3012 tyrannorum
1573 2939 1792 3012 poten·

1901 1953 2046 2009 strae
2075 1952 2250 2008 tanto
2280 1946 2485 2026 major
2513 1953 2611 2008 est
2639 1946 2975 2020 certitudo,
2994 1955 3233 2028 quanto
3262 1947 3401 2029 plu·

1903 2063 1972 2106 ra
2029 2051 2092 2106 et
2139 2044 2545 2126 praeclariora
2591 2051 2741 2106 sunt
2788 2051 3035 2127 patrata
3090 2045 3401 2108 miracula

1905 2159 2020 2224 pro
2077 2141 2273 2222 hujus
2330 2141 2775 2205 sacratissimas
2830 2161 2905 2204 ac
2962 2141 3401 2207 saluberrimae

1903 2239 2056 2302 fidei
2103 2239 2525 2303 roboratione.

1983 2337 2267 2412 Interim,
2302 2339 2355 2400 si
2394 2357 2739 2421 pensemus
2777 2339 2999 2420 quales
3040 2340 3403 2403 exstiterint

1903 2436 2012 2519 qui
2043 2435 2415 2516 hujusmodi
2446 2443 2598 2499 sunt
2628 2437 2915 2519 prodigia
2956 2438 3223 2520 operati,
3259 2439 3401 2501 luce

1903 2533 2304 2616 splendidius
2346 2535 2722 2610 innotescet,
2762 2554 2957 2617 quam
3004 2537 3400 2600 immanissi-

1903 2649 2008 2694 ma
2049 2631 2291 2694 fuerint
2336 2631 2471 2695 haec
2518 2633 2735 2695 omnia
2780 2632 2862 2695 ab
2910 2635 3087 2696 omni
3138 2635 3401 2716 magicas

1899 2729 2056 2792 artis
2095 2729 2539 2811 permixtione.
2574 2729 2650 2791 Hi
2692 2747 2971 2811 namque
3014 2729 3276 2794 fuerunt
3314 2733 3403 2794 vi-

1901 2828 1954 2890 ri
1994 2828 2062 2891 in
2105 2827 2284 2890 omni
2314 2827 2699 2902 humilitate,
2732 2829 3059 2912 patientia,
3104 2830 3399 2906 mititate,

1899 2926 2307 3000 abstinentia,
2352 2927 2745 2990 continentia
2778 2928 3038 3002 summi,
3073 2930 3139 2990 in
3182 2930 3294 2993 Dei
3338 2939 3403 2993 et

307 3029 400 3100 tia,
429 3045 544 3090 nec
574 3027 844 3108 magicis
873 3027 1142 3101 artibus,
1175 3045 1292 3090 nec
1324 3027 1790 3110 philosophicis
1820 3034 1865 3098 C
1902 3025 2343 3107 proximorum
2392 3025 2653 3089 caritate
2710 3027 3213 3102 aestuantissimi,
3267 3029 3406 3092 uni-

307 3125 756 3189 subtilitatibus
819 3125 1182 3189 introducta
1235 3132 1332 3189 est
1388 3127 1598 3209 primo
1653 3127 1790 3192 haec

307 3224 456 3286 fides
488 3241 502 3285 ε
535 3225 670 3286 imo
697 3223 914 3306 potius
943 3225 1180 3286 virtute
1209 3222 1366 3288 fidei
1408 3225 1602 3306 hujus
1642 3243 1791 3288 con·

307 3320 438 3381 trita
474 3329 626 3384 sunt
671 3340 872 3395 arma,
911 3322 1138 3386 armati
1187 3339 1442 3404 quoque
1489 3323 1556 3386 in
1606 3323 1790 3387 bellis

307 3419 586 3499 prostrati
619 3427 878 3494 sunt,ac
908 3421 1354 3502 potentissima
1383 3439 1578 3502 regna
1605 3421 1792 3485 devo-

307 3516 534 3580 tissime
579 3527 966 3600 receperunt
1008 3519 1175 3581 hanc
1218 3518 1440 3582 fidem.

378 3616 828 3698 Denique,quo
855 3635 1036 3699 reges
1065 3617 1402 3681 saevissimi
1431 3617 1794 3680 crudelissi-

309 3714 509 3795 mique
565 3715 824 3797 tyranni
871 3723 936 3777 et
985 3715 1288 3798 praesides
1345 3715 1792 3779 vehementius

307 3831 372 3873 ac
397 3813 740 3876 violentius
767 3813 895 3876 nisi
926 3823 1075 3877 sunt
1115 3813 1314 3878 fidem
1359 3815 1522 3876 hanc
1567 3815 1792 3877 exstir-

311 3930 466 3992 pare,
503 3911 1008 3976 immanissimas
1057 3921 1296 3976 mortes
1343 3911 1680 3976 inferendo
1717 3911 1792 3974 fi-

309 4009 564 4084 delibus,
599 4027 680 4073 eo
721 4009 886 4072 fides
929 4009 1064 4074 haec
1105 4010 1444 4091 gloriosius
1475 4009 1698 4084 crevit,
1732 4017 1797 4072 et

313 4109 658 4172 mirabilius
713 4115 901 4171 aucta
943 4115 1060 4182 est,
1111 4109 1791 4191 sapei-gloriosissimo,

1901 3141 2151 3186 versam
2198 3123 2509 3204 magicam
2555 3131 2781 3199 artem,
2825 3124 3225 3210 gloriamque
3273 3127 3404 3192 ina·

1903 3239 2050 3284 nem
2081 3228 2146 3283 ct
2176 3221 2427 3284 laudem
2458 3220 2807 3286 humanam
2838 3223 3403 3290 vehementissime

1901 3318 2318 3382 abhorrentes
2352 3336 2367 3381 τ
2400 3319 2511 3402 qui
2542 3329 2782 3402 quanto
2812 3320 3133 3386 firmiores
3176 3331 3239 3386 et
3279 3322 3403 3387 fer-

1901 3417 2223 3480 ventiores
2252 3417 2515 3480 fuerunt
2544 3419 2609 3480 in
2642 3417 2795 3493 fide,
2828 3427 3005 3483 tanto
3042 3422 3120 3484 ad
3158 3421 3405 3503 agenda

1905 3515 2215 3578 miracula
2272 3523 2453 3579 erant
2510 3517 2919 3599 potentiores.
2982 3519 3057 3582 Hi
3120 3527 3403 3586 mortuos

1904 3614 2219 3697 plurimos
2246 3614 2739 3690 suscitaverunt,
2757 3633 2979 3688 caecos,
3002 3618 3249 3693 surdoS,
3271 3639 3405 3684 mu·

1905 3721 2024 3788 toS,
2058 3712 2319 3777 claudos
2360 3733 2397 3776 a
2436 3713 2765 3777 nativitate
2810 3715 3190 3780 mirabiliter
3234 3737 3408 3782 cura·

1907 3819 2465 3892 verunt3quorum
2496 3811 2791 3874 nonnulli
2820 3813 3013 3876 etiam
3048 3814 3245 3878 solem
3278 3824 3405 3880 sta-

1905 3927 1975 3971 re
2003 3917 2068 3970 et
2099 3909 2356 3971 retroire
2382 3907 2689 3982 fecerunt,
2706 3910 3085 3991 pravissima
3109 3910 3408 3977 biberunt

1905 4025 2153 4070 venena
2192 4006 2399 4080 illaesi,
2434 4006 2723 4070 cordium
2764 4017 3162 4089 agnoverunt
3196 4029 3271 4074 ac
3301 4031 3407 4094 pa-

1905 4105 2263 4168 tefecerunt
2292 4113 2557 4179 secreta,
2589 4113 2781 4187 atque
2813 4104 3027 4169 futura
3057 4125 3230 4171 mere
3262 4127 3406 4174 con-

310 4225 446 4270 vero
509 4207 1078 4290 omnipotenteque
1145 4206 1276 4270 Deo
1341 4207 1546 4289 legem
1613 4225 1792 4270 suam
1826 4211 1876 4274 D
1905 4205 2211 4285 tingentia
2238 4203 2685 4286 praedixerunt.
2704 4204 2981 4288 Denique
3010 4207 3185 4270 nulla
3214 4207 3399 4284 fides,

309 4322 374 4365 ac
407 4304 604 4368 fidem
651 4312 1044 4386 protegente,
1085 4310 1148 4366 et
1197 4321 1346 4368 suos
1394 4303 1796 4368 beatissimos

313 4411 604 4486 martyres
637 4403 703 4464 in
736 4420 958 4465 eorum
993 4402 1314 4484 martyriis
1345 4421 1418 4464 ac
1450 4410 1668 4486 postea
1705 4411 1798 4466 tot

312 4518 376 4562 ac
409 4501 598 4563 tantis
643 4499 1030 4564 mirificante
1077 4498 1429 4574 miraculis,
1461 4501 1632 4582 quod
1671 4499 1796 4563 fre-

313 4607 566 4679 quenter
609 4599 675 4662 in
715 4599 908 4660 unius
959 4597 1255 4681 martyris
1305 4597 1600 4680 passione
1647 4617 1798 4680 qua—

313 4697 583 4778 draginta
615 4696 825 4760 millia
863 4695 1228 4760 infidelium
1273 4705 1422 4759 sunt
1465 4715 1793 4772 conversa,

315 4796 432 4858 imo
467 4813 930 4878 nonnunquam
961 4803 1026 4858 et
1055 4795 1180 4878 ipsi
1221 4796 1492 4878 tyranni.
1526 4796 1796 4860 Demum

313 4903 368 4956 et
395 4896 510 4978 ipsi
542 4895 944 4958 callidissimi
974 4894 1208 4957 artium
1241 4894 1632 4975 magicarum
1673 4915 1798 4958 ma·

312 4985 498 5072 gistri,
559 5001 896 5058 cernentes
957 5011 1024 5054 se
1080 4993 1420 5056 adversum
1480 4992 1676 5056 fidem
1735 5001 1798 5056 et

314 5109 554 5156 crucem
587 5088 820 5156 ch'risti
853 5091 944 5154 nil
975 5109 1158 5174 posse
1189 5092 1620 5174 proficere,ac
1649 5093 1798 5154 inde

315 5191 780 5255 evidentissime
810 5190 1122 5274 superari,
1138 5191 1464 5254 multoties
1483 5199 1634 5254 sunt
1652 5209 1798 5254 con-

317 5291 492 5352 versi.
507 5291 585 5353 Et
613 5290 916 5365 breviter,
931 5289 1236 5372 quamdiu
1265 5289 1608 5354 Christiani
1640 5289 1802 5352 chri·

1905 4301 2082 4364 nulla
2113 4302 2212 4364 lex
2242 4300 2388 4376 alia,
2420 4299 2614 4363 habet
2645 4302 2763 4365 ista
2806 4309 2917 4365 aut
2954 4303 3401 4384 hujuscemodi

1907 4400 2233 4463 miracula.

1985 4499 2062 4562 Et
2101 4499 2155 4560 si
2194 4498 2535 4579 objiciatur
2571 4501 2741 4582 quod
2788 4500 2851 4564 in
2892 4503 3091 4566 veteri
3133 4504 3271 4586 lege
3309 4507 3407 4569 fu·

1905 4604 2116 4672 erunt,
2149 4596 2271 4660 hoc
2314 4615 2431 4678 pro
2471 4596 2659 4660 nobis
2702 4605 2799 4660 est
2844 4617 2859 4662 :
2902 4619 3029 4663 non
3067 4603 3241 4666 enim
3280 4605 3407 4667 alia

1907 4705 2004 4758 est
2039 4695 2205 4758 fides
2248 4703 2463 4759 nostra
2503 4714 2695 4777 quam
2744 4706 2997 4779 patrum
3040 4709 3406 4766 sanctorum

1908 4795 2018 4877 qui
2051 4795 2120 4856 in
2150 4793 2289 4874 lege
2328 4793 2565 4876 scripta
2604 4795 2704 4856 vel
2746 4795 2883 4876 lege
2920 4795 3181 4862 fuerunt
3224 4809 3405 4864 natu-

1909 4913 2014 4966 rae,
2078 4893 2373 4974 quamvis
2432 4893 2516 4954 sit
2574 4894 2763 4956 modo
2822 4896 3023 4976 magis
3078 4899 3399 4980 explicita.

1907 4993 2066 5056 Hinc
2102 5000 2167 5055 et
2210 4990 2407 5054 libros
2447 4992 2679 5054 veteris
2718 4992 3102 5056 Testamenti
3144 5015 3259 5078 pro
3299 5017 3406 5062 no·

1907 5099 2052 5156 strae
2101 5091 2253 5153 fidei
2304 5089 2815 5166 confirmatione,
2869 5092 3295 5160 declaratione
3340 5106 3405 5161 et

1909 5189 2283 5274 probatione
2340 5189 2689 5252 solenniter
2747 5188 3037 5272 legimus.
3098 5193 3405 5261 Universa

1899 5306 2165 5371 ,quoque
2195 5307 2337 5371 quai
2367 5288 2711 5362 credimus,
2743 5306 2821 5352 ex
2863 5289 2991 5352 illis
3027 5292 3397 5374 probamus,
