4300 6259
859 466 984 534 210

1640 483 2061 532 ELEMENTATIO
2101 479 2502 530 mmmmm.
2546 502 2627 512 —
2666 483 2746 529 m!
2789 483 3210 532 sacr-Annus

858 647 1028 737 aq'ua
1069 646 1433 720 consecrata
1463 673 1577 717 seu
1607 653 1963 727 benedicta,
1997 659 2062 716 et
2089 671 2126 715 a
2157 671 2359 716 sacer·
2388 651 2441 716 A
2473 652 2780 735 corporis,
2824 672 2965 734 quae
3008 659 3105 716 est
3146 652 3346 728 fronS,
3392 653 3457 716 in
3500 671 3630 736 qua
3672 652 3976 716 chrisma-

862 752 1031 816 dote.

940 853 1208 936 Insuper
1247 853 1312 916 in
1359 853 1479 916 hoc
1527 859 1924 915 sacramento
1969 851 2213 933 aliquid
2264 857 2361 913 est

859 950 1264 1014 solummodo
1306 957 1798 1023 sacramentum,
1831 956 1901 1010 ut
1942 948 2188 1011 ablutio
2218 948 2358 1030 ipsa

859 1047 1158 1122 exterior,
1189 1067 1332 1130 quae
1362 1056 1460 1111 est
1487 1054 1959 1110 sacramentum
1999 1054 2064 1108 et
2102 1064 2355 1108 sacrum

855 1146 1115 1227 signum
1175 1146 1496 1209 interioris
1557 1145 1992 1208 mundationis
2039 1164 2075 1207 a
2122 1145 2353 1226 culpa;

857 1243 1100 1325 aliquid
1148 1252 1361 1308 autem
1419 1253 1516 1307 est
1564 1263 1664 1306 res
1711 1251 1984 1317 tantum,
2036 1250 2107 1304 ut
2154 1242 2355 1323 gratia

855 1341 1571 1424 baptismalis3aliquid
1608 1361 1708 1404 res
1751 1349 1816 1404 et
1858 1348 2351 1414 sacramentum,

855 1446 1009 1521 puta
1039 1440 1386 1515 character,
1409 1440 1520 1522 qui
1552 1440 1814 1522 ponitur
1843 1440 1907 1501 in
1939 1457 2173 1521 genere
2203 1458 2355 1520 qua-

854 1536 1070 1600 litatis,
1105 1538 1282 1602 Unde
1311 1539 1365 1602 si
1406 1538 1553 1621 quis
1595 1539 1674 1601 ad
1719 1539 2117 1620 Baptismum
2161 1537 2354 1599 fictus

851 1637 1132 1710 accedat,
1165 1637 1462 1719 quamvis
1493 1635 1801 1698 effectum
1841 1636 2147 1717 Baptismi
2189 1634 2354 1697 salu-

852 1739 1055 1797 tarem
1087 1751 1215 1797 non
1247 1735 1570 1808 sortiatur,
1605 1750 1732 1796 non
1762 1741 1978 1795 tamen
2010 1732 2355 1814 rebaptiza-

2469 751 2553 814 tis
2596 751 2813 814 unctio
2855 761 3206 815 exercetur.

2550 851 2620 912 In
2646 851 2767 912 hoc
2790 858 3188 914 sacramento
3207 852 3395 915 datur
3415 851 3693 934 Spiritus
3712 851 3977 915 Sanctus

2471 948 2547 1009 ad
2578 947 2895 1020 robur,ita
2924 950 3090 1031 quod
3119 950 3321 1030 gratia
3352 948 3415 1011 in
3444 949 3772 1031 Baptismo
3798 948 3979 1011 colla·

2469 1052 2554 1120 ta,
2571 1046 2636 1108 in
2656 1047 2843 1127 hujus
2874 1047 3248 1111 sacramenti
3280 1047 3687 1130 susceptione
3712 1055 3979 1128 augetur

2471 1151 2535 1207 et
2565 1144 3268 1228 roboratur.Quumque
3301 1145 3367 1207 in
3400 1145 3521 1209 hoc
3551 1153 3973 1218 sacramento,

2472 1243 2639 1304 sicut
2681 1243 2745 1304 in
2792 1243 3042 1317 ceteris,
3074 1243 3276 1324 gratia
3306 1243 3697 1316 conferatur,
3730 1242 3857 1306 nisi
3898 1261 3975 1304 ex

2472 1347 2649 1421 parte
2679 1340 3090 1422 suscipientis
3130 1341 3213 1403 sit
3254 1340 3813 1423 impedimentum,
3858 1341 3977 1403 hoc

2471 1445 2568 1500 est
2598 1438 2983 1519 incapacitas
3013 1457 3125 1501 seu
3158 1438 3503 1519 indignitas
3534 1438 3615 1501 ad
3654 1438 3972 1510 eamdem,

2471 1543 2624 1617 puta
2668 1537 2933 1599 mortale
2977 1543 3313 1618 peccatum
3336 1553 3353 1616 3
3398 1537 3543 1599 ideo
3586 1534 3977 1599 confirman-

2470 1634 2588 1696 dus
2619 1633 2915 1696 confiteri
2946 1633 3138 1697 debet
3164 1640 3508 1715 antequam
3537 1633 3973 1707 confirmetur,

2470 1732 2763 1814 quamvis
2807 1733 2927 1796 hoc
2965 1750 3093 1796 non
3131 1740 3418 1815 oporteat
3466 1733 3545 1796 de
3594 1733 3975 1796 necessitate

852 1838 959 1893 tur
990 1849 1006 1893 z
1039 1831 1346 1914 quoniam
1381 1831 1646 1894 fictione
1687 1839 1998 1906 cessante,
2034 1831 2354 1894 mediante
2392 1828 2439 1891 B
2469 1831 2867 1893 sacramenti.
2911 1831 3087 1904 Quod
3136 1831 3189 1893 si
3237 1830 3785 1913 opportunitatem
3826 1849 3975 1894 con·

855 1928 1219 1993 charactere
1248 1929 1665 2013 consequitur
1681 1929 1993 2012 Baptismi
2025 1928 2348 1992 effectum.

937 2027 1255 2110 Originale
1296 2029 1490 2091 etiam
1533 2035 1868 2110 peccatum
1915 2027 1981 2091 in
2026 2027 2355 2109 Baptismo

855 2125 1125 2200 deletur,
1161 2127 1249 2189 ita
1278 2127 1450 2209 quod
1488 2126 1806 2209 baptizato
1837 2144 1964 2190 non
2000 2126 2353 2207 imputatur

855 2223 934 2286 ad
977 2223 1233 2306 culpam
1276 2242 1487 2305 neque
1531 2223 1610 2286 ad
1659 2242 1916 2306 poenam
1959 2241 1973 2286 :
2023 2224 2154 2286 imo
2204 2241 2350 2286 mox

853 2320 1084 2396 evolat,
1107 2321 1161 2383 si
1191 2328 1534 2403 antequam
1565 2328 1788 2402 peccet
1817 2322 2100 2384 decedat.
2126 2323 2351 2384 Fomes

851 2423 1067 2481 tamen
1099 2438 1211 2482 seu
1243 2418 1573 2481 inclinatio
1602 2420 1680 2481 ad
1713 2437 1906 2501 prava
1935 2435 2061 2480 non
2095 2419 2351 2500 penitus

850 2517 1120 2592 tollitur,
1154 2518 1264 2580 sed
1297 2516 1685 2580 debilitatur.
1719 2517 2044 2580 Postremo
2074 2517 2139 2579 in
2180 2536 2352 2580 rece-

854 2615 1070 2699 ptione
1098 2615 1406 2697 Baptismi
1438 2614 1868 2678 infunduntur
1895 2615 2090 2678 etiam
2121 2634 2353 2697 parvu-

854 2713 956 2789 lis,
988 2714 1189 2796 gratia
1215 2721 1469 2795 gratum
1500 2712 1766 2786 faciens,
1797 2713 2067 2776 virtutes
2112 2714 2352 2776 theolo-

851 2812 1032 2894 gicae‚
1063 2813 1230 2876 dona
1272 2830 1528 2895 quoque
1571 2819 1636 2874 et
1679 2812 1949 2875 virtutes
1995 2812 2243 2875 caritati
2290 2820 2354 2875 et

851 2912 1070 2992 gratiae
1116 2910 1631 2992 inseparabiliter
1675 2911 1950 2975 counitae
1985 2930 2000 2974 t
2033 2929 2162 2993 quo
2206 2929 2354 2974 con-

2468 1928 2697 1992 fitendi
2744 1947 2874 1992 non
2930 1928 3180 2004 habeat,
3233 1936 3547 2011 proponat
3595 1928 3973 1992 firmissime

2469 2027 2763 2090 confiteri
2796 2027 3068 2090 celerius
3099 2044 3227 2110 quo
3256 2027 3553 2109 quiverit.
3572 2029 3976 2110 Imprimitur

2469 2142 2723 2208 quoque
2752 2125 3101 2200 character,
3126 2127 3189 2188 id
3220 2133 3319 2188 est
3346 2125 3645 2207 specialis
3676 2127 3973 2208 quaedam

2468 2231 2748 2306 potestas
2788 2233 2851 2286 et
2887 2225 3314 2306 configuratio
3342 2224 3637 2286 virtualis
3675 2225 3755 2286 ad
3798 2224 3975 2288 Chri-

2468 2329 2660 2395 stum,
2695 2321 2760 2383 in
2800 2329 3197 2384 sacramento
3236 2322 3379 2396 hoc,
3423 2322 3973 2403 quemadmodum

2468 2418 2536 2481 in
2574 2419 2898 2501 Baptismo
2948 2427 3012 2482 et
3059 2419 3291 2482 Ordine
3340 2436 3519 2483 sacro
3567 2437 3581 2481 ε
3632 2420 3804 2482 unde
3854 2438 3973 2482 nec

2470 2518 2753 2592 iteratur,
2786 2518 2953 2580 sicut
2978 2536 3098 2580 nec
3130 2518 3257 2581 illa.
3292 2518 3454 2580 Hinc
3482 2518 3651 2580 sicut
3694 2517 3973 2601 baptiza-

2466 2623 2569 2678 tus
2622 2616 2941 2679 mediante
2994 2617 3360 2679 charactere
3402 2614 3771 2698 baptismali
3822 2633 3971 2680 con·

2467 2714 2759 2796 sequitur
2785 2714 3193 2796 Baptismatis
3222 2714 3515 2796 gratiam,
3549 2714 3819 2777 fictione
3856 2733 3972 2778 seu

2466 2812 2591 2875 alia
2621 2813 2810 2895 culpa
2840 2813 3094 2876 mortali
3125 2813 3191 2875 in
3232 2832 3358 2895 qua
3396 2813 3551 2876 hora
3589 2833 3722 2876 suae
3764 2813 3973 2896 bapti-

2466 2911 2730 2974 zationis
2771 2911 2916 2986 fuit,
2948 2929 3065 2993 per
3107 2911 3559 2974 contritionem
3608 2912 3843 2986 deleta,
3888 2914 3975 2974 ita

850 3017 996 3084 stat,
1048 3009 1218 3092 quod
1275 3009 1505 3072 animae
1559 3010 1968 3091 parvulorum
2016 3008 2357 3091 baptizato-
2393 3009 2437 3073 C
2467 3010 2545 3072 de
2595 3010 2856 3091 indigno
2916 3009 3297 3073 confirmato
3354 3016 3628 3073 tenetur.
3681 3010 3975 3093 Denique

849 3126 996 3170 rum
1024 3107 1207 3169 valde
1239 3108 1534 3188 pretiosis
1575 3116 1639 3170 et
1677 3107 2007 3190 speciosiS,
2044 3107 2175 3169 imo
2216 3107 2355 3189 pul-

851 3205 1186 3268 cherrimis
1225 3212 1290 3268 et
1326 3204 1924 3288 supernaturalibus
1961 3207 2355 3268 ornamentis

850 3309 1003 3366 sunt
1042 3304 1371 3366 decoratae.

1131 3575 1469 3641 PROPOS
1477 3575 1650 3639 ῙΤΙΟ
1697 3573 2061 3639 CXXXIV.

931 3796 1043 3862 De
1103 3795 1452 3861 essentia
1519 3796 1999 3862 sacramenti
2057 3795 2349 3862 conflr-

851 3893 1236 3961 mationis
1303 3893 1495 3958 sunt
1563 3890 1821 3959 forma
1884 3892 2056 3974 ejus
2113 3894 2351 3974 atque

851 3993 1235 4072 materia3
1282 3992 1551 4056 tamen
1598 3990 1698 4056 ad
1745 3989 2351 4058 consistentiam

849 4090 1027 4172 ejus
1107 4089 1357 4157 etiam
1434 4088 1597 4155 alia
1682 4091 2020 4169 quatuor
2093 4092 2349 4171 requi-

848 4191 1164 4256 runtur.

933 4287 1109 4360 Quod
1155 4293 1274 4360 est,
1325 4285 1478 4368 quia
1524 4283 1788 4346 materia
1833 4284 2350 4350 confirmationis

849 4392 948 4448 est
985 4401 1237 4446 sacrum
1279 4382 1576 4444 chrisma.
1621 4382 1844 4444 Forma
1881 4388 2096 4445 autem
2146 4383 2348 4465 ipsius

848 4489 947 4546 est
985 4481 1106 4544 ista
1150 4478 1490 4543 verborum
1535 4479 1915 4561 complexio,
1945 4479 2128 4561 juxta
2159 4500 2347 4543 usum

845 4579 1355 4645 communiorem
1390 4595 1404 4640 t
1439 4577 1756 4658 Consigno
1783 4584 1848 4639 te
1889 4578 2072 4659 signo
2109 4580 2343 4654 cruciS‚

845 4679 1162 4745 confirmo
1190 4685 1254 4741 te
1285 4677 1628 4740 chrismate
1666 4675 1910 4738 salutis.
1946 4676 2348 4741 Concurrunt

841 4785 1056 4843 autem
1087 4783 1150 4838 et
1179 4775 1304 4838 alia
1330 4781 1604 4858 quatuor
1631 4775 1710 4836 ad
1751 4793 1890 4837 esse
1933 4774 2134 4857 ipsius
2169 4793 2183 4837 :
2218 4775 2344 4838 duo

841 4897 918 4942 ex
963 4883 1141 4960 parte
1186 4875 1486 4949 ministri,
1533 4873 1835 4936 videlicet
1871 4873 2146 4955 dignitas
2186 4892 2341 4956 pon-

839 4974 1123 5050 tificalis,
1163 4974 1316 5056 quia
1353 4993 1388 5036 a
1432 4972 1584 5036 solis
1621 4973 1942 5055 episcopis
1982 4972 2339 5047 exhibetur,

842 5081 1032 5157 atque
1081 5072 1350 5136 intentio
1406 5070 1620 5133 debita
1678 5071 2165 5151 confirmantis3
2216 5072 2342 5134 duo

841 5183 1100 5256 ‘quoque
1148 5189 1226 5234 ex
1276 5177 1454 5253 parte
1501 5169 1934 5251 suscipientiS,
1977 5177 2048 5232 ut
2095 5170 2343 5233 scilicet

847 5272 1201 5357 baptizatus
1255 5269 1538 5344 exsistat,
1595 5275 1660 5330 et
1712 5268 2132 5331 determinata
2192 5289 2341 5353 pars

2467 3127 2581 3189 per
2628 3107 3149 3172 confirmationis
3208 3114 3682 3171 sacramentum
3741 3107 3975 3170 fideles

2463 3207 2543 3268 ad
2583 3206 2984 3288 spiritualem
3028 3206 3481 3269 adscribuntur
3524 3206 3851 3280 militiam,
3882 3215 3973 3270 at-

2466 3323 2590 3386 que
2647 3306 2725 3367 ad
2773 3304 2930 3367 fidei
2980 3304 3445 3389 defensionem,
3500 3313 3568 3366 ut
3615 3305 3683 3367 in
3736 3323 3973 3388 campo

2464 3401 2681 3465 saeculi
2737 3400 2931 3482 hujus
2989 3409 3209 3465 contra
3263 3403 3468 3466 aciem
3523 3403 3855 3477 vitiorum,
3908 3411 3975 3466 et

2464 3506 2683 3562 contra
2713 3498 3072 3562 invisibiles
3102 3501 3385 3582 itemque
3412 3500 3703 3564 visibiles
3730 3501 3973 3565 Christi

2463 3615 2537 3659 ac
2568 3615 2697 3660 suae
2736 3596 2959 3658 salutis
3000 3596 3237 3671 hosteS‚
3272 3604 3531 3660 strenue
3568 3598 3967 3680 praelicntur.

2461 3695 2705 3758 Idcirco
2734 3693 3078 3757 chrismate
3111 3701 3439 3776 unguntur
3470 3695 3537 3757 in
3569 3694 3803 3770 fronte,
3828 3705 3968 3760 tan-

2462 3811 2654 3875 quam
2695 3793 2761 3854 in
2801 3792 2941 3856 loco
2985 3792 3270 3875 pudoriS,
3305 3810 3386 3856 ne
3427 3811 3665 3857 nomen
3708 3793 3969 3858 Domini

2461 3890 2757 3953 confiteri
2804 3909 2879 3952 ac
2924 3891 3090 3952 tueri
3140 3892 3672 3954 verecundentur.
3718 3893 3816 3955 Ad
3863 3912 3971 3974 ge-

2460 4009 2608 4051 nam
2658 4006 2915 4070 quoque
2963 3989 3317 4064 caeduntur,
3369 3989 3433 4051 in
3482 3989 3739 4070 signum
3786 3993 3969 4073 quod

2463 4087 2809 4170 praeliaturi
2841 4087 2989 4162 sint,
3024 4094 3086 4149 et
3118 4087 3319 4154 multa
3360 4088 3633 4169 passuri.
3669 4089 3965 4172 Insuper,

2379 4192 2429 4255 D
2462 4185 2630 4267 quod
2676 4184 3158 4248 confirmandus
3207 4185 3465 4267 praesuli
3515 4203 3631 4268 per
3676 4185 3967 4268 aliquem

2459 4289 2898 4364 praesentetur,
2921 4290 3233 4357 teneatur,
3254 4291 3319 4345 et
3348 4283 3547 4346 linteo
3574 4284 3853 4365 quodam
3882 4286 3968 4348 ad

2457 4380 2733 4443 frontem
2779 4381 3030 4462 ligetur,
3083 4381 3164 4443 ad
3212 4381 3375 4444 bene
3424 4401 3567 4446 esse
3612 4390 3677 4446 et
3730 4384 3969 4446 conde·

2458 4479 2756 4554 centiam,
2792 4497 2920 4542 non
2950 4480 3028 4541 ad
3060 4479 3507 4544 necessitatem
3538 4481 3731 4562 hujus
3761 4482 3965 4562 perti·

2456 4585 2565 4640 net
2606 4577 3007 4640 sacramenti.

2534 4676 2878 4750 Postremo,
2920 4676 2985 4737 in
3024 4675 3265 4757 triplici
3304 4685 3703 4740 sacramento
3735 4679 3963 4742 unctio

2456 4774 2819 4836 chrismatis
2864 4773 3073 4836 tribus
3122 4773 3199 4835 fit
3246 4775 3471 4836 modis,
3513 4775 3585 4838 In
3631 4775 3963 4858 Baptismo

2455 4873 2695 4955 quippe
2725 4879 3057 4935 exercetur
3086 4872 3151 4934 in
3192 4872 3454 4947 vertice,
3486 4873 3567 4935 ad
3605 4877 3961 4956 susceptio·

2454 4989 2599 5034 nem
2647 4970 2802 5033 fidei
2846 4970 3303 5050 designandam
3350 4987 3363 5032 :
3407 4971 3559 5053 quia
3600 4971 3667 5033 in
3714 4975 3959 5037 vertice

2452 5077 2549 5132 est
2577 5068 2809 5131 cellula
2839 5068 3187 5141 rationalis,
3212 5068 3333 5130 hoc
3364 5077 3462 5132 est
3492 5070 3789 5151 potentiae
3812 5090 3959 5134 sen-

2451 5168 2655 5231 sitivae
2703 5167 2929 5230 rationi
2980 5167 3334 5249 praescrtim
3393 5168 3830 5232 deservientis.
3880 5171 3957 5234 In

2453 5266 2945 5331 confirmatione
2974 5265 3053 5328 fit
3082 5267 3145 5329 in
3176 5265 3497 5342 fronte,ad
3526 5267 3959 5336 denotandum
