4300 6259
798 466 880 534 58
1465 488 1888 537 ΕΒΕΜΕΝΤΑΤΙΟ
1929 490 2389 538 ΡΗΙΒΟὸΟΡΗΙΟΑ.
2434 508 2515 519 --
2555 490 2635 537 ΠΕ
2676 490 2876 538 ANutA
2916 491 3247 539 RA'rloNAu

801 656 1230 743 intelligibile,
1277 682 1469 745 quam
1519 663 1768 746 species
1817 663 1926 726 illa
1973 662 2295 727 interioris
2326 660 2379 727 A
2407 663 2836 745 cognitionem
2866 663 3111 746 duplici
3144 665 3333 727 modo
3359 662 3720 737 ascendere,
3752 668 3905 746 puta

801 759 1124 823 sensitivae
1197 762 1496 843 potentiae
1560 762 1640 826 ad
1707 764 2295 845 repraesentandum

797 857 1124 939 objectum
1172 860 1499 935 sensibile,
1541 868 1784 923 constat
1830 879 1958 924 non
2001 868 2296 943 oportere

799 956 866 1020 in
925 958 1101 1021 omni
1158 967 1304 1021 actu
1353 959 1743 1023 intellectivo
1789 961 1866 1023 ad
1920 960 2297 1043 phantasma

797 1057 1140 1140 respicere.
1178 1058 1374 1140 Cujus
1416 1065 1637 1141 aptum
1681 1060 2040 1141 assignatur
2079 1078 2297 1123 exem-

799 1156 980 1239 plum
1017 1174 1031 1219 :
1065 1158 1368 1239 quoniam
1410 1158 1632 1221 volens
1670 1159 2167 1241 transnavigare,
2202 1160 2296 1221 in-

799 1256 975 1337 diget
1001 1273 1202 1337 nave3
1233 1264 1298 1320 et
1327 1256 1548 1321 volens
1585 1258 1950 1331 ascendere,
1986 1266 2126 1339 eget
2165 1277 2296 1321 sca-

799 1354 859 1416 la
883 1372 896 1415 :
920 1373 1119 1436 quum
1153 1372 1302 1419 vero
1330 1356 1406 1419 ad
1439 1356 1852 1438 concupitum
1889 1357 2299 1438 pervenerint

797 1451 1034 1527 locum,
1058 1470 1185 1515 non
1217 1452 1504 1534 indigent
1533 1453 1976 1516 instrumentis
2006 1462 2069 1517 et
2097 1454 2297 1517 admi-

797 1550 1032 1613 niculis
1083 1550 1210 1613 illis
1271 1551 1350 1613 ad
1411 1553 1800 1616 manendum
1859 1560 1923 1615 et
1978 1554 2299 1634 agendum

797 1648 1060 1713 ibidem.

875 1748 1201 1822 Praeterea,
1223 1748 1406 1830 juxta
1426 1750 1784 1814 Aristotelis
1814 1751 2199 1815 documenta
2229 1751 2300 1813 li-

2406 762 2759 845 symbolice
2788 770 2853 826 et
2880 763 3241 845 anagogice.
3258 762 3659 847 Symbolicus
3687 780 3906 825 ascen-

2406 880 2514 925 sus
2543 870 2660 937 est,
2694 881 2771 925 ex
2800 862 3205 926 sensibilium
3246 870 3310 927 et
3348 862 3773 926 materialium
3812 880 3907 924 re-

2408 979 2551 1023 rum
2584 961 3113 1036 consideratione,
3147 962 3225 1024 ad
3266 960 3790 1025 immaterialium
3830 979 3903 1023 ac

2408 1060 2775 1123 divinorum
2825 1068 2889 1123 et
2931 1060 3454 1143 superpurissimi
3502 1060 3695 1143 primi
3739 1058 3903 1123 entis

2408 1158 2910 1241 speculationem
2958 1178 3309 1241 assurgere.
3357 1159 3755 1241 Anagogicus
3798 1158 3903 1219 de-

2410 1275 2588 1320 mum
2620 1276 2921 1320 ascensus
2951 1264 3067 1331 est,
3087 1276 3165 1320 ex
3198 1258 3605 1321 irradiatione
3636 1256 3901 1319 theorici

2409 1354 2673 1419 luminis
2729 1356 3309 1439 intellectualisque
3368 1356 3527 1420 radii
3574 1363 3639 1419 et
3686 1356 3907 1418 imma-

2406 1454 2729 1517 terialium
2786 1455 3209 1518 essentiarum
3257 1455 3504 1530 notitia,
3555 1455 3633 1517 ad
3683 1454 3906 1537 primae

2405 1553 2691 1617 veritatis
2746 1572 2819 1616 ac
2878 1553 3245 1617 divinorum
3300 1552 3903 1636 contemplationem

2408 1652 2568 1733 erigi
2599 1659 2662 1714 et
2692 1652 2970 1733 perduci.
3008 1652 3095 1715 De
3126 1652 3333 1735 prima
3361 1670 3511 1733 ergo
3540 1650 3906 1714 assurrecti-

2407 1768 2549 1825 one,
2592 1768 2719 1813 non
2769 1751 2847 1813 de
2894 1751 3174 1815 secunda
3215 1751 3333 1813 hac
3385 1748 3900 1833 superductione,

795 1845 914 1910 bro
955 1848 1034 1910 de
1076 1847 1306 1911 Anima
1342 1856 1407 1911 et
1451 1848 1629 1923 alibi,
1663 1849 1717 1911 si
1761 1850 1975 1913 anima
2017 1850 2299 1913 hominis
2328 1848 2373 1912 B
2410 1848 2817 1931 suscipienda
2846 1856 2943 1911 est
2974 1848 3082 1911 illa
3108 1849 3469 1912 auctoritas.
3506 1848 3666 1911 Hinc
3695 1848 3903 1930 primo

795 1964 914 2007 nec
962 1945 1153 2009 habet
1210 1965 1418 2029 neque
1476 1946 1710 2011 habere
1759 1956 1968 2029 potest
2013 1948 2297 2030 aliquam
2409 1948 2618 2029 capite
2666 1946 2941 2030 Mysticae
2990 1948 3325 2028 theologiae
3368 1948 3593 2011 edocet
3634 1946 3903 2010 Sanctus

795 2045 1234 2126 operationem
1316 2046 1814 2111 intellectualem
1892 2066 1929 2109 a
2010 2047 2296 2129 corporis
2410 2044 2539 2120 ille,
2592 2052 2663 2108 ut
2709 2045 2773 2107 in
2819 2046 3163 2127 anagogica
3218 2046 3327 2107 illa
3365 2044 3905 2127 contemplatione

797 2143 1250 2207 communione
1283 2144 1548 2207 liberam
1591 2152 1654 2207 et
1693 2146 2072 2221 immunem,
2107 2146 2297 2208 senti-

799 2242 1036 2305 endum
1068 2250 1164 2305 est
1194 2242 1397 2324 ipsam
1429 2262 1568 2307 esse
1606 2263 1643 2306 a
1684 2262 1949 2326 corpore
1980 2244 2297 2326 insepara-

797 2340 994 2403 bilem
1037 2359 1110 2403 ac
1153 2341 1484 2403 mortalem
1512 2358 1528 2420 ;
1560 2342 1612 2405 si
1653 2359 1805 2405 vero
1845 2341 2036 2405 habet
2075 2342 2296 2423 hujus-

797 2439 1048 2501 cemodi
1113 2440 1454 2513 actionem,
1531 2440 1910 2504 immortalis
1981 2441 2298 2503 censenda

797 2544 914 2599 est.
961 2536 1080 2601 Sed
1133 2537 1340 2611 multi,
1388 2538 1519 2601 imo
1561 2538 1869 2621 praecipui
1919 2539 2149 2601 horum
2186 2540 2295 2621 qui

798 2636 1021 2699 dicunt
1049 2636 1330 2699 animam
1375 2637 1514 2699 sine
1558 2637 1994 2719 speculatione
2038 2638 2298 2720 phanta-

798 2742 1077 2797 smatum
1137 2732 1493 2816 intelligere
1554 2752 1677 2797 non
1731 2736 1965 2809 valere,
2015 2735 2298 2798 fatentur

797 2833 1078 2895 animam
1147 2833 1520 2896 naturaliter
1587 2833 2036 2907 immortalem,
2106 2841 2295 2916 atque

799 2931 919 2993 hoc
951 2931 1162 3012 ipsum
1196 2932 1470 2994 sensisse
1509 2932 1987 3015 Philosophum,
2020 2933 2293 2995 naturali

2406 2163 2481 2207 ac
2530 2144 2799 2227 mystica
2847 2144 3095 2207 visione
3144 2144 3582 2226 relinquamus
3630 2152 3695 2206 et
3741 2151 3906 2206 tran-

2408 2243 2787 2306 scendamus
2818 2261 2934 2305 nos
2964 2243 3159 2325 ipSOS,
3192 2251 3257 2305 et
3286 2242 3617 2306 sensibilia
3656 2242 3907 2305 univer-

2408 2360 2477 2405 sa
2517 2360 2591 2403 ac
2636 2349 2868 2403 cuncta
2911 2349 3141 2415 creata,
3182 2341 3403 2423 sicque
3440 2341 3517 2403 ad
3562 2340 3906 2423 supersub-

2408 2440 2765 2503 stantialem
2828 2439 3063 2503 divinae
3128 2447 3193 2502 et
3262 2440 3559 2504 increatae
3614 2439 3906 2520 caliginis

2408 2539 2657 2601 radium
2703 2538 3049 2601 elevemur.

2488 2636 2729 2711 Quibus
2791 2645 3097 2700 consonat
3145 2638 3315 2720 quod
3378 2635 3742 2719 praecipuus
3800 2636 3907 2699 ille

2406 2735 2603 2817 gigas,
2637 2735 2962 2799 Platonem
3000 2734 3247 2817 loquor,
3282 2735 3393 2817 qui
3432 2734 3533 2817 (ut
3572 2742 3795 2797 octavo
3829 2735 3907 2798 de

2408 2834 2673 2897 Civitate
2716 2834 2827 2897 Dei
2873 2833 3175 2897 disseruit
3216 2833 3641 2916 Augustinus)
3678 2833 3908 2895 ceteris

2406 2934 2694 3014 gentium
2736 2932 3133 3016 philosophis
3174 2933 3358 3014 longe
3408 2941 3706 3013 recteque
3754 2950 3909 3013 prae-

797 3029 987 3091 etiam
1025 3029 1268 3093 ratione
1311 3030 1430 3092 hoc
1474 3030 1699 3093 idonee
1744 3047 1928 3113 posse
1975 3029 2231 3113 probari
2278 3049 2291 3093 z
2328 3032 2371 3097 C
2409 3030 2574 3093 latus
2604 3039 2720 3104 est,
2754 3031 2989 3093 docuit.
3024 3031 3269 3113 Nempe
3296 3032 3399 3112 (ut
3426 3048 3595 3093 nono
3634 3030 3711 3093 de
3744 3029 3907 3093 Civi-

797 3145 948 3208 ergo
996 3127 1120 3190 sibi
1171 3128 1328 3210 ipsis
1375 3129 1674 3191 contrarii
1733 3135 1902 3203 sunt,
1954 3130 2296 3191 asserendo

796 3226 1079 3288 animam
1123 3244 1249 3289 non
1289 3244 1474 3309 posse
1518 3226 1874 3308 intelligere
1918 3228 2057 3291 sine
2101 3227 2297 3309 phan-

795 3332 1141 3388 tasmatum
1172 3325 1626 3407 speculatione,
1660 3332 1724 3388 et
1751 3333 1962 3389 tamen
1993 3345 2132 3389 eam
2182 3326 2297 3388 im-

799 3424 1130 3487 mortalem
1163 3423 1491 3497 exsistere,
1522 3443 1595 3487 ae
1635 3424 2008 3487 naturaliter
2045 3442 2299 3507 separa-

799 3522 996 3586 bilem
1021 3541 1161 3586 esse
1190 3542 1227 3585 a
1258 3540 1540 3605 corpore.
1559 3522 1634 3585 Et
1665 3522 1899 3595 item‚si
1929 3522 2295 3585 Aristoteles

799 3622 996 3684 sensit
1029 3622 1194 3704 quod
1234 3622 1442 3684 anima
1485 3620 1810 3684 rationalis
1853 3621 1936 3683 sit
1979 3622 2301 3684 immorta-

800 3719 902 3794 lis,
936 3737 1086 3802 ergo
1129 3721 1330 3783 sensit
1370 3720 1539 3801 quod
1581 3720 1761 3801 juxta
1809 3738 2067 3782 sensum
2112 3720 2295 3781 indu-

799 3827 995 3893 ctum,
1029 3819 1167 3882 sine
1198 3820 1712 3901 phantasmatum
1744 3818 2157 3900 adspectione
2204 3818 2296 3879 in-

798 3918 1088 3999 telligere
1118 3925 1325 3999 queat.
1343 3917 1516 3991 Quod
1547 3917 1600 3979 si
1633 3917 2078 3998 responderint
2107 3915 2295 3979 sicuti

799 4018 1023 4091 solent,
1074 4017 1242 4099 quod
1287 4016 1500 4079 anima
1545 4022 1831 4097 separata
1870 4014 2061 4078 habet
2097 4016 2295 4077 alium

801 4118 1062 4181 modum
1095 4116 1370 4188 essendi,
1403 4122 1470 4178 et
1508 4133 1620 4197 per
1657 4132 2054 4195 consequens
2098 4114 2297 4176 alium

2406 3136 2534 3191 tate
2580 3130 2691 3192 Dei
2742 3130 2965 3192 recitat
3010 3138 3266 3193 sanctus
3324 3137 3389 3192 et
3444 3128 3908 3191 subtilissimus

2408 3228 2829 3309 Augustinus)
2848 3246 3139 3291 summus
3157 3228 3345 3302 DeuS‚
3367 3228 3721 3290 secundum
3742 3226 3908 3309 Apu-

2411 3326 2608 3389 leium
2638 3326 3055 3401 Platonicum,
3090 3327 3183 3389 sic
3220 3346 3257 3389 a
3296 3326 3551 3389 Platone
3593 3325 3905 3399 laudatur,

2410 3426 2580 3506 quod
2626 3425 2763 3507 ipse
2806 3424 3002 3498 solus,
3045 3424 3155 3505 qui
3201 3424 3425 3506 nequit
3470 3423 3733 3487 humani
3779 3442 3907 3485 ser-

2411 3522 2619 3586 monis
2669 3523 2939 3605 penuria
2995 3523 3095 3585 vel
3154 3522 3400 3585 modice
3448 3521 3907 3605 comprehendi

2408 3627 2520 3683 aut
2546 3620 2844 3703 exprimi,
2878 3620 2983 3682 vix
3014 3639 3051 3681 a
3080 3619 3477 3701 sapientibus
3506 3619 3683 3693 viris,
3708 3638 3907 3702 quum

2410 3738 2477 3782 se
2525 3719 2742 3801 vigore
2788 3719 2987 3781 animi
3034 3725 3343 3801 quantum
3394 3718 3701 3800 possibile
3740 3724 3839 3781 est
3872 3738 3911 3781 a

2410 3836 2675 3900 corpore
2702 3818 3145 3891 abstraxerint,
3160 3816 3652 3899 contemplatur3
3678 3817 3911 3899 ipsum-

2408 3935 2534 3999 que
2566 3916 2885 3979 interdum
2928 3915 3105 3979 velut
3147 3915 3210 3978 in
3255 3915 3582 3978 altissimis
3628 3916 3909 3980 tenebris

2408 4015 2817 4098 rapidissimo
2844 4015 3306 4088 coruscamine,
3341 4014 3538 4077 instar
3566 4034 3908 4097 supercan-

2408 4114 2726 4177 didissimi
2760 4113 3021 4176 luminis
3054 4113 3458 4176 intermicare
3483 4130 3497 4175 :
3520 4114 3689 4196 quod
3720 4114 3909 4197 plane

801 4217 1062 4280 modum
1096 4213 1516 4295 intelligendi,
1547 4213 1679 4295 jam
1723 4213 1788 4274 in
1830 4212 1949 4275 ista
1980 4212 2297 4276 solutione
2327 4214 2378 4278 D
2410 4231 2535 4275 non
2568 4212 2690 4275 nisi
2724 4212 2786 4273 in
2824 4231 2982 4294 pura
3011 4219 3074 4274 et
3106 4211 3385 4274 maxima
3418 4232 3457 4274 a
3494 4212 3741 4276 cunctis
3772 4232 3908 4277 cor-

799 4324 896 4379 est
925 4314 1175 4377 fallacia
1207 4310 1532 4395 petitionis
1562 4310 2026 4394 principii.Hoc
2057 4311 2299 4393 quippe

800 4419 994 4477 restat
1034 4411 1457 4494 probandum,
1489 4410 1658 4492 quod
1699 4409 1914 4471 anima
1958 4410 2160 4491 possit
2202 4428 2297 4471 se-

800 4511 1010 4596 parari
1047 4528 1084 4573 a
1123 4526 1387 4591 corpore
1408 4525 1425 4587 ;
1461 4526 1576 4570 nec
1612 4516 1820 4590 potest
1865 4507 2139 4589 probari,
2172 4508 2296 4571 nisi

802 4611 1110 4694 probetur
1128 4608 1297 4692 quod
1328 4607 1640 4670 exsistens
1663 4608 1728 4669 in
1761 4624 2048 4689 corpore,
2068 4606 2301 4670 habeat

797 4710 1116 4773 actionem
1169 4708 1232 4769 in
1275 4725 1400 4791 qua
1448 4724 1575 4770 non
1617 4705 2052 4769 communicet
2087 4724 2298 4788 neque

800 4815 1139 4873 concurrat
1167 4824 1400 4888 corpus
1439 4824 1552 4869 seu
1593 4804 1798 4868 virtus
1837 4805 2155 4887 organica,
2188 4812 2299 4868 aut

799 4926 1026 4971 sensus
1071 4905 1334 4969 interior
1373 4923 1448 4967 ac
1492 4904 1884 4986 phantasma.

880 5004 1166 5077 Interim,
1201 5003 1593 5086 praeinducta
1637 5003 1847 5083 magni
1881 5009 1945 5066 et
1975 5000 2299 5064 divinissi-

801 5105 890 5169 mi
921 5102 1262 5168 auctoritas
1301 5100 1584 5184 Dionysii
1631 5101 1802 5183 ipsos
1846 5118 1974 5163 non
2014 5100 2294 5180 adjuvat.

802 5204 1058 5268 Certum
1109 5208 1206 5263 est
1253 5198 1577 5281 equidem,
1621 5199 1788 5281 quod
1841 5198 2142 5281 princeps
2191 5196 2301 5259 ille

804 5300 1246 5382 theologorum
1302 5296 1588 5360 docuerit
1645 5313 1760 5360 nos
1805 5296 1884 5359 ad
1933 5294 2301 5359 divinorum

2410 4310 2622 4394 poreis
2652 4310 3081 4374 abstractione
3128 4309 3469 4392 peragitur.
3504 4310 3635 4373 Hoc
3672 4319 3737 4373 et
3774 4311 3911 4374 Ari-

2410 4410 2667 4475 stoteles
2725 4409 3011 4490 tetigisse
3071 4409 3347 4484 videtur,
3408 4408 3681 4473 dicendo
3737 4412 3907 4491 quod

2410 4510 2540 4572 vita
2569 4516 2785 4572 nostra
2824 4508 3167 4591 aliquando
3203 4508 3281 4569 ad
3328 4514 3721 4570 momentum
3764 4509 3909 4571 talis

2409 4615 2526 4683 est,
2560 4607 2767 4691 qualis
2796 4606 3179 4671 aeternaliter
3207 4615 3305 4669 est
3331 4606 3461 4669 vita
3501 4606 3693 4689 primi
3734 4608 3907 4690 prin-

2408 4725 2583 4789 cipn.

2487 4805 2941 4867 Verumtamen
2990 4801 3049 4865 S.
3102 4802 3375 4865 Thomas
3426 4802 3491 4865 in
3541 4802 3723 4866 libris
3770 4804 3906 4866 suis

2410 4901 2763 4984 saepissime
2812 4900 3066 4974 fatetur,
3116 4898 3443 4963 hominem
3496 4900 3562 4963 in
3610 4901 3729 4963 hac
3776 4902 3905 4964 vita

2412 5000 2769 5081 intelligere
2844 5016 2972 5062 non
3052 5016 3237 5080 posse
3310 4997 3434 5061 nisi
3516 5000 3905 5082 speculando

2414 5098 2872 5180 phantasmata.
2907 5097 3041 5159 Imo
3073 5096 3137 5159 in
3170 5096 3420 5178 Scripto
3458 5098 3721 5160 secundi
3753 5097 3905 5161 l'ate-
3954 5116 4208 5170 cs.t.xx1.

2413 5205 2538 5270 tur,
2557 5202 2835 5258 mentem
2868 5195 3213 5258 humanam
3245 5193 3323 5258 ab
3352 5194 3579 5276 angelo
3608 5212 3735 5259 non
3768 5214 3905 5278 pos·
3934 5180 4208 5233 ΗΕΘΜ·

2416 5314 2485 5359 se
2541 5293 2911 5357 immediate
2969 5292 3505 5357 illuminationem
3550 5312 3625 5357 ac
3672 5295 3907 5359 revela-
