4300 6259
576 2625 649 2668 lib.
680 2626 711 2676 Ι,
737 2631 819 2669 art.

853 437 973 504 506

1426 465 1504 510 131²:
1545 465 1771 514 LUfflNE
1813 465 2196 514 cumsssANAE
2238 469 2537 528 TnssomAE,
2581 469 2757 517 LIBER
2801 470 2861 518 11.
2908 489 2987 501 ·-
3027 473 3168 519 ΛΒΤ.
3211 473 3398 520 XCVIII

858 647 1123 714 corpore
1167 635 1382 710 sentit,
1428 644 1493 700 et
1532 657 1661 720 quo
1704 639 2066 722 disponitur
2110 641 2178 704 in
2227 660 2356 705 cor·
2383 641 2436 704 Α
2543 642 2756 718 Porr0,
2789 642 3020 708 animae
3063 665 3207 728 quae
3253 645 3584 728 purgabile
3625 645 3934 730 quidpiam

858 747 1033 812 pore.
1090 733 1330 816 Corpus
1375 744 1590 800 autem
1636 738 1867 802 animae
1919 740 2173 802 unitum
2231 748 2350 814 est,

860 837 930 890 ut
979 850 1093 912 per
1142 833 1353 915 ipsum
1399 837 1475 898 ad
1520 836 1721 900 finem
1770 839 1989 900 tendat
2034 847 2095 900 et
2158 841 2348 922 profi-

858 929 1001 991 ciat.
1037 931 1198 993 Dum
1230 933 1425 1014 igitur
1452 953 1487 996 a
1518 953 1783 1016 corpore
1815 945 2101 1019 separata
2130 939 2160 1000 f
2165 939 2349 1013 uerit,

858 1044 985 1089 non
1015 1029 1288 1110 amplius
1310 1031 1492 1094 novis
1514 1033 2043 1116 dispositionibus
2074 1053 2355 1098 commu-

855 1125 1115 1200 tabitur,
1152 1129 1261 1190 sed
1301 1129 1367 1191 in
1399 1130 1508 1193 illa
1536 1131 1953 1214 dispositione
1995 1135 2354 1198 remanebit

858 1223 921 1285 in
981 1244 1108 1306 qua
1162 1227 1477 1303 discessit,
1529 1237 1592 1291 et
1648 1231 1715 1293 in
1775 1232 1885 1294 illo
1934 1233 2353 1297 immobiliter

854 1321 1143 1403 quiescet
1186 1325 1263 1386 ad
1313 1327 1485 1408 quod
1534 1347 1601 1390 se
1649 1329 1818 1392 sicut
1862 1331 1941 1392 ad
2000 1331 2196 1394 finale
2249 1333 2353 1396 de-

854 1418 1204 1483 sideratum
1255 1422 1544 1488 ultimate
1587 1429 1903 1490 convertit
1951 1430 2015 1491 in
2059 1449 2346 1512 corpore.

853 1515 999 1579 Post
1040 1519 1233 1583 vitam
1284 1522 1479 1604 igitur
1519 1525 1684 1587 hanc
1732 1545 1860 1590 non
1908 1529 2030 1590 erit
2074 1529 2138 1591 in
2185 1537 2351 1592 statu

855 1623 927 1676 ut
954 1617 1031 1679 ad
1069 1618 1269 1682 finem
1305 1631 1654 1699 moveatur,
1688 1627 1799 1689 sed
1831 1635 1901 1689 ut
1931 1627 1997 1688 in
2029 1627 2203 1690 illius
2245 1630 2350 1691 de-

855 1715 1091 1781 siderio
1134 1738 1389 1803 semper
1431 1722 1563 1785 fixa
1606 1725 1690 1786 sit
1734 1725 1812 1786 ad
1861 1727 2030 1808 quod
2080 1747 2147 1789 se
2197 1726 2354 1790 fina-

856 1813 999 1878 liter
1042 1821 1394 1899 separanda
1434 1824 1767 1886 convertit.

936 1915 1241 1998 Denique,
1301 1921 1471 2001 quod
1540 1922 1832 1985 voluntas
1893 1923 1957 1985 in
2014 1924 2352 1987 animabus

856 2014 1091 2076 sanctis
1122 2024 1268 2097 post
1307 2026 1575 2081 mortem
1617 2020 1739 2082 erit
1784 2021 2348 2096 incommutabiliS‚

852 2119 915 2174 et
944 2112 1073 2174 fixa
1104 2114 1167 2176 in
1199 2115 1516 2180 desiderio
1545 2125 1608 2179 et
1647 2137 1862 2181 amore
1902 2119 2075 2194 boni,
2110 2120 2350 2202 specia-

852 2209 1021 2273 libus
1072 2213 1425 2277 rationibus
1474 2216 1701 2279 deduci
1752 2226 1976 2300 potest.
2020 2219 2351 2282 Beatitudo

851 2309 1024 2371 enim
1066 2318 1163 2372 est
1202 2312 1558 2393 perfectum
1589 2315 1854 2389 bonum,
1888 2323 1951 2378 et
1992 2317 2133 2379 ideo
2171 2336 2352 2379 secu-

852 2408 1103 2468 ritatem
1163 2408 1549 2492 plenamque
1596 2412 2059 2476 sufficientiam
2108 2415 2346 2496 exigit;

850 2503 949 2566 sin
998 2513 1235 2582 autem,
1285 2509 1640 2591 appetitum
1693 2519 2063 2574 contentum
2115 2533 2350 2595 nequa-

851 2623 1043 2685 quam
1074 2605 1321 2670 efficiet
1352 2625 1365 2668 :
1400 2610 1569 2690 quod
1610 2611 1906 2692 superius
1950 2613 2346 2674 destructum

610 2704 633 2730 V
667 2703 775 2734 Μ’·
850 2712 964 2765 est.
1008 2703 1075 2766 In
1121 2704 1328 2768 Beatis
1377 2726 1527 2788 ergo
1569 2716 1667 2770 est
1710 2710 2017 2772 securitas
2058 2718 2122 2773 et
2166 2712 2348 2774 suffi-

579 4393 703 4438 lCor

558 4460 617 4500 ¹2.

849 2803 1099 2865 cientia.
1118 2805 1238 2867 Sed
1271 2805 1324 2866 si
1356 2805 1641 2887 ipsorum
1674 2807 1966 2871 voluntas
1996 2811 2072 2871 ad
2109 2810 2348 2873 malum

848 2901 1165 2964 vertibilis
1210 2912 1397 2976 esset,
1442 2904 1669 2967 timere
1717 2915 1977 2988 possent
2022 2927 2103 2970 ne
2153 2929 2347 2990 quan-

2465 760 2685 805 secum
2734 741 3053 817 deferunt,
3106 745 3390 808 nondum
3437 745 3685 808 scilicet
3729 746 3936 827 purifi-

2465 847 2618 904 catae
2668 841 2732 903 in
2781 840 2912 904 vita
2958 842 3098 918 hac,
3151 861 3281 906 non
3326 851 3540 906 tamen
3592 844 3658 906 in
3708 843 3935 906 mortali

2465 939 2735 1002 crimine
2776 940 3180 1016 decedenteS,
3215 943 3280 1004 in
3326 942 3461 1005 fine
3505 962 3542 1004 a
3585 942 3786 1005 beatis
3822 943 3938 1004 ani-

2465 1037 2689 1100 mabus
2749 1057 2876 1102 non
2927 1039 3260 1116 differunt,
3313 1041 3463 1122 quia
3509 1059 3657 1104 cum
3701 1041 3940 1103 caritate

2464 1146 2840 1217 separantur
2871 1155 2885 1200 τ
2922 1139 3194 1221 ideoque
3225 1139 3643 1203 immobiliter
3680 1141 3807 1202 Deo
3841 1159 3942 1221 per

2463 1234 2770 1297 affectum
2822 1237 3151 1301 inhaerent.
3207 1239 3570 1312 Enimvero,
3620 1257 3816 1320 quum
3862 1257 3944 1300 re-

2460 1333 2810 1417 proborum
2840 1337 3069 1400 animae
3103 1338 3166 1399 in
3203 1337 3452 1400 mortali
3497 1337 3772 1400 crimine
3809 1337 3942 1398 hinc

2462 1433 2712 1507 abeant,
2760 1435 3010 1497 mortali
3057 1444 3271 1499 autem
3323 1436 3578 1498 crimini
3628 1435 3946 1517 sempiter-

2464 1550 2544 1593 na
2575 1549 2764 1613 poena
2800 1532 3070 1596 debetur
3096 1536 3316 1614 (omne
3346 1535 3588 1617 quippe
3623 1541 3942 1616 peccatum

2462 1637 2559 1692 est
2624 1631 2873 1694 aversio
2937 1633 3226 1714 quaedam
3295 1633 3529 1696 mentis
3593 1652 3634 1695 a
3690 1633 3837 1706 Dec,
3890 1641 3946 1694 et

2463 1728 2795 1791 conversio
2843 1729 2908 1791 in
2959 1729 3022 1791 id
3071 1731 3243 1812 quod
3281 1731 3592 1793 veraciter
3633 1731 3946 1812 appetenti

2377 1823 2424 1886 B
2465 1843 2590 1888 non
2631 1827 2929 1908 expedit),
2962 1828 3044 1890 ob
3077 1828 3163 1901 id,
3195 1847 3386 1892 omne
3425 1836 3764 1911 peccatum
3801 1829 3948 1892 ordi-

2463 1943 2611 1986 nem
2644 1926 2906 1988 rationis
2937 1935 3164 1989 creatae
3201 1927 3280 1990 ad
3314 1928 3510 1990 Deum
3553 1928 3949 2009 quodammo-

2462 2025 2542 2086 do
2601 2023 2863 2106 perimit
2911 2031 2974 2086 et
3023 2024 3208 2088 tollit.
3263 2025 3384 2088 Sed
3433 2025 3686 2088 veniale
3738 2043 3946 2107 peeca-

2461 2129 2600 2183 tum
2658 2121 3104 2202 hujuscemodi
3165 2123 3456 2186 ordinem
3519 2141 3649 2186 non
3709 2123 3948 2205 penitus

2461 2218 2691 2293 aufert,
2725 2221 2836 2281 sed
2883 2221 3116 2302 partim
3163 2221 3413 2284 minuit.
3449 2220 3710 2284 Mortale
3751 2228 3948 2283 autem

2463 2324 2797 2396 peccatum
2856 2317 3146 2380 ordinem
3208 2319 3404 2381 istum
3454 2337 3719 2401 prorsus
3773 2318 3945 2388 tollit,

2462 2422 2526 2476 et
2590 2417 2919 2478 caritatem
2987 2417 3356 2482 omnimode
3421 2417 3796 2498 exstinguit,
3853 2417 3944 2478 cui

2462 2512 2580 2575 soli
2639 2513 2916 2576 coelestis
2984 2515 3311 2578 beatitudo
3387 2516 3775 2597 repromissa
3841 2523 3943 2576 est.

2461 2611 2798 2694 Propterea
2837 2613 3088 2675 mortali
3130 2613 3387 2676 crimini
3429 2623 3740 2696 perpetua
3777 2632 3948 2696 poena

2461 2709 2748 2772 debetur.
2823 2710 3128 2774 Voluntas
3205 2729 3358 2794 ergo
3428 2713 3814 2775 miserorum
3877 2711 3948 2772 ad

2460 2808 2660 2871 Deum
2693 2809 3132 2872 convertibilis
3161 2827 3290 2873 non
3323 2819 3420 2873 est
3453 2828 3467 2872 :
3501 2810 3555 2872 si
3599 2811 3780 2873 enim
3823 2827 3950 2872 con-

2460 2907 2778 2969 vertibilis
2823 2915 3010 2982 esset,
3060 2908 3317 2972 liberari
3363 2917 3638 2991 possent.

848 3000 1058 3082 doque
1088 3000 1167 3062 ab
1199 3003 1421 3064 ordine
1454 3011 1625 3065 recto
1663 3014 2122 3080 averterentur,
2156 3015 2346 3089 atque
2377 3010 2420 3074 C
2540 3007 2866 3079 Praeterea,
2919 3007 3058 3070 sine
3116 3007 3317 3088 gratia
3373 3025 3562 3070 nemo
3617 3008 3703 3070 ad
3762 3009 3944 3070 Deum

848 3117 963 3180 per
1000 3099 1121 3160 hoc
1163 3100 1456 3182 adeptam
1506 3101 1770 3181 gloriam
1824 3105 2181 3185 perderent.
2226 3106 2346 3168 Ad-

847 3197 994 3270 huc,
1028 3198 1198 3279 quod
1231 3199 1486 3261 beatum
1518 3209 1634 3275 est,
1661 3220 1783 3264 non
1816 3203 2093 3284 amplius
2124 3212 2344 3266 natum

847 3302 943 3356 est.
976 3295 1217 3357 moveri
1248 3297 1324 3358 ad
1360 3298 1582 3370 finem,
1616 3300 1727 3361 sed
1762 3300 1853 3362 illi
1887 3301 2169 3382 perfecte
2209 3303 2346 3365 uni-

846 3402 983 3455 tum
1026 3402 1141 3456 est.
1188 3396 1249 3457 Si
1304 3415 1580 3479 namque
1631 3399 1913 3462 nondum
1969 3401 2155 3482 plene
2207 3403 2344 3463 uni-

848 3501 984 3555 tum
1017 3493 1101 3555 sit
1132 3493 1359 3557 ultimo
1392 3495 1532 3569 fini,
1567 3497 1841 3559 necdum
1885 3498 2343 3563 beatitudinem

845 3591 1147 3672 adeptum
1180 3599 1292 3654 est.
1326 3593 1571 3658 Animae
1602 3613 1752 3675 ergo
1782 3615 1923 3677 quae
1961 3616 2107 3659 vere
2147 3598 2347 3662 beatae

846 3698 1016 3762 sunt,
1050 3692 1246 3754 averti
1294 3701 1642 3775 nequeunt,
1678 3694 1783 3756 sed
1826 3695 2140 3759 stabiliter
2179 3717 2348 3758 sum-

850 3805 954 3850 mo
1002 3789 1169 3851 bono
1221 3791 1531 3873 copulatae
1583 3801 2008 3874 perseverant.
2060 3797 2141 3856 At
2197 3815 2348 3858 vero

848 3895 1184 3969 peccatum
1216 3889 1561 3952 voluntatis
1590 3909 1667 3952 ex
1698 3910 1911 3954 errore
1943 3894 2214 3975 quodam
2255 3896 2348 3956 in-

848 3986 1142 4049 tellectus
1182 3989 1466 4050 nascitur
1499 4008 1511 4051 :
1546 3989 1873 4071 objectum
1912 3994 2085 4054 enim
2126 3993 2350 4056 volun-

849 4085 995 4147 tatis
1051 4094 1148 4148 est
1205 4086 1445 4149 bonum
1504 4089 1944 4169 intellectum3
2004 4110 2116 4153 nec
2176 4092 2350 4155 aliud

2459 3105 2867 3168 convertitur.
2894 3105 3218 3167 Fiduciam
3250 3105 3518 3187 (inquit)
3542 3106 3742 3168 talem
3772 3105 3946 3167 habe·
3992 3117 4162 3160 arcana

2461 3223 2603 3267 mus
2661 3203 2739 3264 ad
2798 3203 3024 3276 Deum,
3077 3221 3203 3266 non
3265 3205 3434 3286 quod
3493 3223 3724 3266 sumus
3779 3185 4050 3266 sutri-*¹³

2459 3303 2699 3364 cientes
2749 3301 3024 3383 cogitare
3070 3302 3313 3384 aliquid
3358 3303 3792 3384 (meritorium
3842 3301 3948 3364 sci-

2459 3401 2635 3482 licet)
2700 3419 2736 3462 a
2802 3399 2988 3463 nobis
3055 3409 3360 3483 tanquam
3427 3420 3504 3464 ex
3570 3401 3781 3464 nobis.
3841 3401 3950 3464 Sed

2459 3497 2716 3580 reprobi
2758 3517 2794 3560 a
2835 3499 3039 3578 gratia
3067 3499 3324 3580 penitus
3369 3499 3757 3562 excludendi
3795 3506 3949 3565 sunt,

2460 3597 3004 3678 quemadmodum
3050 3604 3114 3658 et
3149 3597 3323 3659 Beati
3363 3598 3539 3660 omni
3585 3597 3790 3679 gratia
3826 3615 3952 3679 per·

2459 3695 2626 3758 fecte
2676 3695 3134 3777 implebuntur.
3179 3696 3442 3759 Minime
3489 3715 3643 3778 ergo
3685 3695 3950 3759 converti

2461 3793 2802 3857 valebunt:
2833 3793 3304 3857 constituerunt
3340 3813 3574 3877 nempe
3615 3795 3742 3858 sibi
3783 3795 3844 3858 in
3875 3795 3952 3855 vi·

2461 3901 2522 3956 ta
2567 3893 2864 3975 praesenti
2907 3893 3198 3955 omnium
3243 3893 3709 3957 desideriorum
3753 3902 3814 3957 et
3857 3893 3954 3955 bo·

2461 4011 2690 4054 norum
2741 4009 3004 4054 suorum
3043 3991 3270 4066 finem,
3315 3992 3379 4054 in
3428 3993 3710 4075 quodam
3747 4013 3784 4054 a
3819 4009 3955 4054 vero

2463 4091 2630 4154 bono
2661 4090 2833 4172 ipsos
2862 4097 3208 4153 avertente.
3256 4090 3434 4153 Licet
3473 4111 3754 4174 namque
3785 4090 3954 4154 ratio·

849 4182 1171 4258 volumuS,
1224 4185 1348 4246 nisi
1400 4186 1460 4247 id
1524 4187 1736 4268 ipsum
1794 4187 1877 4249 sit
1934 4188 2197 4262 bonum,
2250 4190 2430 4255 vell)
2465 4188 2628 4251 nalis
2673 4196 2962 4250 creatura
3003 4188 3381 4251 naturaliter
3427 4189 3747 4253 desideret
3789 4191 3956 4252 beata

846 4283 1184 4357 veraciter,
1219 4284 1321 4345 vel
1369 4291 1540 4346 certe
1585 4295 1984 4367 apparenter.
2029 4287 2200 4350 Beati
2247 4308 2352 4350 au—

707 4409 819 4446 .xm‚
853 4387 980 4442 tem
1015 4390 1403 4462 cognoscunt
1450 4384 1673 4456 Deum,
1708 4401 1833 4445 non
1873 4385 2005 4465 jam
2053 4405 2168 4467 per
2213 4406 2352 4468 spe-

853 4478 1070 4540 culum
1112 4486 1175 4541 et
1214 4479 1279 4541 in
1328 4479 1685 4560 aenigmate,
1728 4481 1837 4543 sed
1888 4484 2101 4564 specie
2143 4491 2350 4558 tenuS,

830 4594 966 4657 ·per
1003 4578 1368 4650 essentiam,
1402 4585 1465 4639 et
1505 4577 1693 4639 sicuti
1736 4579 1971 4660 cogniti
2011 4589 2181 4654 sunt,
2217 4601 2354 4663 per-

850 4674 1017 4738 fecte
1062 4675 1382 4750 videlicet‚
1418 4685 1480 4739 et
1525 4695 1651 4739 non
1696 4697 1773 4740 ex
1820 4686 2019 4759 parte,
2054 4681 2355 4762 quemad-

852 4775 1114 4836 modum
1190 4775 1448 4836 divinus
1526 4783 1917 4839 contestatur
1990 4777 2350 4860 Apostolus

850 4874 1359 4954 Apprehendunt
1418 4893 1567 4955 ergo
1626 4876 1825 4938 Deum
1885 4877 2052 4939 sicut
2112 4878 2352 4941 fontem

854 4979 915 5033 et
955 4971 1283 5052 objectum
1323 4973 1517 5036 totius
1558 4973 1991 5049 beatitudiniS‚
2026 4976 2353 5039 fontanam

854 5071 1609 5154 incircumscriptamque
1667 5073 2040 5147 bonitatem,
2093 5082 2157 5137 et
2217 5077 2354 5138 uni-

855 5186 1054 5232 versae
1085 5169 1643 5232 desiderabilitatis
1672 5170 1903 5232 fontale
1945 5172 2351 5254 principium.

856 5265 1231 5330 Nullatenus
1271 5267 1465 5348 igitur
1506 5267 1587 5329 ab
1630 5268 1769 5350 ipso
1816 5269 2017 5331 averti
2064 5280 2350 5352 possunt.

2465 4286 2664 4360 effici,
2711 4294 2974 4348 eatenus
3026 4287 3270 4369 utique,
3316 4296 3387 4348 ut
3435 4307 3554 4350 nec
3601 4291 3950 4372 oppositum

2465 4385 2659 4465 hujus
2703 4385 3063 4447 desiderare
3103 4394 3314 4467 queat,
3359 4386 3562 4450 nihilo
3603 4389 3818 4450 minus
3853 4406 3956 4468 per

2468 4483 2862 4546 voluntatem
2903 4483 2983 4545 ab
3023 4482 3134 4545 illo
3173 4483 3428 4547 deflecti
3478 4493 3692 4567 potest
3733 4487 3797 4548 in
3842 4503 3955 4567 quo

2465 4601 2616 4646 vera
2658 4581 3002 4663 finalisque
3053 4582 3256 4664 ipsius
3304 4582 3578 4646 felicitas
3627 4585 3956 4648 constituta

2468 4688 2611 4743 est:
2646 4680 2799 4741 dum
2839 4679 3140 4743 videlicet
3185 4681 3248 4742 id
3295 4681 3360 4743 in
3407 4701 3534 4764 quo
3577 4702 3732 4746 vera
3775 4682 3954 4746 beati-

2466 4780 2622 4841 tudo
2651 4778 2964 4851 consistit,
3000 4796 3126 4840 non
3171 4781 3678 4860 apprehenditur
3715 4781 3834 4844 sub
3873 4801 3956 4842 ra-

2465 4877 2636 4939 tione
2683 4875 3122 4948 beatitudiniS,
3166 4878 3277 4938 sed
3329 4878 3504 4940 aliud
3552 4879 3856 4960 quiddam
3899 4879 3956 4940 in

2465 4993 2592 5058 quo
2641 4974 2911 5037 affectus
2962 4974 3322 5038 inordinate
3371 4975 3618 5056 figitur,
3665 4985 3954 5060 tanquam

2466 5094 2631 5138 verae
2661 5072 2985 5136 felicitatis
3015 5073 3344 5155 objectum
3372 5075 3730 5157 accipitur:
3755 5095 3958 5158 quem·

2465 5172 2808 5236 admodum
2842 5172 2906 5234 in
2938 5171 3036 5234 his
3076 5172 3385 5235 elucescit
3423 5174 3534 5256 qui
3577 5175 3642 5237 in
3685 5176 3955 5256 volupta-

2466 5271 2640 5334 tibus
2680 5277 2744 5333 et
2781 5270 2968 5333 bonis
3007 5271 3218 5334 carnis
3258 5271 3634 5336 felicitatem
3679 5271 3802 5336 sibi
3845 5280 3952 5335 sta-
