4300 6259
867 485 990 552 342

1427 507 1507 554 DE
1548 507 1775 554 mmm:
1816 506 2199 554 cums'rtANAE
2240 505 2541 562 THEOmAE,
2585 505 2761 552 mmm
2802 506 2844 552 1.
2890 525 2971 535 —
3012 507 3149 553 Am.
3196 505 3422 552 Lxxxlx

871 675 1046 739 sibili
1096 676 1345 760 corpori
1396 685 1462 741 et
1508 677 1819 761 corporali
1871 676 2149 740 materiae
2199 675 2368 738 uniri
2401 673 2453 738 A
2484 674 2907 739 immateriale
2952 683 3067 738 est.
3120 674 3413 759 Operatio
3459 683 3665 738 autem
3716 669 3965 736 intelle-

873 775 1196 838 mediante
1226 776 1543 860 spirituali
1574 776 1849 858 quadam
1884 774 2167 838 materia.

951 873 1124 936 Hanc
1169 873 1433 956 insuper
1477 873 1860 956 positionem
1909 873 2265 935 defendunt
2310 877 2375 934 et

871 970 980 1033 alii
1031 971 1213 1034 multi
1264 990 1278 1034 ε
1325 991 1401 1035 ex
1448 972 1566 1035 hoc
1615 979 2155 1054 argumentantes,
2203 971 2372 1053 quod

873 1070 1154 1133 materiae
1183 1078 1280 1132 est
1311 1070 1462 1152 pati,
1497 1071 1728 1133 variari
1759 1079 1824 1134 et
1853 1071 2118 1144 moveri,
2154 1069 2374 1132 formae

871 1187 1023 1231 vero
1078 1187 1266 1250 agere
1323 1177 1386 1232 et
1447 1188 1724 1244 movere,
1777 1177 1842 1232 et
1892 1169 2247 1232 secundum
2306 1187 2373 1230 se

873 1266 1320 1330 invariabilem
1373 1287 1534 1342 esse,
1563 1276 1656 1330 ‘ut
1703 1269 1792 1330 ait
1839 1265 2181 1332 GilbertuS.
2232 1265 2376 1330 Ubi-

874 1383 1151 1447 cumque
1181 1383 1332 1448 ergo
1366 1366 1786 1429 inveniuntur
1814 1366 1948 1429 haec
1980 1364 2219 1438 omnia,
2244 1364 2375 1426 illic

876 1470 1026 1525 sunt
1064 1462 1272 1526 forma
1310 1472 1375 1526 et
1412 1464 1694 1527 materia.
1728 1464 1901 1528 Nihil
1944 1464 2120 1526 enim
2167 1471 2381 1525 movet

879 1579 947 1623 se
992 1561 1204 1644 ipsum
1255 1563 1464 1643 primo
1508 1571 1572 1624 et
1615 1563 1967 1625 secundum
2014 1563 2185 1624 idem
2230 1579 2243 1623 :
2286 1562 2378 1623 sic

880 1679 1156 1742 namque
1200 1660 1370 1724 idem
1419 1661 1481 1722 in
1528 1669 1838 1743 quantum
1879 1661 2072 1735 idem,
2106 1668 2272 1722 esset
2313 1659 2377 1720 in

878 1765 1022 1820 actu
1069 1767 1133 1820 et
1177 1759 1479 1841 potentia.
1515 1758 1940 1840 Intelligentia
1981 1766 2195 1820 autem
2243 1777 2379 1819 mu-

2482 775 2649 836 ctiva
2679 782 2775 837 est
2806 774 3323 837 immaterialium
3351 791 3365 836 ε
3398 773 3552 856 quia
3581 789 3695 855 quo
3720 769 3967 852 aliquid

2482 873 2971 936 immaterialius
3015 872 3213 936 fuerit
3256 881 3320 936 et
3360 871 3731 954 simpliciuS,
3769 886 3850 932 eo
3894 887 3969 930 ex

2484 979 2706 1035 natura
2746 971 2837 1034 rei
2882 979 2979 1034 est
3019 971 3513 1053 intelligibilius.
3546 970 3697 1034 Nam
3734 977 3793 1031 et
3832 985 3971 1028 sen-

2484 1070 2718 1143 sibilia,
2770 1077 2831 1132 et
2875 1077 3135 1152 quanta,
3180 1078 3245 1132 et
3294 1068 3669 1153 corporalia,
3712 1085 3829 1130 non
3882 1065 3975 1126 in·

2482 1169 2862 1250 telliguntur
2906 1169 3027 1230 nisi
3071 1187 3185 1250 per
3226 1167 3723 1230 abstractionem
3760 1183 3793 1228 a
3844 1182 3974 1225 ma—

2484 1268 2644 1330 teria
2701 1274 2765 1330 et
2818 1267 3095 1330 materiae
3144 1266 3545 1348 appendiciis
3598 1283 3612 1326 :
3664 1262 3973 1345 singulare

2486 1384 2785 1447 namque,
2838 1367 2993 1428 dum
3044 1365 3347 1444 sentitur3
3400 1362 3754 1426 universale
3794 1376 3971 1432 vero,

2486 1465 2638 1526 dum
2694 1463 3090 1546 intelligitur,
3146 1463 3501 1525 secundum
3554 1459 3973 1530 Aristotelem,

2486 1562 2827 1624 Averroem
2898 1569 2962 1624 et
3026 1561 3338 1623 Boetium.
3403 1561 3701 1643 Separata
3762 1565 3973 1620 autem

2488 1669 2637 1722 sunt
2687 1679 2799 1744 per
2848 1679 2916 1722 se
2966 1658 3417 1741 intelligibilia.
3466 1659 3721 1722 Constat
3764 1655 3979 1736 igitur,

2490 1759 2655 1840 quod
2689 1777 2767 1820 ex
2799 1765 2975 1839 parte
3007 1756 3435 1837 intelligibilis
3476 1774 3605 1818 non
3642 1754 3985 1836 requiritur

879 1863 1046 1919 tatur
1075 1857 1153 1919 de
1183 1875 1314 1919 uno
1354 1857 1678 1920 volitionis
1720 1865 1783 1920 et
1821 1856 2377 1938 contemplationis
2416 1858 2463 1920 B
2492 1858 2755 1920 materia
2787 1857 2852 1918 in
2886 1865 3109 1919 natura
3150 1856 3533 1918 intellectus.
3570 1855 3691 1918 Sed
3730 1871 3987 1916 necesse

877 1962 1024 2016 actu
1085 1955 1151 2016 in
1208 1954 1428 2017 alium.
1491 1955 1743 2018 Mobilis
1801 1956 1992 2018 etiam
2051 1962 2169 2029 est,
2232 1954 2381 2016 licet

879 2053 1278 2115 instantaneo
1309 2053 1634 2115 dumtaxat
1667 2060 1843 2116 motu
1882 2071 1894 2114 ε
1930 2060 2027 2116 est
2065 2070 2215 2136 ergo
2256 2071 2381 2114 ma-

879 2151 1104 2212 teriam
1163 2151 1423 2213 habens.
1480 2151 1556 2212 Et
1615 2151 1666 2214 si
1729 2153 1978 2214 dicatur
2033 2151 2147 2224 eis,
2211 2150 2379 2231 quod

881 2249 1227 2330 corporalis
1279 2257 1488 2312 motus
1535 2257 1598 2311 et
1639 2249 1849 2331 passio
1898 2249 2204 2311 naturalis
2256 2267 2382 2310 ma-

881 2345 1108 2407 teriam
1169 2346 1519 2427 requirant,
1570 2345 1815 2418 dicunt,
1876 2346 1951 2408 ad
2013 2353 2258 2408 motum
2319 2353 2381 2406 et

884 2443 1300 2505 mutationem
1361 2444 1899 2526 proportionalem
1958 2444 2124 2524 exigi
2188 2451 2380 2505 mate·

882 2541 1065 2603 riam.
1118 2542 1491 2622 Sicutergo
1538 2542 1616 2604 ad
1666 2543 2082 2623 temporalem
2134 2548 2378 2603 motum

881 2645 946 2702 et
975 2639 1303 2722 physicam
1338 2640 1696 2721 passionem
1738 2640 2084 2722 corporalis
2119 2640 2383 2702 materia

882 2736 1240 2799 necessaria
1286 2744 1403 2810 est,
1451 2735 1543 2798 sic
1585 2735 1809 2798 dicunt
1851 2737 1928 2798 ad
1981 2734 2377 2818 spiritualem

881 2834 1321 2908 mutationem,
1383 2834 1814 2916 receptionem
1874 2842 1937 2896 et
1993 2834 2379 2916 passionem,

881 2931 1281 3015 spiritualem
1333 2933 1575 3014 requiri
1627 2932 1980 2994 materiam.
2025 2931 2167 2993 Alia
2219 2949 2380 3012 pene

2491 1961 2587 2016 est
2617 1954 2921 2017 virtutem
2954 1954 3498 2036 proportionatam
3536 1970 3677 2015 esse
3714 1951 3987 2031 objecto,

2489 2061 2553 2115 et
2582 2053 3017 2135 susceptivum
3050 2060 3300 2134 oportet
3329 2052 3821 2134 correspondere
3850 2069 3990 2112 sus-

2491 2158 2675 2232 cepto
2711 2169 2723 2213 :
2758 2159 2934 2213 actus
2974 2151 3147 2214 enim
3188 2150 3545 2213 activorum
3592 2157 3741 2211 sunt
3778 2148 3841 2210 in
3886 2167 3989 2229 pa-

2490 2249 2689 2311 tiente
2748 2268 2858 2311 seu
2919 2248 3311 2332 suscipiente
3368 2247 3829 2331 praedisposito.
3892 2247 3987 2308 In-

2490 2347 2871 2410 tellectualis
2904 2365 3052 2428 ergo
3082 2347 3286 2408 virtus
3316 2347 3506 2410 etiam
3550 2345 3989 2408 immaterialis

2489 2454 2631 2508 est:
2667 2445 2968 2526 quoniam
3016 2444 3201 2506 aliter
3246 2445 3613 2526 susceptiva
3657 2460 3781 2505 non
3820 2451 3987 2505 esset

2490 2545 2849 2625 specierum
2882 2543 3397 2605 immaterialium
3441 2542 3895 2624 quidditatum,
3926 2548 3991 2601 et

2492 2653 2605 2723 per
2634 2658 3032 2723 consequens
3064 2660 3273 2723 neque
3304 2641 3687 2721 intelligeret
3724 2639 3991 2703 omnino

2490 2748 2825 2821 separata:
2867 2740 3038 2821 quod
3082 2741 3159 2802 de
3203 2740 3509 2822 separatis
3558 2737 3993 2801 intellectibus

2492 2845 2737 2900 constat
2782 2837 3009 2899 salsum
3056 2856 3213 2900 csse.

2572 2936 2895 3006 Praeterea,
2930 2935 3096 2998 sicut
3129 2936 3299 2997 calor
3329 2935 3749 3016 consequitur
3778 2933 3993 3014 ignem

883 3029 1141 3092 infinita
1188 3031 1624 3105 introducunt,
1669 3030 1924 3093 illorum
1976 3030 2085 3111 qui
2138 3047 2383 3111 praeno-
2418 3037 2461 3100 C
2492 3041 2555 3096 et
2608 3033 2715 3096 lux
2775 3035 2999 3108 solem,
3054 3035 3146 3095 sic
3205 3033 3582 3095 naturaliter
3630 3033 3997 3095 intellectus

885 3128 1111 3190 minati
1156 3136 1326 3202 sunt,
1363 3128 1598 3190 novelli
1644 3146 1970 3210 sequaces.

1179 3390 1669 3454 ARTICULUS
1716 3390 2090 3453 LXXXIX.

885 3531 972 3590 Ec
1031 3535 1122 3586 esc
1179 3529 1540 3602 disputatio
1598 3537 1826 3586 contra
1892 3529 2380 3602 praeinductam

965 3616 1379 3692 positionem,
1409 3625 1468 3675 et
1503 3617 1835 3676 rationum
1866 3618 2006 3694 ejus
2035 3619 2286 3676 solutio

1033 3812 1153 3876 AEC
1195 3813 1437 3894 quippe
1479 3811 1710 3895 positio
1751 3831 1959 3893 neque
1998 3812 2253 3875 subtilis
2289 3821 2385 3875 est

1062 3930 1272 3993 neque
1317 3928 1507 3988 vera3
1545 3918 1609 3972 et
1647 3910 1970 3973 Aristoteli
2021 3920 2085 3973 et
2135 3911 2383 3973 cunctis

881 4008 1318 4090 Peripateticis
1366 4007 1738 4070 melioribus
1783 4007 2112 4090 inaccepta
2158 4026 2171 4071 :
2216 4010 2382 4090 quod

884 4123 962 4168 ex
1013 4105 1132 4168 hoc
1182 4104 1518 4186 potissime
1567 4104 1890 4166 elucescit.
1939 4104 2164 4167 Forma
2210 4105 2384 4168 enim

2492 3132 2905 3212 consequitur
2976 3131 3543 3212 intelligentiarum
3618 3131 3903 3212 speciem
3978 3147 3993 3190 ε

2492 3237 2641 3292 sunt
2688 3229 2862 3291 enim
2912 3249 2949 3291 a
2994 3229 3314 3311 principio
3358 3228 3425 3290 in
3476 3236 3702 3290 natura
3746 3226 3995 3290 intelle·

2491 3334 2631 3389 ctus
2672 3327 2971 3410 perfecte.
3006 3327 3308 3390 Videmus
3346 3334 3559 3389 autem
3600 3327 3664 3388 in
3708 3327 3997 3388 humano

2494 3425 2845 3498 intellectu,
2887 3425 3038 3506 quia
3082 3443 3211 3488 non
3255 3431 3399 3505 eget
3442 3423 3710 3487 materia
3750 3423 3879 3485 nisi
3928 3424 3991 3485 in

2492 3530 2801 3604 quantum
2848 3541 2965 3606 per
3006 3541 3232 3585 sensus
3276 3522 3713 3602 intelligibiles
3754 3521 3997 3585 formas

2490 3620 2887 3703 adipiscitur.
2929 3621 3026 3682 llli
3067 3637 3219 3700 ergo
3255 3620 3619 3682 intellectus
3660 3619 3837 3681 nulla
3890 3639 3997 3682 ne-

2492 3719 2785 3781 cessitate
2827 3725 3015 3799 egent
3058 3718 3340 3780 materia.
3382 3719 3671 3800 Insuper,
3715 3736 3857 3781 esse
3904 3727 4005 3781 e-st

2494 3823 2754 3899 propter
2801 3833 2987 3896 agere
3031 3833 3045 3877 :
3097 3816 3247 3897 quia
3296 3835 3410 3898 per
3458 3815 3795 3890 actionem,
3842 3816 4005 3878 sinis

2493 3914 2659 3976 entis
2689 3913 3063 3995 acquiritur.
3098 3913 3219 3976 Sed
3254 3914 3319 3975 in
3358 3914 3535 3976 omni
3581 3913 4003 3977 intellectuali

2493 4011 2769 4074 essentia
2809 4008 3232 4091 intelligibilis
3272 4010 3556 4092 operatio
3598 4017 3695 4073 est
3737 4029 3811 4073 eo
3856 4031 4005 4092 per-

2494 4109 2722 4172 fectior
2768 4116 2831 4170 et
2879 4108 3239 4182 sublimior,
3292 4127 3421 4189 quo
3468 4109 3746 4170 essentia
3800 4127 4004 4189 agens

887 4211 984 4266 est
1013 4202 1166 4265 sinis
1200 4202 1477 4265 materiae
1512 4220 1525 4264 :
1561 4220 1687 4265 non
1728 4203 1966 4264 etenim
2009 4203 2227 4264 unitur
2265 4203 2385 4265 for·
2414 4208 2463 4269 D
2496 4205 2691 4268 suerit
2741 4204 3099 4287 simplicior
3132 4222 3147 4266 ι
3184 4205 3353 4266 sicut
3404 4205 3465 4266 in
3516 4205 3767 4268 cunctis
3812 4205 4006 4269 intel-

891 4320 996 4364 ma
1051 4301 1332 4363 materiae
1378 4300 1502 4361 nisi
1551 4307 1812 4383 propter
1859 4300 2094 4363 bonum
2141 4301 2383 4377 formae,

890 4417 1099 4481 neque
1141 4398 1358 4460 unitur
1395 4397 1600 4459 forma
1637 4399 1916 4461 materiae
1953 4398 2076 4461 nisi
2109 4399 2387 4480 indigeat

891 4516 983 4560 ea.
1019 4497 1086 4559 In
1129 4495 1307 4557 nulla
1345 4495 1518 4556 enim
1559 4495 1913 4557 substantia
1954 4504 2051 4558 est
2094 4499 2387 4577 ponenda

889 4595 1223 4679 pluralitas
1268 4593 1408 4655 sine
1456 4592 1717 4655 ratione.
1768 4593 2062 4675 Operatio
2109 4594 2385 4677 denique

885 4693 1096 4775 arguit
1123 4692 1418 4764 formam,
1451 4692 1803 4753 secundum
1834 4693 2197 4755 Averroem.
2228 4693 2385 4775 Ope-

884 4793 1044 4855 ratio
1082 4809 1361 4872 namque
1401 4788 1636 4852 indicat
1679 4797 1969 4852 naturam
2011 4793 2333 4873 operantis
2368 4810 2382 4855 :

883 4909 1032 4953 nam
1092 4889 1441 4970 unicuique
1497 4887 1768 4950 debetur
1813 4888 1980 4950 actio
2028 4891 2382 4953 secundum

883 4987 1256 5070 qualitatem
1296 4986 1585 5049 essentiae
1625 5005 1754 5048 suae
1795 4993 1857 5048 et
1896 4986 2155 5068 speciei.
2187 4987 2384 5068 Cujus

885 5085 1080 5165 igitur
1125 5084 1383 5165 propria
1427 5090 1491 5144 et
1533 5083 1873 5146 notionalis
1920 5084 2205 5165 operatio
2248 5104 2385 5166 per·

887 5181 1118 5244 fectius
1167 5188 1230 5242 et
1279 5179 1532 5262 plenius
1581 5181 1875 5262 expletur
1923 5181 2062 5243 sine
2120 5184 2383 5245 materia

888 5297 1081 5361 quam
1126 5296 1274 5340 cum
1319 5277 1602 5351 materia,
1650 5276 1808 5339 illud
1855 5278 2075 5361 utique
2116 5297 2379 5361 prorsus

2496 4305 2779 4366 lectuum
2824 4302 3158 4365 ordinibus
3206 4303 3417 4385 palam
3472 4311 3593 4377 est,
3644 4304 3699 4366 si
3754 4303 3907 4385 quis
3966 4325 4005 4366 a

2495 4402 2704 4484 primo
2761 4401 3088 4463 intellectu
3149 4419 3353 4482 usque
3410 4401 3489 4463 ad
3540 4401 3839 4464 ultimum
3894 4403 4007 4464 de-

2493 4501 2775 4562 scendat.
2799 4499 2896 4562 llli
2927 4515 3077 4580 ergo
3106 4498 3469 4562 intellectus
3500 4500 3609 4582 qui
3638 4500 3721 4562 ab
3748 4498 4007 4580 origine

2496 4607 2736 4661 naturae
2786 4597 3052 4681 perfecti
3098 4605 3269 4670 sunt,
3324 4599 3659 4660 materiam
3716 4617 3841 4661 non
3894 4599 4009 4660 ha—

2494 4696 2667 4759 bent.
2697 4695 2869 4759 Nihil
2899 4695 3075 4757 enim
3108 4695 3453 4777 proficeret
3490 4697 3585 4759 eis
3619 4715 3634 4759 z
3668 4697 3799 4759 imo
3834 4698 4009 4780 poti-

2494 4815 2592 4869 us,
2636 4803 2707 4857 ut
2751 4802 3079 4858 ostensum
3126 4803 3243 4868 est,
3296 4794 3643 4877 impediret
3682 4798 3760 4859 ad
3815 4797 4013 4860 intel-

2494 4893 2841 4973 ligendum.
2905 4893 3267 4974 Intelligere
3326 4912 3606 4975 namque
3664 4894 4011 4977 perficitur

2495 5009 2607 5072 per
2653 4990 3019 5053 distantiam
3061 5009 3097 5052 a
3138 4991 3423 5053 materia.
3471 4992 3685 5064 Porro,
3734 4995 4005 5056 materia

2492 5089 2871 5171 simpliciter
2902 5089 3108 5171 prima
3139 5089 3705 5171 imperfectissima
3732 5100 3850 5165 est,
3866 5099 4005 5154 tan·

2490 5203 2680 5266 quam
2712 5187 2851 5267 ejus
2884 5187 3170 5249 formalis
3202 5186 3619 5268 perfectionis
3650 5207 3905 5271 experS,
3936 5199 4004 5252 et

2488 5300 2748 5366 prorsus
2796 5285 3051 5367 praeviis
3101 5284 3325 5348 formis
3374 5285 3775 5368 indisposita.
3818 5287 4003 5352 Dice·
