4300 6259
634 1358 713 1397 art.
740 1368 848 1406 ulv,

876 458 997 527 376

1518 481 1596 528 DE
1636 480 1862 527 Lunum-3
1905 479 2285 527 CHRISTIANAE
2326 479 2623 537 mmmm,
2669 479 2844 525 LIBER
2887 480 2924 525 1.
2969 497 3051 507 —
3092 480 3231 526 Am.
3278 479 3354 527 CX

876 648 1106 725 licitaS,
1145 670 1287 733 quae
1326 652 1500 715 aliud
1530 670 1656 715 non
1697 658 1793 715 est
1822 650 1944 713 nisi
1977 650 2237 732 optimae
2268 667 2376 732 po·
2407 652 2456 713 A
2488 651 2658 732 quod
2708 650 2966 713 beatum
3016 657 3133 726 est,
3185 649 3382 713 fuerit
3423 648 3790 713 beatitudini
3833 667 3950 712 suae

875 748 1091 811 tentiae
1149 749 1435 831 operatio
1492 749 1757 831 optima,
1820 749 1942 811 erit
1999 748 2250 830 plenior
2315 755 2377 809 et

878 846 1083 928 major
1129 864 1143 909 :
1190 865 1423 929 nempe
1471 866 1546 910 ex
1592 848 1691 909 his
1741 855 2012 929 quatuor
2060 846 2379 928 dependet

877 945 1189 1026 perfectio
1245 946 1651 1027 operationis,
1705 946 1824 1008 Sed
1883 946 2139 1007 divinus
2201 944 2378 1007 intel-

877 1042 1079 1105 lectus
1138 1052 1235 1105 est
1281 1043 1423 1107 fons
1472 1045 1806 1119 virtutum,
1859 1044 2206 1126 purissima
2253 1044 2376 1106 vir-

875 1147 1003 1215 tus,
1045 1149 1109 1205 et
1148 1160 1339 1204 causa
1382 1143 1698 1206 universae
1738 1140 2151 1225 perfectionis
2189 1160 2202 1203 :
2236 1161 2377 1223 quae

675 1270 697 1298 1.
728 1270 739 1297 t
769 1270 847 1299 m.
877 1240 1093 1301 omnia
1143 1241 1465 1304 multoties
1514 1241 1865 1323 praehabita
1920 1250 2086 1303 sunt.
2132 1241 2374 1314 DenuO,

877 1346 1337 1421 praeostensum
1386 1347 1503 1413 est,
1550 1340 1719 1421 quod
1767 1339 1969 1401 divini
2016 1340 2378 1401 intellectus

666 1431 692 1459 v
806 1434 847 1461 v·
876 1437 1204 1518 objectum
1250 1438 1333 1500 sit
1377 1438 1517 1519 ejus
1562 1438 1860 1511 essentia,
1895 1437 2035 1519 quae
2080 1444 2177 1499 est
2221 1456 2378 1520 pura

876 1541 941 1597 et
1010 1534 1708 1617 incircumscriptibilis
1778 1536 2047 1598 bonitas.
2120 1536 2378 1617 Species

876 1634 1068 1696 etiam
1103 1634 1305 1697 divini
1348 1634 1731 1708 intellectus,
1764 1654 1890 1717 qua
1934 1653 2001 1696 se
2045 1641 2107 1696 et
2151 1643 2380 1696 cuncta

608 1750 689 1789 art.
713 1752 851 1791 unat
878 1734 1369 1815 contemplatur,
1394 1752 1519 1797 non
1552 1742 1649 1796 est
1678 1734 1802 1795 nisi
1832 1734 2050 1795 divina
2078 1733 2376 1807 essentia,

878 1850 1021 1913 quae
1069 1840 1166 1894 est
1224 1832 1515 1895 omnium
1575 1832 1717 1894 idea
1776 1840 1840 1895 et
1885 1831 2148 1894 fontana
2195 1832 2370 1893 ratio.
2413 1832 2462 1894 B
2491 1830 2680 1892 habet
2723 1831 2785 1891 in
2827 1850 2894 1894 se
2939 1833 3252 1895 rationem
3289 1833 3501 1896 omnis
3540 1831 3743 1913 gaudii
3783 1838 3848 1893 et
3883 1837 3970 1891 to·

588 1821 619 1851 Β.

877 1929 1097 1991 Modus
1155 1930 1454 2011 equidem
1516 1930 1751 1993 divinae
1820 1930 2377 2012 contemplationis

876 2026 1193 2091 aeternalis
1248 2036 1365 2099 est,
1416 2028 1589 2091 omni
1641 2046 1862 2090 carens
1911 2028 2373 2090 vicissitudine.

875 2124 1052 2187 Unde
1110 2133 1174 2187 et
1231 2125 1833 2188 delectabilissimus
1896 2135 1960 2189 et
2027 2126 2378 2189 immobilis

873 2230 1064 2304 atque
1134 2222 1455 2303 perfectus
1516 2224 1825 2287 consistit.
1892 2224 2148 2287 Constat
2204 2242 2374 2305 erg0,

874 2320 1042 2402 quod
1094 2322 1379 2402 operatio
1429 2341 1541 2384 seu
1592 2322 1917 2385 beatitudo
1962 2323 2071 2385 Dei
2122 2323 2206 2384 sit
2248 2341 2378 2385 om·

874 2418 1242 2481 niformiter
1272 2420 1481 2501 plena,
1519 2440 1678 2503 pura
1707 2440 1780 2482 ac
1814 2420 2087 2483 infinita.

954 2518 1279 2593 Praeterea,
1324 2519 1545 2581 beatus
1592 2527 1689 2581 est
1735 2520 1839 2582 cui
1886 2520 2051 2582 inest
2096 2519 2378 2601 perfecta

872 2616 1227 2680 delectatio.
1264 2617 1608 2680 Delectatio
1637 2626 1849 2680 autem
1882 2618 2085 2680 oritur
2114 2637 2191 2681 ex
2225 2617 2376 2680 frui-

872 2714 1047 2777 tione
1093 2722 1157 2776 et
1205 2715 1607 2797 possessione
1656 2715 1806 2778 boni
1856 2716 2047 2778 amati
2108 2723 2174 2777 et
2231 2733 2377 2778 con-

875 2812 1101 2893 cupiti,
1152 2813 1361 2894 quoad
1411 2813 1827 2887 voluntatem,
1870 2815 2023 2876 dum
2077 2813 2378 2876 videlicet

873 2910 1168 2973 voluntas
1213 2911 1493 2991 perfecte
1544 2913 1763 2973 unitur
1810 2912 1978 2975 bono
2020 2919 2370 2993 peroptato.

2489 748 2779 811 intimius
2810 766 2884 810 ac
2915 748 3406 831 inseparabilius
3435 748 3953 831 copulatum,tan·

2487 853 2552 909 to
2593 847 2806 928 ipsum
2847 847 3096 910 beatius
3135 855 3250 910 est.
3285 848 3350 910 Id
3393 848 3587 928 igitur
3619 845 3776 928 quod
3819 841 3955 905 sub-

2488 944 2868 1008 stantialiter
2924 953 3022 1008 est
3088 946 3227 1028 ipsa
3284 965 3399 1009 sua
3455 944 3788 1014 beatitudo,
3845 940 3955 1002 hoc

2488 1044 2842 1105 secundum
2903 1062 2972 1106 se
3029 1051 3235 1106 totum
3288 1043 3443 1107 felix
3492 1051 3587 1106 est
3633 1050 3692 1105 et
3738 1038 3960 1103 felicis-

2487 1141 2724 1203 simum
2757 1159 3016 1223 prorsus
3052 1160 3065 1203 ε
3098 1142 3242 1205 talis
3273 1143 3448 1205 enim
3490 1141 3802 1205 beatitudo
3837 1154 3960 1200 om·

2488 1240 2642 1302 nino
2692 1240 3130 1321 independens
3175 1249 3272 1303 est
3319 1249 3384 1304 et
3441 1240 3619 1303 nullo
3667 1238 3959 1318 indigens.

2487 1339 2556 1400 ln
2607 1338 3091 1421 simplicissimo
3139 1348 3355 1402 autem
3413 1340 3544 1402 Deo
3594 1339 3752 1401 idern
3799 1344 3962 1411 sunt,

2489 1456 2628 1499 esse
2659 1444 2722 1499 et
2749 1456 2934 1517 agere
2974 1457 3087 1500 seu
3118 1439 3540 1521 contemplari
3576 1456 3589 1499 ε
3624 1436 3779 1519 quod
3811 1435 3964 1498 nulli

2489 1536 2918 1598 secundorum
2979 1537 3300 1599 convenit.
3363 1538 3548 1600 Solus
3613 1553 3751 1617 ergo
3807 1536 3967 1597 Deus

2489 1634 2904 1697 felicissimus
2935 1643 2998 1697 et
3027 1635 3535 1698 substantialiter
3565 1634 3710 1699 felix
3737 1642 3850 1697 est.

2569 1732 2887 1815 Amplius,
2921 1732 3144 1796 beatus
3175 1742 3273 1796 est
3302 1742 3364 1797 et
3401 1732 3833 1816 super-boatus,
3864 1730 3968 1811 qui

2489 1926 2618 1987 tius
2665 1925 3010 1989 felicitatis,
3065 1928 3186 1990 Sed
3233 1927 3680 2009 hujuscemodi
3725 1945 3838 1989 ens
3881 1932 3972 1986 est

2491 2024 2655 2086 Deus
2682 2042 2694 2085 :
2729 2024 2920 2087 habet
2949 2025 3124 2087 enim
3157 2044 3272 2107 pro
3305 2026 3650 2108 voluptate,
3682 2031 3750 2086 ut
3776 2030 3973 2086 osten·

2489 2141 2633 2184 sum
2693 2130 2809 2197 est,
2863 2122 3193 2186 infinitum
3253 2124 3580 2205 gaudium.
3628 2124 3766 2186 ideo
3821 2121 3970 2183 dixit

2488 2220 2878 2295 AristoteleS,
2931 2222 3101 2303 quod
3160 2222 3293 2284 vita
3348 2221 3542 2303 primi
3599 2220 3758 2283 entis
3803 2217 3970 2281 volu-

2489 2318 2902 2399 ptuosissima
2940 2326 3054 2381 est.
3101 2319 3216 2382 Pro
3255 2319 3498 2381 divitiis
3544 2326 3751 2381 autem
3789 2316 3971 2378 habet

2489 2416 2742 2499 plenam
2803 2417 3263 2480 sufficientiam
3329 2418 3622 2480 omnium
3690 2415 3970 2498 pulchro·

2488 2534 2630 2576 rum
2672 2522 2735 2577 et
2775 2514 3087 2578 bonorum
3123 2515 3508 2596 (secundum
3561 2512 3968 2596 Dionysium),
4021 2528 4190 2571 nem-12

2487 2611 2722 2694 quibus
2754 2613 2875 2676 sibi
2908 2613 3097 2696 plene
3129 2614 3376 2677 sufficit
3405 2622 3469 2675 et
3501 2612 3812 2675 universis
3845 2628 3974 2693 pro-
3995 2606 4087 2633 ''⁰¹¹''

2485 2711 2678 2773 videt.
2715 2712 3001 2793 Insuper,
3045 2730 3161 2793 pro
3205 2712 3513 2794 dignitate
3557 2711 3748 2774 habet
3785 2710 3972 2772 totius

2489 2811 2710 2871 mundi
2758 2811 3102 2892 primatum
3137 2820 3200 2874 et
3228 2812 3587 2874 dominium
3615 2830 3634 2890 3
3667 2829 3778 2893 pro
3816 2811 3972 2872 fama

2485 2916 2722 2983 autem,
2775 2910 2942 2990 quod
2994 2910 3211 2973 nullus
3263 2910 3624 2974 intellectus
3670 2911 3810 2990 ejus
3859 2928 3974 2971 ma-

875 3007 1222 3071 Delectatio
1264 3028 1415 3071 vero
1462 3011 1823 3073 intellectus
1866 3030 1943 3072 ex
1988 3010 2376 3091 contempla·
2408 3014 2450 3076 C
2485 3008 2780 3088 jestatem
2839 3008 2991 3070 satis
3053 3010 3270 3071 mirari
3333 3009 3517 3072 valet.
3580 3009 3755 3073 Unde
3813 3009 3972 3069 Isaac

874 3107 1047 3168 tione
1079 3106 1213 3169 veri
1245 3107 1547 3169 nascitur.
1584 3109 1717 3181 Quo
1746 3126 1896 3190 ergo
1930 3110 2168 3172 bonum
2211 3129 2378 3172 ama-

874 3210 1011 3264 tum
1043 3203 1239 3265 fuerit
1272 3204 1599 3277 meliuS,et
1629 3224 1849 3268 verum
1881 3208 2376 3289 contemplatum

877 3302 1303 3384 praestantiuS,
1365 3321 1438 3365 ac
1496 3304 1721 3365 modus
1783 3304 2037 3367 fruendi
2105 3314 2376 3386 utroque

876 3399 1182 3473 serenior,
1228 3418 1304 3463 eo
1345 3401 1649 3482 gaudium
1694 3401 2037 3465 voluntatis
2080 3411 2144 3465 et
2195 3404 2377 3465 intel·

876 3496 1079 3559 lectus
1111 3497 1457 3580 perfectius
1486 3500 1623 3561 erit.
1642 3500 1760 3563 Sed
1794 3500 2113 3580 objectum
2144 3502 2378 3565 divinae

876 3595 1223 3658 voluntatis
1272 3604 1369 3659 est
1415 3597 1664 3660 bonitas
1703 3599 1859 3677 Dei3
1906 3606 1969 3661 et
2018 3600 2234 3661 divina
2274 3618 2380 3661 ve-

876 3693 1051 3767 ritaS,
1084 3714 1226 3776 quae
1256 3702 1353 3757 est
1385 3714 1683 3759 mensura
1710 3698 1920 3760 omnis
1950 3698 2252 3771 veritatiS‚
2286 3706 2382 3760 est

877 3792 1079 3854 divini
1129 3792 1492 3855 intellectus
1552 3795 1897 3876 objectum.
1952 3796 2027 3857 Et
2075 3798 2378 3878 quoniam

876 3890 943 3952 in
1004 3890 1130 3953 Deo
1190 3899 1285 3953 est
1344 3911 1598 3954 summa
1654 3894 2054 3974 simplicitaS,
2108 3895 2260 3956 unio
2319 3902 2382 3956 et

874 3986 1095 4051 fruitio
1154 3989 1498 4053 voluntatis
1559 3998 1621 4053 et
1688 3992 2052 4055 intellectus
2123 3993 2233 4055 Dei
2301 3994 2378 4055 ad

874 4085 1225 4150 bonitatem
1258 4096 1322 4150 et
1361 4090 1689 4152 veritatem
1725 4091 2032 4164 divinam,
2070 4092 2289 4153 intima
2319 4099 2380 4153 et

2487 3106 2576 3166 ait
2621 3105 2684 3165 in
2731 3105 2898 3168 libro
2942 3106 3404 3169 Definitionum
3449 3126 3464 3169 :
3501 3108 3690 3169 Fama
3727 3106 3836 3167 Dei
3880 3125 3973 3167 su-

2488 3202 2707 3265 blimis
2761 3211 2876 3265 est.
2929 3203 3046 3267 Pro
3096 3212 3406 3286 potestate
3463 3223 3614 3267 vero
3675 3203 3862 3266 habet
3919 3203 3978 3264 il-

2488 3302 2822 3364 limitatam
2855 3303 3182 3377 virtutem,
3207 3322 3334 3385 qua
3363 3312 3595 3366 cuncta
3621 3303 3762 3385 ejus
3791 3304 3976 3384 impe-

2487 3400 2584 3462 rio
2615 3418 2836 3481 parere
2868 3408 3112 3463 rectum
3145 3408 3243 3463 est
3269 3408 3334 3463 et
3363 3402 3974 3472 necesse.Praeterea,

2489 3516 2639 3560 vere
2687 3497 2910 3560 beatus
2951 3505 3067 3571 est,
3111 3498 3214 3560 cui
3256 3499 3419 3561 nihil
3469 3500 3882 3582 perfectionis
3921 3506 3978 3561 et

2491 3595 2844 3657 nobilitatis
2892 3597 3090 3671 deest,
3142 3605 3206 3660 et
3251 3599 3391 3660 sine
3449 3616 3575 3679 quo
3627 3598 3792 3659 nihil
3839 3596 3976 3659 sub-

2492 3694 2716 3755 sistere
2748 3702 2972 3776 potest.
3009 3695 3174 3757 Deus
3201 3702 3419 3759 autem
3449 3696 3740 3759 excelsus
3778 3704 3842 3758 et
3879 3695 3979 3757 be·

2490 3792 2806 3865 nedictuS,
2827 3793 3274 3857 universaliter
3303 3794 3625 3877 perfectus
3653 3803 3770 3867 est,
3787 3814 3978 3876 quum

2493 3891 2576 3951 sit
2619 3909 2735 3952 ens
2783 3909 2898 3972 per
2945 3893 3312 3965 essentiam,
3351 3902 3416 3957 et
3462 3894 3838 3957 naturaliter
3882 3892 3980 3955 bo-

2491 3988 2656 4049 nitas
2715 4007 2897 4071 pura,
2947 4008 2982 4051 a
3041 4010 3166 4071 qua
3221 3992 3587 4073 dependent
3631 3992 3868 4055 coelum
3924 4000 3982 4055 et

2492 4094 2680 4160 terra,
2742 4095 2806 4149 et
2863 4096 2994 4150 tota
3051 4096 3278 4151 natura
3337 4091 3584 4165 mundi,
3633 4091 3804 4153 sicut
3859 4092 3982 4153 Ari·

876 4185 1341 4248 indissolubilis
1385 4196 1499 4250 est.
1546 4189 1711 4250 Deus
1758 4207 2013 4270 quoque
2054 4209 2236 4252 suam
2278 4190 2383 4253 bo·
2413 4191 2460 4251 D
2491 4185 2748 4247 stoteles
2805 4186 3080 4269 scripsit.
3133 4188 3380 4261 Adhuc,
3430 4188 3704 4252 felicitas
3750 4190 3982 4271 quietat

874 4283 1141 4345 nitatem
1198 4285 1289 4346 sic
1340 4286 1595 4348 infinite
1643 4294 1833 4360 amat,
1885 4288 2051 4349 sicut
2100 4288 2238 4369 ipsa
2292 4288 2382 4351 in-

873 4380 1061 4443 finita
1100 4384 1233 4459 est‘3
1267 4384 1607 4446 essentiam
1654 4386 1843 4447 etiam
1895 4405 2099 4458 suam,
2144 4387 2209 4448 in
2256 4406 2381 4468 qua

873 4478 1084 4541 omnis
1134 4480 1366 4541 veritas
1416 4480 1731 4562 splendet,
1788 4482 2044 4545 infinita
2094 4483 2380 4565 limpitu-

877 4577 1028 4639 dine
1070 4577 1405 4659 conspicit,
1440 4598 1637 4659 quum
1683 4588 1747 4642 et
1794 4580 1932 4662 ipsa
1974 4580 2234 4644 infinita
2275 4583 2376 4646 sit.

877 4675 1053 4738 Unde
1082 4676 1441 4739 necessario
1487 4678 1799 4759 sequitur,
1832 4680 2002 4760 quod
2042 4680 2378 4743 delectatio

877 4774 989 4837 Dei
1033 4780 1160 4835 tam
1204 4773 1271 4836 in
1310 4774 1636 4838 voluntate
1675 4795 1869 4858 quam
1916 4777 1978 4839 in
2026 4778 2374 4853 intellectu,

877 4871 1244 4935 omnimode
1304 4871 1557 4935 infinita
1623 4874 1903 4936 exsistat.
1966 4875 2377 4938 Beatissimus

874 4977 971 5033 est
998 4987 1148 5051 ergo
1177 4970 1365 5044 DeuS,
1399 4977 1463 5033 et
1490 4970 1633 5033 fons
1672 4972 1883 5034 omnis
1924 4972 2338 5036 beatitudinis
2357 4992 2374 5053 ;

874 5074 938 5130 et
984 5075 1245 5131 eatenus
1296 5067 1436 5148 ejus
1487 5068 1813 5131 beatitudo
1860 5087 2118 5132 omnem
2179 5070 2374 5134 beati-

872 5166 1162 5229 tudinem
1210 5172 1567 5228 ceterorum
1614 5167 1891 5241 excellit,
1924 5176 2235 5250 quantum
2285 5169 2374 5232 in-

870 5262 1135 5326 finitum
1180 5262 1431 5327 excedit
1472 5262 1755 5327 finitum.
1799 5265 1877 5328 At
1920 5284 2088 5342 vero,
2132 5284 2262 5349 quo
2305 5267 2371 5331 id

2493 4282 2698 4346 felicis
2757 4302 2948 4347 omne
3005 4285 3417 4348 desiderium.
3479 4288 3544 4349 ld
3612 4306 3764 4369 ergo
3820 4291 3980 4371 quod

2492 4382 2652 4444 nihil
2697 4382 2942 4465 appetit
2986 4402 3194 4465 neque
3231 4393 3534 4467 appetere
3573 4395 3782 4468 potest
3821 4390 3984 4470 quod

2491 4479 2778 4542 nondum
2809 4481 3016 4555 habet,
3049 4482 3170 4543 hoc
3210 4484 3692 4564 quomodolibet
3732 4485 3982 4549 beatum

2491 4588 2604 4642 est.
2653 4580 2989 4661 Quumque
3039 4581 3206 4644 Deus
3255 4582 3338 4644 sit
3385 4602 3585 4664 purus
3632 4591 3839 4657 actus,
3887 4586 3984 4647 cui

2490 4679 2669 4740 nulla
2715 4678 3023 4760 perfectio
3070 4680 3374 4743 advenire
3423 4689 3652 4763 potest,
3703 4684 3816 4745 sed
3877 4702 3988 4746 nec

2490 4778 2687 4851 deest,
2735 4794 2996 4839 necesse
3039 4785 3137 4840 est
3179 4778 3390 4860 ipsum
3436 4799 3688 4843 summe
3733 4780 3984 4846 felicem

2488 4894 2646 4937 esse.
2683 4876 2792 4937 Est
2826 4883 2890 4938 et
2934 4873 3076 4938 fons
3106 4876 3317 4938 omnis
3349 4876 3760 4942 beatitudinis
3795 4899 3812 4942 t
3846 4900 3984 4945 nam

2489 4992 2616 5054 quo
2657 4973 3018 5035 intellectus
3063 4974 3122 5035 ei
3165 4973 3440 5038 similior
3481 4983 3546 5037 et
3588 4977 3868 5041 vicinior
3907 4979 3988 5041 ef-

2486 5070 2727 5145 ficitur,
2769 5088 2843 5133 eo
2882 5070 3134 5134 felicior
3171 5071 3249 5133 fit
3288 5080 3351 5134 et
3391 5072 3758 5137 divinarum
3805 5077 3988 5141 influ-

2487 5169 2749 5230 xionum
2781 5168 3093 5249 capacior.
3118 5169 3329 5244 Porro,
3363 5168 3638 5233 felicitas
3665 5174 3982 5254 optimum

2485 5266 2721 5331 bonum
2751 5274 2849 5329 est
2876 5273 2940 5329 et
2967 5266 3278 5348 perfectio
3307 5266 3538 5331 felicis,
3575 5269 3742 5334 Deus
3771 5280 3982 5337 autem
