4300 6259
813 471 940 538 §324
2087 490 2273 542 mnax
2314 491 2650 540 canamus

817 657 1140 732 Propositio
1159 659 1352 716 XVIII.
1370 657 1552 717 Filius
1570 658 1672 718 Dei
1692 662 1779 717 est
1799 660 2175 717 consubstan-

888 747 1048 804 tialis
1077 749 1192 806 Deo
1222 748 1376 806 Patri
1410 791 2168 806 .........
2213 749 2317 806 127

817 837 1141 910 Propositio
1178 839 1315 894 XIX.
1359 840 1526 895 Pater
1570 841 1626 895 et
1672 838 1854 896 Filius
1890 839 2173 896 Intuendo

889 943 959 983 ac
978 926 1275 1000 diligendo
1295 945 1354 984 se
1378 926 1650 994 invicem,
1666 929 2001 1001 producunt
2015 944 2177 986 amo-

886 1033 1012 1074 rem
1045 1018 1364 1090 quemdam
1402 1017 1688 1090 spiratum
1727 1021 1785 1076 et
1822 1017 2171 1084 increatum,

889 1106 988 1179 qui
1021 1106 1236 1163 dIcitur
1255 1107 1506 1179 Spiritus
1525 1107 1773 1164 Sanctus
1778 1149 2167 1165 .....
2212 1109 2315 1164 128

815 1195 1137 1267 Propositio
1167 1197 1280 1251 XX.
1313 1197 1454 1254 Duae
1491 1201 1630 1254 sunt
1665 1197 2068 1255 emanationes
2108 1197 2169 1253 in
2290 1244 2301 1255 .

886 1285 1002 1342 Deo
1048 1285 1124 1341 ad
1172 1285 1327 1341 Intra
1372 1302 1385 1340 ε
1429 1299 1546 1343 una
1591 1285 1920 1343 intellectus
1965 1289 2022 1343 et
2067 1303 2171 1359 per

885 1375 1127 1431 modum
1169 1378 1414 1440 naturae.
1454 1375 1568 1432 alia
1612 1375 1927 1433 voluntatIs
1969 1378 2026 1432 et
2067 1392 2170 1448 per

882 1465 1130 1522 modum
1160 1463 1525 1521 liberalitatis
1593 1507 2165 1521 .......
2209 1464 2314 1523 128

814 1553 1138 1626 propositio
1181 1554 1318 1610 XXI.
1360 1555 1638 1620 Quaedam
1686 1555 2040 1613 conveniunt
2080 1555 2168 1611 di-

883 1642 1036 1699 vinis
1061 1647 1120 1700 et
1149 1642 1423 1700 increatis
1451 1643 1717 1716 personis
1747 1644 1997 1716 proprIe,
2016 1660 2169 1717 quae-

885 1734 1024 1789 dam
1053 1731 1422 1805 appropriate
1493 1775 2163 1789 ........
2207 1733 2310 1789 129

809 1822 1131 1894 Propositio
1152 1822 1316 1878 XXII.
1341 1822 1637 1895 Quidquid
1665 1824 1926 1881 absolute
1957 1823 2171 1880 dicitur

881 1911 941 1968 in
991 1910 1224 1975 divinis,
1267 1912 1337 1968 de
1380 1911 1640 1984 qualibet
1683 1913 2167 1985 superbenedicta

878 2016 1126 2073 persona
1168 1999 1546 2073 singulariter
1589 2002 1959 2073 praedicatur,
2001 2002 2165 2058 simi-

879 2089 1011 2146 liter
1039 2089 1110 2146 de
1140 2089 1370 2147 duabus
1396 2092 1456 2147 et
1483 2088 1624 2147 item
1656 2090 1728 2148 de
1756 2091 1946 2147 tribus
1983 2089 2163 2148 sImuI

877 2178 1130 2250 acceptis
1207 2220 2157 2236 ...........
2202 2181 2307 2237 129

809 2267 1130 2340 Propositio
1159 2268 1348 2324 XXIII.
1378 2268 1514 2324 Tres
1549 2270 1688 2325 sunt
1723 2267 1786 2324 in
1822 2268 2036 2325 diVInis
2072 2285 2163 2326 re-

878 2357 1126 2415 lationes
1153 2356 1486 2430 personales
1506 2375 1609 2415 seu
1630 2358 2010 2431 proprietates
2039 2374 2167 2432 per-

876 2464 1161 2504 sonarum
1191 2447 1598 2512 constitutivas,
1630 2450 1882 2520 quatuor
1905 2464 2042 2505 vero
2071 2465 2161 2505 re-

2423 660 2745 734 PropositIo
2808 661 2997 718 XXXI.
3066 661 3339 720 Absolute
3406 661 3768 728 conceditur,

2497 752 2653 822 quod
2682 752 2834 808 Deus
2862 755 2949 810 est
2976 769 3129 809 unus
3164 755 3224 808 et
3256 751 3449 809 trinus
3466 771 3480 818 ;
3511 754 3773 810 attamen

2495 838 2807 896 difficultas
2842 846 2932 897 est
2969 841 3028 896 in
3066 840 3471 913 explanatione
3514 839 3781 915 proposi-

2494 927 2671 985 tionis
2700 929 2869 986 istius
2919 971 3775 988 ..........
3820 928 3930 984 137

2424 1017 2745 1090 Propositio
2773 1019 2985 1075 XXXII.
3018 1021 3211 1086 Quum
3242 1020 3424 1077 Filius
3442 1020 3541 1077 Dei
3562 1018 3781 1076 dicitur

2494 1109 2669 1164 natus
2710 1108 2781 1164 de
2826 1108 3155 1165 substantia
3195 1108 3401 1175 Patris,
3442 1108 3777 1182 praepositio

2493 1196 2583 1258 de,
2640 1197 3309 1256 consubstantialitatem
3364 1201 3423 1255 et
3486 1196 3786 1254 habitudi-

2492 1299 2626 1340 nem
2658 1284 2903 1357 origInis
2932 1288 3093 1342 notat
3098 1328 3769 1342 ........
3820 1284 3932 1340 138

2420 1372 2742 1446 Propositio
2770 1374 3007 1430 XXXIII.
3043 1376 3105 1431 ln
3145 1375 3360 1431 divinis
3402 1378 3522 1432 tres
3556 1391 3649 1432 res
3684 1390 3773 1431 re·

2491 1461 2661 1520 lative
2697 1467 2965 1536 acceptae,
2998 1467 3137 1520 sunt
3163 1481 3281 1521 una
3306 1481 3401 1523 res
3427 1463 3686 1521 absolute
3715 1468 3774 1520 et

2489 1550 2948 1609 substantialiter
2974 1555 3211 1626 sumpta
3284 1594 3766 1610 ......
3815 1553 3932 1609 139

2418 1639 2738 1713 Propositio
2785 1641 3019 1698 XXXIV.
3068 1641 3250 1699 Ffflus
3294 1660 3331 1699 a
3376 1644 3543 1700 Patre
3595 1645 3769 1699 natus

2486 1732 2576 1786 est
2616 1746 2733 1786 non
2772 1729 3009 1803 propria.
3044 1732 3342 1790 voluntate
3372 1749 3479 1790 nec
3521 1731 3769 1790 necessi-

2487 1820 2623 1884 tate,
2654 1820 2756 1876 sed
2782 1823 2995 1876 natura
3022 1836 3091 1877 ac
3118 1820 3419 1879 intellectu
3473 1863 3485 1876 .
3566 1863 3580 1876 .
3659 1862 3673 1875 .
3753 1863 3766 1875 .
3808 1821 3931 1877 139

2416 1907 2738 1981 Propositio
2784 1908 2992 1965 XXXV.
3032 1908 3332 1982 Multiplex
3373 1910 3433 1966 in
3475 1909 3591 1967 Deo
3627 1909 3769 1966 assi·

2488 2001 2703 2071 gnatur
2740 1999 3016 2070 potentia,
3048 2014 3180 2072 quae
3224 2001 3422 2056 tamen
3468 1998 3528 2056 in
3574 2016 3639 2058 re
3684 2001 3773 2056 est

2486 2087 2737 2160 simplex
2783 2090 2841 2144 et
2887 2103 3024 2154 una,
3072 2090 3247 2161 atque
3294 2087 3357 2144 in
3412 2105 3472 2146 se
3526 2088 3771 2146 univoce

2486 2177 2668 2244 dicta;
2700 2179 2801 2235 sed
2838 2195 2941 2250 per
2968 2179 3469 2252 comparationem
3503 2179 3577 2236 ad
3604 2180 3772 2236 actus

2486 2267 2807 2332 distinctos,
2840 2267 3139 2341 analogice
3178 2267 3395 2326 dicitur
3469 2311 3482 2323 .
3564 2312 3577 2323 .
3658 2310 3671 2322 .
3750 2313 3763 2325 .
3810 2269 3927 2326 139

2412 2355 2735 2428 Propositio
2780 2356 3013 2412 XXXVI.
3067 2357 3130 2412 In
3186 2355 3768 2429 incomprehensibili

2481 2446 2756 2503 Trinitate
2778 2461 2895 2503 una
2924 2461 3172 2518 persona
3189 2463 3310 2502 non
3329 2449 3418 2503 est
3436 2445 3553 2503 alia
3580 2445 3757 2518 prior.
3804 2448 3922 2506 1⁴0

878 2537 1140 2602 lationes,
1171 2539 1230 2594 et
1256 2536 1514 2610 quiaque
1545 2536 1813 2594 notiones
1861 2580 1874 2593 .
1955 2581 1968 2593 .
2050 2579 2062 2592 .
2145 2581 2157 2592 .
2200 2538 2305 2596 130
2411 2535 2733 2608 Propositio
2788 2534 3048 2592 XXXVII.
3106 2535 3414 2594 Generatio
3478 2534 3607 2592 Filii
3661 2535 3761 2595 Dei

804 2625 1125 2700 Propositio
1175 2626 1364 2682 XXIV.
1419 2625 1632 2683 Omnia
1677 2627 1805 2698 jam
1862 2630 2157 2699 praetacta,

873 2717 1014 2773 sunt
1049 2715 1111 2772 in
1154 2715 1270 2772 Deo
1309 2730 1428 2771 una
1463 2717 1522 2772 et
1556 2716 1759 2772 eadem
1792 2715 2038 2788 simplex
2069 2731 2158 2772 es-

871 2805 1061 2863 sentia
1089 2822 1104 2862 ε
1135 2803 1354 2862 idcirco
1380 2807 1543 2861 tanta
1571 2803 1868 2860 distinctio
1891 2820 1998 2862 nec
2026 2803 2157 2862 uni-

869 2894 974 2951 tati
1009 2911 1117 2951 nec
1145 2891 1509 2966 simplicitati
1540 2892 1754 2949 dIvinae
1781 2896 2072 2966 repugnat
2137 2935 2153 2950 .
2196 2894 2300 2950 131)

796 2984 1120 3058 Propositio
1149 2985 1307 3039 XXV.
1339 2983 1494 3040 Inter
1511 2981 1792 3040 attributa
1820 2983 2033 3040 divinae
2053 2999 2155 3039 na-

867 3078 1019 3131 turae
1049 3089 1166 3130 non
1197 3074 1284 3130 est
1310 3071 1485 3130 realis
1526 3087 1714 3145 neque
1744 3071 2008 3130 formalis
2037 3072 2154 3128 dis-

867 3161 1093 3228 tinctio,
1125 3163 1226 3218 sed
1254 3160 1499 3218 rationis
1527 3161 1861 3227 dumtaxat3
1880 3177 1988 3218 nec
2011 3177 2155 3234 proe-

868 3256 958 3310 ter
992 3269 1060 3309 ac
1097 3252 1253 3308 ultra
1299 3249 1664 3323 personalem
1713 3249 2150 3308 distinctionem

869 3345 956 3399 est
985 3340 1256 3414 ponenda
1283 3339 1343 3395 in
1373 3338 1587 3396 dIvinis
1613 3338 1733 3395 ulla
1760 3338 2057 3396 distinctio
2077 3356 2148 3397 ex

867 3431 952 3488 rei
981 3433 1211 3510 natura,
1245 3431 1310 3486 ut
1336 3427 1519 3501 aliqui
1549 3427 1866 3500 opinantur
1943 3473 1956 3484 .
2035 3471 2050 3484 .
2133 3473 2144 3486 .
2190 3430 2288 3487 131

795 3519 1117 3594 Propositio
1146 3517 1334 3575 XXVI.
1368 3518 1630 3574 Summas
1648 3521 1704 3574 et
1727 3517 2000 3575 increatae
2019 3535 2148 3590 per·

867 3624 1026 3666 sonoe
1053 3609 1126 3665 ab
1162 3606 1414 3664 invicem
1455 3606 1900 3680 distinguuntur
1928 3623 2030 3679 per
2056 3625 2148 3664 so·

861 3699 950 3757 Ias
977 3696 1289 3756 relationes
1317 3695 1502 3753 reales
1536 3711 1606 3752 ac
1643 3695 1994 3768 personales,
2027 3713 2144 3752 non

862 3805 966 3861 per
992 3786 1191 3860 aliqua
1216 3783 1483 3843 absoluta
1489 3825 2140 3842 ........
2188 3788 2290 3844 133

788 3875 1111 3950 Propositio
1136 3875 1350 3931 XXVII.
1384 3875 1448 3930 In
1469 3874 1998 3946 superbeatissimis
2017 3893 2146 3948 per·

859 3965 1020 4023 sonis
1047 3968 1135 4023 est
1163 3965 1360 4020 omnis
1387 3962 1641 4036 perfecta
1667 3978 1736 4020 ac
1763 3967 1966 4020 sancta
1997 3965 2146 4022 ratio

861 4058 1085 4112 mutuae
1111 4052 1439 4112 dilectionis
1467 4053 1702 4126 penitus
1728 4051 1992 4120 infinitaa
2016 4070 2146 4111 mu·

859 4149 978 4203 tuae
1007 4159 1238 4217 quoque
1276 4131 1715 4215 complacentioe
1751 4143 2148 4214 superdulcis-

861 4234 1047 4298 simae,
1079 4227 1147 4291 ac
1185 4235 1408 4290 mutuae
1445 4231 1844 4304 perfruitionis
1880 4231 2144 4290 intermi-

859 4322 1136 4380 nabiliter
1161 4321 1458 4394 gaudiosae
1473 4362 2141 4379 ........
2186 4323 2290 4380 134

787 4411 1111 4484 Propositio
1138 4410 1376 4466 XXVIII.
1410 4410 1690 4475 Quaedam
1723 4410 1783 4466 in
1813 4409 2027 4467 divinis
2055 4411 2144 4467 in-

856 4503 1092 4560 terdum
1115 4501 1435 4557 sumuntur
1453 4499 1714 4562 absolute
1733 4517 1836 4557 seu
1867 4500 2142 4558 essentia-

855 4593 1007 4660 liter,
1030 4592 1328 4648 interdum
1357 4589 1593 4646 relative
1615 4607 1717 4647 seu
1746 4589 2137 4648 notionaliter.
2182 4591 2287 4648 135

783 4682 1108 4756 Propositio
1137 4680 1324 4737 XXIX.
1355 4679 1784 4752 propositiones
1828 4679 1886 4736 in
1928 4679 2140 4752 quibus

853 4770 1095 4830 relatIva
1122 4772 1180 4827 et
1209 4768 1529 4826 notionalia
1560 4767 1618 4824 In
1650 4767 1864 4823 divinis
1901 4767 2140 4825 attribu·

853 4864 1036 4918 untur
1063 4858 1469 4918 essentialibus
1498 4861 1555 4915 et
1582 4857 1880 4923 absolutis,
1911 4857 2139 4930 sapien-

851 4956 942 5009 ter
969 4953 1026 5008 et
1054 4949 1146 5023 pie
1175 4951 1314 5006 sunt
1341 4948 1700 5021 exponendas
1749 4993 2133 5006 .....
2178 4948 2283 5005 136

699 5092 704 5096 .
782 5040 1106 5115 Propositio
1168 5039 1329 5095 XXX.
1397 5037 1751 5111 Simpliciter
1816 5041 2138 5097 conceden-

855 5133 998 5188 dum
1047 5129 1153 5194 est,
1193 5129 1351 5201 quod
1390 5129 1540 5186 Deus
1588 5126 1789 5200 genuIt
1823 5127 2042 5194 Deum;
2081 5131 2139 5185 et

853 5217 1323 5279 adversariorum
1375 5218 1596 5292 objecta
1643 5216 1891 5273 faciliter
1933 5216 2137 5276 confu-

2482 2629 2858 2683 mensuratur
2885 2625 3224 2691 oeternitate,
3246 2628 3304 2682 et
3320 2641 3498 2682 omne
3526 2629 3761 2697 tempus

2478 2714 2706 2772 excedit
2722 2755 3757 2772 ............
3796 2717 3911 2773 141

2406 2802 2729 2877 Propositio
2758 2803 3041 2860 XXXVIII.
3074 2803 3325 2876 Spiritus
3352 2805 3601 2862 Sanctus
3626 2821 3759 2878 pro-

2478 2893 2632 2950 cedit
2676 2910 2713 2950 a
2752 2894 2918 2950 Patre
2962 2896 3023 2951 et
3066 2893 3212 2950 Filio
3256 2895 3539 2966 tanquam
3589 2910 3759 2951 amor

2476 2983 2786 3040 amborum
2812 3023 3754 3040 ...........
3796 2985 3913 3041 141

2404 3071 2725 3145 Propositio
2750 3071 2981 3128 XXXIX.
3014 3071 3291 3138 Quamvis
3326 3072 3578 3144 Spiritus
3614 3075 3761 3130 San·

2477 3163 2603 3218 ctus
2644 3161 2919 3235 procedat
2959 3177 2996 3218 a
3030 3161 3199 3218 Patre
3232 3176 3301 3218 ac
3342 3160 3488 3217 Filio
3530 3179 3632 3234 per
3659 3179 3757 3218 vo-

2474 3250 2759 3308 luntatem
2808 3249 3153 3322 liberalique
3196 3249 3586 3316 emanatione,
3635 3265 3753 3306 non

2472 3343 2671 3396 tamen
2704 3343 2769 3395 ut
2796 3341 3096 3406 creaturae,
3128 3355 3237 3395 nec
3274 3337 3355 3395 ita
3380 3340 3537 3412 quod
3574 3337 3758 3411 possit

2472 3431 2575 3486 aut
2610 3426 2865 3500 potuerit
2890 3442 3010 3484 non
3038 3427 3287 3500 produci
3361 3468 3749 3484 .....
3792 3429 3911 3485 1112

2398 3517 2722 3590 Propositio
2759 3517 2867 3572 XL.
2900 3517 3080 3573 Amor
3108 3515 3170 3572 in
3200 3515 3411 3573 divinis
3448 3515 3756 3590 tripliciter

2469 3605 2743 3670 sumitur,
2776 3607 2974 3678 utpote
3004 3621 3021 3661 ε
3050 3604 3454 3670 essentialiter,
3484 3607 3543 3663 et
3569 3606 3757 3663 notio-

2469 3695 2696 3761 naIIter,
2727 3710 2795 3751 ac
2822 3692 3060 3751 relative
3088 3709 3193 3751 seu
3220 3694 3601 3767 personaliter
3640 3737 3655 3750 .
3732 3739 3749 3751 .
3792 3695 3907 3752 143

2398 3784 2720 3859 Propositio
2747 3784 2882 3840 XLI.
2923 3783 3174 3856 Spiritus
3209 3783 3459 3841 Sanctus
3492 3784 3758 3858 procedit

2468 3893 2505 3932 a
2533 3876 2699 3932 Patre
2727 3877 2784 3931 et
2812 3872 2955 3929 Filio
2985 3872 3047 3930 in
3076 3889 3144 3931 eo
3172 3874 3330 3947 quod
3358 3889 3545 3931 unum
3575 3876 3751 3932 sunt.
3791 3875 3903 3932 143

2397 3963 2719 4038 Propositio
2747 3963 2907 4020 XLII.
2940 3964 3449 4029 Quemadmodum
3492 3964 3661 4021 Pater
3694 3967 3755 4021 et

2468 4054 2649 4111 Filius
2694 4056 2751 4111 et
2801 4051 3052 4126 Spiritus
3100 4053 3351 4109 Sanctus
3404 4054 3543 4109 sunt
3596 4069 3753 4112 unus

2466 4146 2709 4207 creator,
2749 4145 2807 4199 et
2846 4155 3032 4198 unum
3078 4139 3406 4197 effectivum
3454 4140 3755 4198 universo-

2466 4249 2601 4290 rum
2660 4229 3015 4305 principium
3039 4248 3055 4297 ;
3102 4229 3187 4286 sic
3240 4231 3411 4287 Pater
3459 4233 3519 4288 et
3570 4230 3755 4288 Filius

2466 4321 2581 4378 dici
2620 4321 2867 4392 possunt
2908 4334 3062 4375 unus
3104 4317 3356 4391 Spiritus
3392 4317 3591 4375 Sancti
3630 4318 3751 4392 spi·

2466 4413 2641 4476 rator,
2655 4425 2724 4466 ac
2745 4424 2929 4466 unum
2948 4411 3007 4465 et
3026 4407 3182 4464 idem
3212 4408 3340 4482 ejus
3364 4407 3747 4480 principium.
3790 4411 3901 4470 114

2394 4499 2714 4573 Propositio
2741 4498 2928 4554 XLIII.
2960 4496 3211 4570 Spiritus
3228 4498 3476 4555 Sanctus
3500 4499 3589 4556 est
3614 4515 3747 4557 mu·

2463 4594 2602 4649 tuus
2627 4605 2797 4647 amor
2823 4605 2940 4661 quo
2970 4605 3029 4646 se
3059 4587 3317 4661 diligunt
3357 4588 3529 4646 Pater
3560 4591 3619 4646 et
3654 4589 3748 4645 Fi-

2463 4679 2595 4744 lius,
2626 4681 2826 4750 estque
2864 4692 3053 4734 nexus
3078 4679 3137 4734 et
3159 4676 3447 4743 osculum,
3478 4692 3749 4735 commu-

2463 4768 2562 4825 nio
2592 4771 2649 4825 et
2673 4766 2983 4840 amplexus
3009 4767 3325 4823 amborum
3356 4809 3741 4824 .....
3789 4768 3899 4826 lu

2391 4856 2711 4931 Propositio
2738 4857 2919 4912 XLIV.
2951 4855 3174 4928 Duplex
3210 4859 3299 4912 est
3334 4855 3535 4912 missio
3562 4856 3746 4930 spii-i-

2460 4952 2557 5006 tus
2602 4946 2817 5012 Sancti,
2868 4949 3011 5019 puta
3045 4944 3359 5002 invisibilis
3394 4949 3569 5020 atque
3604 4946 3743 5004 visi-

2460 5038 2626 5105 bilis3
2658 5040 2715 5094 et
2742 5037 2899 5094 idem
2931 5036 3247 5094 dicendum
3280 5036 3351 5093 de
3380 5035 3548 5093 Filio.
3626 5079 3641 5092 .
3722 5079 3736 5092 .
3782 5039 3895 5096 1⁴3

2387 5127 2710 5201 Propositio
2738 5125 2891 5182 XLV.
2924 5125 3179 5183 Persona
3196 5125 3259 5182 in
3279 5125 3494 5182 divinis
3512 5142 3631 5184 non
3650 5127 3739 5183 di-

2462 5217 2615 5274 citur
2640 5214 2903 5273 absolute
2977 5255 3733 5274 .........
3780 5219 3891 5276 116

853 5313 1056 5368 tantur
1095 5347 2132 5366 ............
2177 5307 2280 5365 137
2387 5305 2708 5380 PropositIo
2748 5305 2929 5362 XLVI.
2973 5305 3107 5365 Idea
3150 5308 3241 5362 est
3280 5303 3609 5364 similitudo
3650 5307 3737 5364 rei
