4300 6259
992 538 1071 585 DE
1112 539 1339 586 Lunum
1383 538 1765 587 cflmsrlANAE
1805 537 2107 595 mmmm,
2151 538 2328 586 unna
2370 540 2436 585 11.
2481 558 2562 569 —
2603 539 2740 587 ΛΒΤ.
2788 540 2826 585 V

3329 517 3448 585 391

348 708 645 771 vinitatis
700 708 909 791 figura
966 709 1279 792 corporali
1336 709 1537 783 finiri,
1597 716 1859 792 propter
1886 707 1935 771 A
1962 709 2207 790 gelicus
2277 717 2491 774 autem
2565 710 2925 774 intellectus
2993 711 3138 793 plus
3207 710 3460 773 excedit

352 808 651 889 quaedam
709 828 851 891 quae
907 809 975 871 in
1032 827 1211 871 sacra
1270 808 1599 890 Scriptura
1656 808 1857 870 Deum

352 905 734 969 describunt
769 907 1125 970 secundum
1170 907 1599 988 corporalium
1642 924 1855 969 rerum

352 1005 837 1085 proprietatem,
895 1024 1037 1087 quae
1094 1005 1217 1087 ipsi
1276 1004 1695 1089 spiritualiter
1750 1023 1857 1068 ne-

351 1102 629 1184 quibant
657 1104 1033 1185 intelligere.
1073 1103 1305 1167 Contra
1342 1122 1503 1186 quos
1541 1104 1607 1167 in
1648 1104 1859 1187 primo

130 1222 151 1249 ι
214 1223 323 1261 mu,
351 1199 521 1263 libro
548 1208 877 1264 ostensum
910 1208 1008 1265 est
1046 1220 1123 1264 cx
1162 1203 1401 1264 naturis
1432 1210 1494 1264 et
1524 1202 1857 1265 ordinibus

108 1286 191 1317 ω’·
256 1286 299 1317 '⁰
351 1316 596 1373 rerum,
641 1299 810 1381 quod
856 1300 1021 1363 Deus
1062 1318 1183 1362 nec
1226 1300 1309 1361 sit
1352 1318 1605 1382 corpus,
1648 1318 1859 1382 neque

348 1397 557 1459 virtus
600 1396 909 1479 corporis,
943 1416 1151 1479 neque
1193 1415 1559 1480 corporeuS,
1602 1406 1712 1460 aut
1750 1397 1860 1460 ali-

348 1514 478 1577 quo
530 1497 723 1559 modo
780 1496 1332 1579 circumscriptuS,
1384 1497 1496 1559 sed
1555 1497 1725 1578 quod
1776 1497 1859 1558 sit

342 1600 527 1655 actus
566 1594 1110 1677 simplicissimuS,
1140 1602 1204 1657 et
1244 1594 1353 1656 lux
1398 1596 1657 1677 penitus
1700 1614 1859 1677 pura

347 1709 743 1774 prorsusque
772 1700 1079 1774 separata.
1101 1692 1295 1755 Multa
1326 1692 1521 1773 igitur
1551 1712 1693 1774 quae
1724 1691 1855 1755 side

346 1789 711 1863 traduntur,
744 1790 1019 1871 sapienti
1052 1789 1407 1853 intellectui
1437 1790 1855 1852 scientialiter

1964 806 2370 871 subtilissimi
2435 808 2714 871 hominis
2783 809 3202 883 intellectum,
3264 827 3456 891 quam

1962 906 2238 986 alicujus
2297 907 2576 969 hominis
2633 907 3012 981 doctissimi,
3063 907 3460 969 intellectum

1965 1003 2436 1086 imperitissimi
2497 1005 2788 1085 agricolae
2842 1022 2855 1067 :
2908 1004 3042 1068 illic
3099 1005 3272 1067 enim
3334 1022 3463 1068 non

1962 1109 2254 1165 servatur
2295 1102 2464 1165 idem
2509 1103 2663 1165 ordo
2706 1104 2772 1165 in
2815 1103 3052 1185 specie,
3096 1104 3206 1184 qui
3247 1110 3462 1165 tamen

1963 1200 2069 1263 hic
2118 1208 2469 1283 permanet.
2519 1202 2642 1264 Sed
2685 1219 2803 1263 nec
2847 1200 3174 1281 angelicus
3217 1200 3464 1263 intelle-

1964 1306 2103 1361 ctus
2154 1299 2427 1361 naturali
2487 1300 2722 1363 virtute
2779 1300 3198 1381 contemplari
3259 1306 3468 1381 potest

1963 1398 2248 1460 divinam
2293 1398 2715 1460 substantiam
2761 1398 3115 1461 secundum
3163 1401 3350 1477 quid,
3399 1404 3468 1461 ut

1960 1496 2091 1577 jam
2153 1503 2480 1558 ostensum
2541 1503 2654 1558 est.
2707 1495 2844 1559 Non
2891 1514 3044 1577 ergo
3102 1496 3361 1568 mirum,
3411 1496 3465 1559 si

1961 1595 2039 1656 ad
2072 1594 2437 1656 divinarum
2470 1595 2812 1658 veritatum
2843 1595 3231 1676 agnitionem
3265 1595 3468 1657 scien-

1963 1694 2208 1756 tificam
2254 1711 2380 1756 non
2429 1695 2628 1775 possit
2671 1712 3001 1774 assurgere
3045 1695 3228 1767 ratio,
3270 1704 3464 1775 quam

1964 1792 2127 1855 fides
2162 1792 2476 1875 proponit.
2513 1794 2580 1854 In
2613 1811 2742 1875 quo
2773 1800 2946 1875 patet
2973 1793 3464 1855 Manichaeorum

346 1887 727 1949 elucescunt
767 1903 782 1948 ε
816 1887 1356 1968 quemadmodum
1400 1888 1465 1949 in
1506 1888 1849 1969 superiori·
1888 1890 1934 1953 B
1964 1909 2162 1965 error,
2197 1892 2550 1954 dicentium
2589 1909 2780 1954 omne
2812 1891 2969 1953 illud
3009 1897 3314 1973 tanquam
3354 1890 3468 1954 fal-

347 1984 469 2047 bus
520 1985 863 2067 probatum
914 1994 1012 2047 est
1057 1985 1259 2048 Deum
1310 2006 1472 2059 esse,
1524 1994 1588 2049 et
1640 1987 1851 2069 plures

348 2084 509 2147 Deos
571 2101 699 2146 non
759 2102 945 2166 posse
1003 2103 1165 2158 esse,
1216 2092 1281 2147 et
1338 2085 1509 2167 quod
1559 2084 1723 2149 Deus
1772 2086 1855 2147 sit

345 2189 648 2255 aeternus,
681 2182 970 2245 omnium
1015 2182 1159 2245 fons
1203 2190 1267 2245 et
1312 2182 1485 2257 finis,
1522 2192 1855 2265 rectorque

346 2280 822 2354 universorum,
871 2288 935 2343 et
992 2281 1117 2343 alia
1178 2282 1397 2345 multa.
1446 2282 1578 2344 Non
1639 2283 1855 2345 omnia

345 2385 565 2441 tamen
624 2398 767 2462 quae
824 2380 903 2443 de
962 2380 1089 2443 Deo
1157 2380 1615 2461 cognoscibilia
1681 2388 1851 2455 sunt,

348 2477 623 2539 naturali
656 2478 897 2540 ratione
930 2485 1146 2559 patere
1178 2486 1466 2560 possunt.
1484 2477 1651 2540 Nihil
1685 2479 1856 2541 enim

346 2576 497 2637 sciri
540 2583 771 2657 potest,
805 2576 1007 2639 donec
1048 2575 1403 2639 substantia
1442 2576 1583 2656 ejus
1628 2593 1855 2657 cogno-

344 2682 579 2735 scatur.
600 2674 776 2736 Unde
804 2674 1157 2736 secundum
1186 2674 1667 2756 Philosophum,
1685 2674 1859 2756 prin-

345 2772 595 2853 cipium
664 2772 1225 2835 demonstrationis
1285 2780 1402 2846 est,
1463 2772 1632 2853 quod
1700 2772 1855 2854 quid

346 2878 459 2932 est.
526 2870 707 2943 Quod
765 2870 818 2932 si
878 2870 1235 2933 substantia
1290 2870 1566 2950 alicujus
1625 2887 1853 2951 cogno-

344 2968 595 3030 scibilis
652 2968 735 3030 sit
794 2967 1001 3041 nobiS,
1061 2976 1215 3030 tunc
1275 2968 1491 3032 omnia
1547 2988 1689 3050 quae
1758 2969 1851 3032 illi

1963 2008 2105 2052 sum
2155 1988 2591 2070 abjiciendum
2649 2008 2788 2052 esse
2847 1989 3017 2071 quod
3075 1990 3236 2052 ratio
3295 2008 3464 2051 com-

1963 2089 2360 2172 prehendere
2421 2105 2550 2151 non
2610 2096 2834 2171 potest.
2888 2088 3063 2162 Quod
3113 2089 3286 2151 enim
3335 2095 3464 2150 tam

1962 2187 2274 2250 sublimes
2333 2186 2488 2249 fidei
2558 2187 2856 2251 veritates
2925 2187 3466 2269 comprehendere

1962 2304 2089 2348 non
2157 2285 2470 2358 valemuS,
2533 2304 2660 2349 non
2729 2304 2942 2347 rerum
3013 2284 3294 2359 falsitati,
3356 2285 3466 2347 sed

1963 2391 2196 2447 nostrae
2227 2384 2490 2446 rationis
2522 2382 2993 2464 imperfectioni
3027 2382 3469 2464 imputandum

1964 2490 2077 2543 est.
2124 2482 2323 2556 Unde,
2375 2481 2542 2543 sicut
2589 2480 2826 2543 insanae
2871 2480 3105 2543 mentis
3148 2486 3316 2542 esset
3358 2480 3467 2543 ille

1966 2579 2258 2642 indoctus
2288 2586 2351 2640 et
2391 2580 2772 2650 rusticanuS,
2808 2578 2916 2659 qui
2957 2577 3050 2640 eis
3089 2577 3466 2640 veritatibus

1963 2695 2121 2758 quas
2181 2676 2502 2758 sapientes
2563 2684 2624 2738 et
2685 2675 3050 2757 philosophi
3117 2683 3468 2756 agnoscunt

1962 2783 2153 2856 atque
2204 2782 2592 2856 proponunt,
2644 2773 2840 2837 nollet
2891 2774 3132 2837 idcirco
3179 2774 3460 2846 credere,

1964 2873 2113 2954 quia
2142 2892 2272 2935 suae
2303 2872 2564 2934 rationis
2597 2871 2813 2934 lumen
2847 2873 3115 2935 vincunt
3149 2890 3162 2935 :
3188 2880 3259 2935 ut
3288 2880 3459 2947 sunt,

1964 2970 2388 3052 incorporalia
2447 2987 2574 3032 non
2631 2989 2771 3033 esse
2831 2971 2896 3032 in
2957 2970 3118 3044 loco,
3179 2971 3460 3033 animam

346 3067 761 3139 conveniunt,
804 3066 886 3129 ab
933 3066 1259 3129 intellectu
1308 3073 1525 3129 nostro
1568 3084 1853 3149 compre-
1885 3065 1927 3128 C
1965 3068 2098 3131 fore
2144 3067 2606 3131 indivisibilem
2649 3076 2713 3131 et
2755 3070 3175 3141 inextensam,
3221 3068 3286 3129 in
3332 3075 3465 3130 toto

344 3164 539 3227 hendi
592 3172 877 3246 possunt.
926 3164 1235 3237 Quoniam
1284 3180 1437 3245 ergo
1484 3164 1701 3227 divina
1748 3186 1851 3227 na-

344 3271 507 3335 tura,
562 3262 809 3325 ratione
856 3282 988 3326 suae
1032 3262 1305 3325 infinitae
1354 3262 1741 3325 actualitatis
1790 3272 1853 3327 et

344 3360 962 3441 superexaltationiS,
994 3378 1252 3423 omnem
1283 3366 1639 3422 creatorum
1672 3360 1851 3423 intel-

345 3459 633 3521 lectuum
683 3458 1039 3521 naturalem
1092 3459 1441 3539 potentiam
1496 3457 1849 3540 impropor-

343 3555 671 3618 tionaliter
719 3556 1223 3638 supergreditur,
1270 3556 1555 3637 sequitur
1604 3556 1845 3637 utique,

344 3672 471 3716 non
503 3672 691 3736 posse
722 3654 1069 3716 humanam
1112 3653 1425 3716 rationem
1468 3671 1847 3735 cognoscere

344 3754 420 3815 de
480 3752 613 3814 Deo
666 3753 886 3813 omnia
932 3770 1073 3833 quae
1124 3751 1201 3813 de
1258 3770 1337 3814 eo
1392 3751 1847 3833 cognoscibilia

344 3858 533 3929 sunt3
580 3850 693 3913 sed
743 3848 1206 3911 rationabiliter
1257 3850 1569 3931 contingit
1620 3857 1690 3911 ut
1739 3850 1847 3913 ali-

343 3968 467 4030 qua
496 3950 577 4012 de
608 3966 685 4012 eo
716 3948 1046 4010 tradantur
1075 3948 1389 4011 credenda
1420 3968 1563 4031 quae
1593 3948 1846 4030 concipi

340 4054 691 4131 nequeunt.

1961 3173 2184 3239 totam,
2244 3172 2308 3226 et
2365 3166 2430 3227 in
2491 3172 2668 3246 parte
2725 3166 3012 3247 qualibet
3069 3173 3308 3245 totam3
3371 3164 3464 3227 sic

1964 3265 2187 3346 utique
2221 3263 2424 3326 multo
2457 3262 2826 3326 indoctioris
2858 3272 2921 3326 et
2951 3264 3292 3326 insanioris
3331 3264 3462 3325 ani-

1964 3363 2051 3424 mi
2102 3369 2218 3435 est‚
2262 3362 2373 3442 qui
2425 3361 2662 3423 divinis
2713 3360 3044 3435 doctriniS,
3087 3381 3228 3443 quae
3279 3360 3465 3424 mini-

1962 3460 2156 3523 sterio
2198 3460 2571 3539 angelorum
2610 3458 2922 3521 divinitus
2961 3460 3343 3533 revelantur,
3385 3459 3465 3521 si-

1960 3558 2232 3639 gnisque
2263 3565 2326 3619 et
2359 3557 2687 3619 miraculis
2719 3557 2952 3620 divinae
2982 3556 3239 3619 virtutis
3269 3576 3305 3619 a
3334 3558 3463 3620 Deo

1960 3675 2293 3719 emanasse
2352 3655 2872 3737 comprobantur,
2936 3655 3078 3717 ideo
3137 3673 3264 3717 non
3324 3655 3463 3716 vult

1959 3755 2302 3827 adhaerere,
2345 3754 2496 3835 quia
2545 3754 2853 3816 rationem
2905 3753 3200 3814 evadunt.
3235 3788 3315 3797 —
3345 3752 3458 3814 De·

1960 3872 2138 3915 mum
2190 3852 2501 3933 Propheta
2558 3852 2969 3913 considerans
3017 3849 3251 3913 divinae
3299 3850 3456 3931 legis

1962 3950 2324 4015 testimonia
2358 3948 2662 4010 naturalis
2695 3947 3086 4028 ingenii‘vim
3119 3966 3451 4029 supergre-

1958 4050 2046 4122 di,
2068 4047 2548 4130 supernaturale
2579 4046 2961 4126 suffragium
2994 4045 3451 4127 postulat,dum

418 4148 751 4221 Praeterea,
785 4146 953 4209 Deus
985 4163 1111 4208 non
1142 4146 1545 4227 cognoscitur
1574 4147 1844 4209 naturali
1956 4150 2043 4210 ait
2094 4166 2107 4209 :
2150 4146 2382 4210 Revela
2421 4144 2640 4207 oculos
2682 4162 2876 4216 (11603,
2923 4151 2988 4205 et
3035 4141 3450 4206 considerabo
3509 4169 3547 4211 p
3547 4180 3716 4211 11111
3717 4182 3743 4219 ι,

344 4244 729 4326 cognitione,
763 4243 889 4306 nisi
920 4244 1275 4307 secundum
1306 4243 1845 4325 resplendentiam
1874 4241 1926 4304 D
1959 4245 2280 4310 mirabilia
2317 4245 2396 4306 de
2439 4243 2574 4322 lege
2603 4250 2731 4304 tua.
2776 4242 2853 4303 Et
2892 4242 3124 4304 iterum
3158 4258 3171 4302 :
3205 4241 3448 4303 Dormi-

345 4342 761 4425 perfectionis
790 4350 852 4405 et
884 4349 1123 4405 naturae
1152 4360 1461 4423 suae‚quae
1492 4342 1555 4403 in
1588 4342 1846 4405 entibus

346 4440 577 4503 creatis
638 4447 1127 4521 repraesentatur
1182 4448 1248 4503 et
1304 4440 1565 4504 relucet.
1628 4441 1846 4503 Omnis

345 4548 561 4601 autem
594 4538 847 4601 bonitas
875 4546 938 4602 et
970 4538 1281 4620 perfectio
1324 4538 1777 4612 secundorum,
1810 4558 1847 4601 a

348 4637 752 4719 plenitudine
781 4636 1013 4699 divinae
1044 4636 1343 4700 bonitatis
1382 4644 1445 4698 et
1484 4636 1845 4699 eminentiae

130 4756 321 4797 mmu-
348 4735 607 4798 infinite
648 4734 973 4797 occumbit
1019 4751 1033 4796 ε
1082 4753 1223 4815 quae
1267 4735 1483 4797 omnia
1528 4734 1591 4796 in
1638 4734 1847 4815 primo

346 4833 615 4915 probata
658 4840 826 4895 sunt.
858 4832 995 4895 Non
1038 4849 1191 4912 ergo
1236 4840 1442 4913 potest
1484 4832 1846 4895 intellectus

346 4940 562 4995 noster
601 4950 680 4993 ex
722 4931 861 5012 ipso
902 4937 1141 4993 naturae
1172 4930 1315 4992 sinu
1356 4937 1421 4993 et
1460 4948 1670 4992 rerum
1715 4948 1846 4991 cre-

346 5039 595 5093 atarum
657 5028 1117 5111 speculatione,
1173 5029 1251 5091 de
1312 5029 1439 5091 Deo
1505 5047 1847 5110 agnoscere

346 5129 566 5191 omnia
594 5146 739 5210 quae
768 5126 847 5188 de
886 5126 998 5188 illo
1033 5126 1491 5207 cognoscibilia
1528 5135 1693 5189 sunt.
1730 5128 1847 5190 Ad-

347 5227 497 5300 huc,
558 5224 897 5289 sublimior
955 5224 1319 5287 intellectus
1375 5225 1455 5287 de
1514 5243 1580 5287 re
1636 5226 1851 5307 aliqua

348 5324 551 5387 multa
606 5324 816 5387 noscit
868 5342 1014 5405 quae
1081 5322 1329 5404 ignorat
1384 5322 1668 5387 inferior.
1729 5324 1850 5385 An-

1957 4345 2116 4407 tavit
2158 4342 2374 4405 anima
2405 4359 2545 4403 mea
2577 4358 2704 4421 prae
2735 4339 2962 4417 taedi03
2996 4338 3308 4401 confirma
3348 4358 3449 4401 me

1958 4444 2022 4504 in
2075 4440 2290 4503 verbis
2341 4438 2488 4501 tuis.
2534 4438 2608 4499 Et
2658 4437 2722 4499 in
2769 4437 2887 4501 Job
2935 4438 3172 4499 dicitur
3223 4456 3236 4499 :
3289 4437 3449 4499 Ecce

1956 4540 2121 4602 Deus
2157 4556 2446 4618 magnuS,
2471 4535 2735 4597 vincens
2773 4535 3108 4597 scientiam
3146 4542 3445 4598 nostram.

2395 4760 2880 4826 ARTICULUS
2927 4760 3008 4824 V.

1958 4890 2140 4955 Quod
2181 4905 2308 4943 non
2348 4886 2431 4943 sic
2479 4885 2765 4942 levitatis
2803 4885 3121 4942 assentire
3165 4884 3268 4942 leis
3310 4904 3453 4961 quoe

2034 4978 2197 5052 fides
2229 4976 2436 5033 tradit
2467 4982 2526 5031 et
2560 4972 2729 5031 ratio
2758 4974 3296 5046 comprehendere
3329 4992 3449 5031 non

1930 5120 1937 5125 .
2028 5072 2260 5141 potest,
2285 5065 2450 5121 sieut
2483 5062 2798 5119 mentiens
2825 5062 3004 5119 dimit
3032 5064 3372 5122 AverroeS.

2082 5214 2416 5278 ONGRUIT
2447 5232 2706 5295 prorsus
2739 5220 2808 5275 ut
2834 5212 3084 5275 veritati
3117 5213 3454 5295 probandae

2112 5312 2602 5395 correspondeat
2626 5312 2959 5395 probantis
2998 5312 3306 5395 probatio.
3341 5314 3454 5377 Ver

3477 4234 3590 4337 igitr.
3619 4296 3686 4335 28.

3501 4462 3584 4506 Job
3599 4475 3740 4515 xxxvi,

3479 4528 3546 4569 26.
