4300 6259
205 4496 224 4525 c
263 4488 362 4535 ,1,8.

937 542 1359 589 numano
1399 543 1856 591 Pulzosorch.
1901 561 1982 573 —
2025 544 2103 591 ΒΕ
2143 544 2511 593 conronmcs
2554 545 2940 593 coemsrmus

3406 530 3485 595 67

460 708 912 775 Verumtamen
934 712 1192 793 grandis
1221 721 1318 777 est
1346 712 1880 795 difficultaS,qua-
1907 712 1960 777 A
1991 732 2268 796 namque
2335 716 2599 779 secundi
2666 716 3139 779 Sententiarum
3204 716 3489 779 affirmat

387 806 526 869 liter
553 826 823 891 corpora
867 810 1169 883 coelestia,
1203 829 1404 892 quum
1451 812 1579 873 sint
1623 830 1782 893 pura
1817 818 1881 873 et

387 906 726 988 simplicia,
779 926 906 971 non
965 910 1260 989 organica
1319 929 1436 973 nec
1497 910 1880 993 complexio·

387 1006 644 1077 nata,ab
673 1006 1012 1069 animabus
1041 1007 1294 1070 valeant
1322 1009 1562 1071 actuari
1595 1016 1658 1071 et
1689 1007 1882 1070 infor-

389 1103 564 1176 mari,
610 1112 676 1165 et
717 1105 1017 1167 animalia
1067 1106 1448 1187 nuncupari,
1501 1126 1698 1187 quum
1747 1106 1880 1168 ani-

391 1200 508 1263 mal
549 1202 633 1263 sit
669 1201 1024 1265 substantia
1053 1204 1398 1266 sensitiva:
1435 1222 1622 1286 porro
1649 1204 1880 1267 anima)

387 1299 508 1362 illae
555 1318 684 1363 non
729 1300 1030 1363 videntur
1079 1302 1417 1365 sensitivas
1466 1302 1636 1366 vires
1690 1302 1878 1365 habe-

389 1416 472 1469 re,
505 1400 809 1481 quoniam
852 1400 1288 1482 operationem
1331 1420 1512 1463 suam
1555 1409 1878 1484 nequeunt

387 1514 680 1559 exercere
727 1498 852 1559 nisi
903 1517 1018 1581 per
1075 1516 1342 1581 corpora
1395 1500 1752 1580 organizata
1817 1508 1880 1561 et

387 1594 910 1677 complexionata.
947 1598 1170 1660 Forma
1201 1616 1352 1661 vero
1381 1598 1589 1661 solum
1633 1598 1878 1661 intelle·

388 1694 550 1757 ctiva
589 1712 716 1757 non
762 1696 1010 1758 videtur
1051 1714 1236 1779 posse
1273 1698 1621 1761 consistere
1660 1698 1880 1759 intrin-

387 1812 562 1855 secus
593 1793 1158 1877 substantialisque
1189 1804 1370 1859 actus
1409 1805 1472 1859 et
1511 1795 1718 1859 forma
1753 1816 1877 1859 ma-

1989 813 2317 877 catholicae
2359 814 2513 877 fidei
2566 833 2943 897 repugnare,
2994 832 3277 877 asserere
3316 815 3486 897 quod

1989 909 2273 971 coelestia
2332 928 2595 993 corpora
2656 912 2937 974 animata
2994 911 3365 985 consistant,
3425 918 3489 973 et

1989 1009 2159 1090 quod
2206 1008 2351 1071 talis
2388 1010 2609 1092 opinio
2650 1010 3019 1073 idololatriae
3060 1009 3181 1071 fuit
3214 1010 3482 1073 occasio.

1991 1107 2056 1168 ln
2091 1106 2355 1170 Summa
2382 1117 2595 1171 autem
2628 1117 2847 1172 contra
2875 1109 3168 1191 gentileS‚
3206 1109 3369 1172 libro
3399 1128 3490 1172 se-

1991 1206 2223 1279 cund0‚
2278 1214 2541 1269 testatur
2588 1226 2713 1271 non
2766 1208 3087 1291 pertinere
3133 1208 3212 1270 ad
3262 1207 3483 1282 fidem,
3514 1236 3697 1289 σιμ-ιο.

1991 1304 2128 1366 sive
2159 1304 2253 1365 sic
2283 1304 2418 1367 sive
2447 1305 2633 1369 aliter
2672 1306 3002 1369 sentiatur.
3038 1306 3367 1388 Siquidem
3408 1307 3487 1369 de

1991 1400 2092 1463 his
2130 1421 2273 1484 quae
2313 1400 2466 1465 fidei
2517 1413 2686 1478 sunt,
2734 1422 2861 1467 non
2914 1404 3063 1467 licet
3108 1404 3434 1486 ambigere
3470 1422 3483 1467 :

1991 1500 2385 1581 Augustinus
2432 1509 2645 1564 autem
2698 1502 2865 1565 istud
2910 1501 3030 1565 sub
3076 1502 3273 1566 dubio
3315 1502 3489 1565 dere·

1993 1598 2199 1680 liquit.
2232 1600 2569 1662 —Verum
2616 1601 2677 1662 in
2724 1601 2929 1682 prima
2971 1607 3146 1682 parte
3186 1601 3485 1673 Summae,

1993 1698 2457 1780 septuagesima
2500 1700 2873 1781 quaestione,
2920 1699 3206 1781 loquitur
3256 1716 3269 1761 :
3321 1699 3491 1763 Inter
3516 1722 3661 1762 aas.

1995 1815 2104 1859 eos
2135 1798 2247 1879 qui
2280 1797 2563 1861 coelestia
2594 1816 2857 1879 corpora
2889 1806 3181 1861 asserunt
3210 1799 3492 1861 animata

389 1893 578 1965 teriae,
613 1895 966 1975 praesertim
1009 1896 1060 1957 si
1101 1897 1178 1959 ad
1219 1896 1706 1977 intelligendum
1753 1913 1878 1959 non
1910 1898 1956 1961 B
1995 1903 2058 1957 et
2110 1896 2275 1957 inter
2324 1896 2611 1958 dicentes
2661 1898 3075 1969 contrarium,
3126 1896 3495 1960 differentia

389 1990 664 2072 indigeat
720 1991 993 2073 aiicujus
1041 2012 1266 2056 sensus
1313 1994 1624 2076 obsequio
1673 2012 1880 2077 neque

389 2090 846 2172 phantasmate,
888 2092 1124 2173 quibus
1165 2092 1394 2155 animae
1443 2093 1568 2156 illae
1615 2092 1877 2163 nobiles,

389 2188 620 2270 quibus
651 2190 934 2253 scientiae
965 2200 1314 2256 concreatae
1353 2200 1586 2265 essent,
1620 2210 1746 2255 non
1788 2192 1880 2253 in-

390 2289 690 2369 digerent.

465 2389 552 2451 De
580 2388 682 2451 his
711 2408 864 2471 ergo
891 2389 1164 2453 difficile
1193 2400 1290 2453 est
1319 2400 1564 2455 certum
1594 2391 1748 2474 quid
1780 2391 1882 2453 de-

393 2486 600 2561 finire,
643 2497 904 2571 tamque
944 2488 1310 2572 philosophi
1363 2508 1552 2571 quam
1605 2489 1881 2570 theologi

394 2608 580 2670 super
609 2588 712 2651 his
741 2589 993 2651 diversa
1031 2596 1388 2651 senserunt.
1423 2588 1578 2650 Nam
1621 2596 1686 2650 et
1723 2590 1883 2651 Ana-

395 2704 648 2768 xagoras
677 2686 760 2749 ab
789 2686 1286 2751 Atheniensibus
1323 2686 1546 2768 pulsus
1575 2696 1670 2749 est
1701 2686 1881 2761 urbe,

393 2802 466 2847 eo
509 2786 682 2867 quod
730 2784 928 2847 solem
979 2786 1140 2848 dixit
1181 2786 1456 2868 lapidem
1499 2784 1884 2868 lampadem·

396 2902 468 2947 ve
509 2884 862 2955 ardentem,
897 2890 1114 2966 utpote
1159 2884 1250 2947 nil
1296 2884 1440 2947 vitae
1483 2890 1594 2945 aut
1633 2884 1885 2946 deitatis

397 2983 456 3045 in
487 2983 628 3066 ipso
657 2982 1028 3055 consistere,
1062 2992 1248 3065 prout
1285 2982 1762 3045 octavodecimo
1807 2983 1884 3045 de

1997 1994 2247 2056 modica
2304 2001 2401 2057 est
2462 2003 2569 2057 aut
2632 1995 2809 2057 nulla
2860 2013 2873 2057 ε
2926 1996 3078 2077 quia
3138 1996 3493 2058 secundum

1995 2100 2299 2175 utrosque
2340 2094 2553 2155 anima
2595 2093 2743 2157 coeli
2787 2112 2913 2157 non
2955 2101 3051 2156 est
3089 2094 3211 2156 nisi
3254 2094 3495 2157 intelle-

1995 2192 2185 2265 ctiva,
2236 2192 2503 2275 ideoque
2555 2210 2681 2256 non
2751 2200 2958 2275 potest
3020 2194 3269 2275 corpori
3328 2192 3493 2255 uniri

1997 2298 2066 2353 ut
2108 2291 2307 2354 forma
2346 2290 2803 2365 substantialis,
2838 2292 2950 2355 sed
2996 2292 3201 2354 solum
3252 2300 3319 2354 ut
3366 2310 3495 2354 mo-

1996 2397 2116 2451 tor.
2151 2390 2311 2452 Hinc
2358 2408 2625 2472 corpora
2666 2390 2771 2452 illa
2814 2390 2941 2452 dici
2992 2398 3320 2472 nequeunt
3368 2390 3498 2452 ani-

1999 2496 2189 2561 mata,
2224 2488 2346 2549 nisi
2378 2489 2703 2570 aequivoce
2746 2496 2810 2550 et
2852 2506 2965 2570 per
3004 2488 3497 2550 similitudinem

1997 2587 2365 2669 quamdam,
2398 2587 2551 2669 quia
2582 2594 2854 2651 motores
2897 2604 3119 2650 eorum
3152 2588 3243 2649 eis
3273 2604 3501 2669 appro-

1999 2685 2291 2767 priantur
2310 2692 2373 2747 et
2400 2686 2716 2747 adsistunt
2746 2686 2823 2747 ad
2858 2686 3500 2767 movendum‚quem-

1997 2784 2343 2847 admodum
2394 2784 2608 2846 anima
2654 2784 2905 2865 corpori
2954 2785 3124 2865 quod
3172 2783 3493 2847 informat.

1997 2882 2241 2955 Quibus
2283 2881 2497 2944 verbis
2538 2900 2893 2964 repugnare
2934 2882 3188 2944 videtur
3231 2883 3398 2963 quod
3432 2882 3499 2944 in

1999 2982 2263 3043 Summa
2324 2987 2543 3043 contra
2606 2980 2899 3062 gentileS‚
2963 2979 3127 3043 libro
3192 2981 3497 3054 secundo,

397 3082 658 3144 Civitate
729 3080 840 3143 Dei
913 3081 1136 3144 recitat
1199 3082 1612 3162 Augustinus
1683 3080 1882 3145 Rabbi
1916 3080 1960 3146 C
2000 3080 2395 3162 deprompsit
2424 3080 2697 3141 dicendo
2731 3080 2927 3153 :Quia
2956 3081 3264 3142 Averroes
3292 3079 3499 3161 opini-

395 3180 630 3263 Moyses
660 3198 812 3243 vero
841 3186 903 3241 et
936 3179 1117 3241 multi
1149 3178 1558 3243 Hebraeorum
1597 3181 1885 3243 doctores

393 3286 726 3342 senserunt
755 3296 1018 3361 corpora
1054 3278 1336 3342 coelestia
1375 3278 1890 3341 intellectualiter

391 3378 666 3441 animata
703 3396 778 3440 ac
823 3378 987 3440 viva.
1023 3378 1352 3460 Siquidem
1397 3376 1598 3440 Rabbi
1644 3378 1886 3461 Moyses

395 3478 456 3539 in
499 3477 782 3539 secunda
821 3476 1158 3539 collatione
1199 3493 1214 3537 z
1257 3475 1438 3549 Coeli,
1481 3475 1713 3559 inquit,
1746 3476 1882 3538 ani-

393 3576 580 3639 malia
621 3582 774 3637 sunt
813 3574 1166 3648 rationalia,
1208 3573 1568 3637 Creatorem
1605 3583 1886 3637 contem-

391 3674 670 3757 plantia3
705 3692 822 3735 nec
853 3679 1005 3735 sunt
1031 3672 1238 3735 solum
1274 3679 1441 3735 mota
1469 3680 1534 3735 et
1563 3690 1690 3735 non
1720 3673 1882 3747 viva,

390 3780 458 3836 ut
495 3772 875 3855 insipientes
913 3770 1282 3833 existimant
1315 3787 1331 3832 ι
1365 3770 1518 3843 imo,
1553 3779 1621 3833 ut
1661 3770 1884 3853 proba-

393 3879 620 3933 verunt
659 3869 1048 3953 philosophi,
1082 3876 1230 3931 sunt
1267 3868 1570 3931 animalia
1609 3868 1886 3932 Creatori

390 3969 752 4033 obedientia
779 3976 842 4031 et
875 3968 1088 4050 ipsum
1131 3966 1473 4041 laudantia,
1507 3974 1888 4049 cantantque

391 4070 446 4131 ei
477 4068 802 4131 canticum
833 4066 1070 4147 grande
1100 4084 1175 4128 ac
1207 4066 1460 4129 laudem
1499 4066 1842 4129 sublimem
1869 4084 1886 4145 3

391 4168 556 4251 quod
615 4167 808 4229 etiam
860 4183 937 4228 ex
989 4165 1126 4245 lege
1173 4165 1402 4247 Moysis
1452 4172 1514 4228 et
1560 4166 1888 4248 Prophetis

1999 3195 2187 3241 onem
2243 3196 2447 3251 suam,
2494 3196 2622 3259 qua
2668 3184 2843 3239 tenet
2876 3178 3173 3240 eumdem
3226 3196 3497 3241 numero

2001 3276 2399 3339 intellectum
2449 3276 2513 3339 in
2562 3276 2865 3339 omnibus
2913 3295 3053 3339 esse
3103 3275 3497 3352 hominibuS,

1997 3394 2077 3438 ex
2106 3375 2296 3438 dictis
2326 3374 2685 3437 Aristotelis
2716 3374 2943 3438 nititur
2970 3374 3290 3448 roborare,
3308 3382 3501 3438 restat

2000 3474 2509 3545 monstrandum,
2540 3472 2711 3554 quod
2752 3472 3106 3535 seeundum
3146 3472 3501 3537 Aristotelis

1997 3572 2403 3645 documenta,
2437 3569 2901 3633 intellectivum
2935 3570 3327 3653 principium
3358 3571 3499 3634 uni-

1997 3678 2140 3731 atur
2181 3669 2431 3751 corpori
2475 3668 2842 3732 immediate
2882 3678 2951 3731 ut
2987 3668 3216 3731 forma.
3260 3669 3501 3733 Deinde

2001 3768 2226 3850 probat
2277 3768 2539 3841 ibidem,
2584 3768 2753 3849 quod
2802 3768 3156 3830 secundum
3196 3767 3500 3831 Aristote-

2001 3867 2126 3929 lem
2160 3884 2423 3949 corpora
2455 3866 2739 3929 coelestia
2770 3866 2901 3928 sint
2940 3884 3089 3929 vere
3126 3885 3201 3928 ac
3242 3868 3501 3949 proprie

1997 3966 2277 4029 animata
2314 3965 2413 4045 (ut
2445 3964 2631 4027 modo
2670 3964 2903 4045 partim
2944 3964 3275 4027 inductum
3316 3965 3440 4045 est)
3482 3981 3495 4027 :

1999 4082 2075 4126 ex
2108 4062 2345 4145 quibus
2385 4062 2710 4126 concludit
2750 4063 3088 4137 intentum,
3122 4063 3292 4144 quod
3332 4064 3501 4125 scili-

2000 4170 2100 4225 cet
2156 4160 2619 4225 intellectivum
2673 4160 3063 4243 principium
3125 4180 3236 4224 seu
3284 4161 3499 4225 anima

393 4266 762 4331 ostenditur.
797 4265 906 4327 His
935 4262 1134 4326 Rabbi
1165 4264 1396 4347 Moysis
1425 4263 1639 4327 verbis
1670 4282 1888 4328 conso·
1919 4264 1968 4327 D
2001 4260 2471 4333 intellectualis,
2524 4278 2641 4321 nec
2700 4258 3035 4321 sensitivas
3083 4278 3203 4322 nec
3251 4268 3501 4341 vegeta·

393 4385 538 4429 nare
581 4364 838 4427 videtur
875 4363 1046 4445 quod
1093 4362 1410 4444 gloriosus
1457 4364 1548 4426 ait
1591 4363 1890 4448 Hierony-

395 4485 554 4538 muS,
579 4462 740 4527 illud
773 4462 1170 4525 Ecclesiastoe
1200 4479 1524 4543 exponens
1549 4479 1562 4523 :
1587 4460 1888 4525 Lustrans

395 4566 688 4627 universa
735 4562 798 4624 in
853 4560 1128 4623 circuitu
1173 4560 1378 4642 pergit
1435 4560 1718 4643 spiritus.
1775 4562 1890 4624 Per

391 4664 711 4746 spiritum,
745 4659 1066 4743 inquienS,
1109 4660 1406 4723 Salomon
1451 4659 1750 4740 intelligit
1792 4678 1888 4723 so·

393 4762 536 4833 lem,
555 4779 634 4824 eo
663 4760 834 4841 quod
864 4758 1102 4821 animal
1131 4758 1214 4821 sit
1243 4765 1307 4820 et
1334 4758 1534 4840 spiret
1563 4765 1628 4819 et
1655 4758 1886 4839 vigeat,

389 4877 742 4941 omnesque
771 4857 958 4920 orbes
989 4875 1106 4920 suo
1135 4856 1389 4939 expleat
1418 4874 1629 4919 cursu.
1666 4857 1747 4920 At
1783 4877 1886 4921 ve-

393 4978 460 5023 ro
507 4957 904 5038 Augustinus
963 4974 1158 5037 super
1203 4954 1526 5029 Genesim,
1579 4964 1770 5037 atque
1823 4958 1888 5019 in

393 5056 762 5120 Euchiridio
803 5074 876 5117 ac
921 5054 1086 5117 libro
1122 5054 1200 5116 de
1242 5053 1509 5117 Civitate
1551 5054 1683 5130 Dei,
1719 5055 1885 5117 istud

394 5155 589 5237 magis
633 5152 942 5233 relinquit
983 5150 1104 5213 sub
1148 5150 1364 5213 dubio.

465 5254 714 5316 Interea
763 5250 1036 5313 Thomas
1084 5248 1164 5312 de
1212 5249 1331 5312 hac
1383 5268 1454 5312 re
1503 5249 1568 5311 in
1617 5250 1887 5312 diversis

395 5352 546 5417 locis
589 5348 1022 5413 diversimode
1066 5354 1164 5411 est
1207 5348 1476 5412 locutus.
1529 5348 1598 5411 In
1637 5348 1887 5432 Scripto

1999 4360 2163 4422 tivas
2194 4359 2363 4422 vires
2394 4358 2637 4431 sortita,
2672 4356 2755 4419 sit
2782 4374 2931 4419 vere
2962 4357 3307 4421 intrinseca
3350 4359 3497 4422 sub·

1999 4458 2442 4540 stantialisque
2472 4456 2677 4520 forma
2707 4456 3013 4538 corporis,
3048 4463 3267 4540 utpote
3300 4457 3463 4521 coeli.

2083 4557 2536 4620 Verumtamen
2598 4556 2789 4618 etiam
2839 4554 3136 4618 Albertus
3196 4555 3361 4620 libro
3420 4558 3499 4621 de

2001 4654 2385 4737 Coaequaevis
2455 4654 2794 4717 concordat
2860 4653 3227 4735 praehabitis
3283 4654 3497 4719 verbis

1999 4754 2255 4818 Thomae
2300 4772 2313 4815 :
2354 4754 2491 4817 Non
2540 4760 2637 4815 est
2680 4752 3037 4834 (inquiens)
3084 4753 3499 4817 contradictio

2001 4854 2169 4915 inter
2198 4854 2459 4915 Sanctos
2489 4860 2679 4934 atque
2712 4850 3123 4933 philosophos
3152 4851 3231 4913 de
3261 4852 3497 4915 anima-

1999 4954 2173 5015 tione
2212 4951 2539 5014 coelorum.
2584 4949 2739 5012 Nam
2788 4948 3063 5010 dicimus
3110 4949 3280 5030 quod
3329 4968 3497 5031 quae·

1999 5051 2144 5113 dam
2178 5048 2615 5129 intelligentiae
2648 5048 2712 5109 in
2743 5045 3007 5109 orbibus
3038 5046 3167 5109 Deo
3205 5055 3352 5109 sunt
3390 5048 3495 5111 de-

1999 5150 2349 5213 servientes
2415 5148 2479 5209 in
2552 5146 2831 5209 motibus
2902 5146 3179 5221 orbium,
3240 5154 3305 5209 et
3370 5148 3496 5211 illae

2001 5246 2437 5329 intelligentiae
2468 5246 2771 5309 dicuntur
2797 5244 3027 5307 animae
3054 5244 3333 5322 orbium,
3366 5265 3494 5310 non

2001 5347 2273 5411 univoce
2342 5364 2489 5409 cum
2557 5343 2893 5408 animabus
2951 5344 3309 5423 hominum,
3368 5354 3489 5411 etc.
