4300 6259
900 515 981 560 nn
1020 516 1247 562 numam
1287 514 1669 562 cnmsrmnffi
1709 512 2011 571 runcum,
2055 511 2233 560 mann
2275 514 2336 559 n.
2385 532 2464 542 —
2505 515 2643 562 Aa‘r.
2689 517 2916 562 cxxxix
3341 497 3462 562 493

346 681 703 745 electorum
740 703 1049 748 numerus
1090 686 1447 769 completus
1485 685 1699 748 suerit.
1742 684 1852 746 Est
1880 682 1929 746 A
1963 681 2156 764 igitur
2194 685 2478 766 corrupti
2518 704 2632 767 per
2671 685 3146 767 corruptionem
3195 684 3464 747 destrui-

345 779 545 859 igitur
575 780 654 842 de
684 780 1064 844 necessitate
1096 781 1249 845 fidei
1282 782 1667 854 christianae,
1694 795 1853 842 mor·
1961 789 2066 842 tur
2100 799 2113 842 :
2148 799 2300 862 ergo
2343 790 2405 844 et
2449 783 2743 846 essentia.
2787 784 2924 846 Non
2969 783 3144 845 enim
3185 781 3466 864 separari

347 887 610 941 tuorum
652 880 1187 943 resurrectionem
1236 879 1520 943 futuram
1569 878 1846 941 credere.
1963 886 2235 959 possunt
2263 898 2403 942 esse
2443 887 2506 942 et
2544 881 2820 944 essentia
2859 881 3214 944 secundum
3253 887 3468 942 actua-

426 976 769 1057 Propterea
809 995 1042 1059 nempe
1080 978 1158 1039 ad
1202 977 1561 1041 Corinthios
1591 977 1853 1057 Aposto·
1964 974 2089 1037 lem
2136 977 2596 1040 exsistentiam.
2646 981 2800 1055 Imo,
2851 997 2991 1042 esse
3046 978 3328 1060 separari
3384 976 3464 1040 ab

88 1097 211 1138 icor.
240 1109 313 1146 n,
350 1073 453 1135 lus
487 1091 501 1134 ε
537 1075 601 1136 Si
628 1074 901 1156 (inquit)
930 1076 1217 1139 Christus
1262 1075 1646 1158 praedicatur
1682 1073 1850 1156 quod
1964 1075 2262 1150 essentia,
2294 1083 2358 1139 et
2391 1085 2600 1140 tamen
2649 1095 3000 1151 remanere,
3033 1086 3129 1139 est
3173 1086 3302 1138 tam
3350 1077 3466 1140 im-

66 1162 193 1202 ¹²'¹⁸·
350 1174 704 1235 resurrexit
761 1193 798 1234 a
856 1175 1149 1248 mortuiS,
1210 1174 1531 1257 quomodo
1590 1172 1849 1254 quidam
1965 1173 2274 1254 possibile
2341 1175 2506 1236 sicut
2565 1175 2988 1238 substantiam
3057 1175 3186 1237 dici
3252 1175 3462 1237 albam

348 1271 581 1332 dicunt
610 1270 677 1333 in
706 1271 889 1334 vobis
928 1271 1235 1353 quoniam
1274 1271 1659 1334 resurrectio
1692 1288 1852 1333 mor·
1966 1270 2219 1334 sublata
2259 1271 2556 1334 albedine
2605 1289 2618 1334 t
2667 1292 2806 1336 esse
2849 1274 3113 1356 quippe,
3159 1281 3256 1336 est
3303 1273 3464 1336 ratio

348 1377 613 1430 tuorum
674 1387 799 1431 non
857 1372 999 1431 est?
1059 1370 1123 1432 Si
1183 1376 1397 1432 autem
1470 1367 1855 1432 resurrectio
1966 1369 2336 1444 exsistendi,
2370 1371 2470 1433 vel
2506 1371 2643 1453 ipsa
2673 1371 2886 1453 potius
2917 1371 3307 1434 exsistentia.
3343 1371 3464 1434 Sed

350 1477 756 1530 mortuorum
808 1485 936 1530 non
994 1476 1113 1542 est,
1162 1487 1375 1551 neque
1424 1468 1711 1531 Christus
1762 1485 1853 1528 re·
1968 1468 2030 1529 id
2090 1467 2278 1548 cujus
2336 1470 2614 1532 essentia
2671 1489 2782 1532 seu
2843 1469 3196 1532 substantia
3254 1471 3462 1553 periit,

346 1565 650 1627 surrexit.
699 1565 763 1628 Si
806 1573 1020 1628 autem
1066 1566 1355 1629 Christus
1399 1584 1525 1629 non
1576 1583 1853 1628 resurre·
1968 1565 2137 1628 idem
2181 1585 2447 1629 numero
2493 1567 2700 1630 redire
2743 1586 2869 1630 non
2915 1575 3144 1649 potest,
3190 1568 3358 1630 sicut
3401 1569 3466 1630 in

348 1663 469 1737 xit,
520 1664 728 1726 inanis
782 1672 879 1726 est
925 1665 1294 1747 praedicatio
1344 1671 1598 1743 nostra3
1646 1663 1855 1725 inanis
1966 1665 2248 1726 secundo
2299 1665 2440 1750 Περὶ
2485 1669 2781 1747 γενέσεως,
2825 1666 2888 1728 id
2937 1673 3034 1728 est
3076 1666 3161 1728 De
3208 1683 3466 1746 genera-

348 1771 449 1824 est
488 1769 556 1824 et
600 1761 763 1825 fides
810 1771 1043 1825 vestra.
1089 1763 1237 1836 Quae
1285 1763 1501 1826 omnia
1548 1781 1675 1825 non
1718 1762 1851 1842 jam
1965 1763 2162 1836 tione,
2195 1762 2474 1825 ostendit
2501 1763 2940 1846 Philosophus.
2962 1765 3226 1826 Videtur
3254 1765 3467 1847 itaque

346 1861 429 1922 de
471 1860 939 1922 resurrectione
978 1860 1320 1942 spirituali,
1360 1861 1469 1923 sed
1512 1860 1849 1942 corporali,
1881 1863 1929 1926 B
1970 1868 2367 1923 mortuorum
2411 1862 2793 1924 resurrectio
2836 1863 3270 1945 impossibilis.

346 1958 727 2040 accipienda
773 1967 941 2020 sunt.
976 1959 1081 2020 Ait
1125 1978 1404 2040 namque
1451 1958 1791 2040 Apostolus
1836 1975 1849 2019 :
2044 1960 2372 2032 Praeterea,
2406 1960 2456 2020 si
2501 1960 2600 2040 (ut
2645 1980 2816 2024 nunc
2858 1969 3186 2024 ostensum
3230 1963 3353 2042 est)
3398 1963 3461 2024 in
3489 1995 3550 2027 w.

133 2089 316 2132 155555,
348 2056 615 2138 Oportet
650 2056 1071 2138 corruptibile
1104 2057 1225 2120 hoc
1266 2058 1533 2119 induere
1569 2057 1853 2118 incorru-
1963 2058 2139 2120 omni
2191 2057 2600 2140 corruptione
2649 2058 2730 2120 sit
2765 2059 3054 2122 essentiae
3101 2059 3460 2140 cujusdam,

348 2155 615 2237 p'telam,
668 2163 730 2216 et
784 2155 1049 2218 mortale
1103 2155 1224 2218 hoc
1274 2155 1541 2218 induere
1596 2155 1853 2218 immor·
1965 2156 2133 2234 sicut
2169 2163 2232 2218 et
2271 2156 2474 2237 ipsius
2514 2175 2676 2230 esse,
2709 2156 3078 2232 destructi0,
3113 2157 3164 2218 si
3198 2157 3261 2218 id
3292 2158 3462 2240 quod

346 2254 683 2315 talitatem.
726 2253 1015 2335 Denique
1062 2253 1347 2317 Salvator
1394 2261 1787 2316 contestatur
1836 2271 1851 2316 :
1964 2253 2362 2315 destructum
2411 2261 2508 2315 est
2558 2253 2766 2316 redire
2823 2253 3090 2328 dicatur,
3141 2254 3465 2317 videbitur

101 2382 317 2431 ΛΜΗ
348 2351 667 2426 Quoniam
714 2351 929 2414 veniet
974 2351 1132 2414 hora
1180 2353 1245 2414 in
1300 2372 1425 2434 qua
1474 2370 1697 2416 omnes
1742 2352 1853 2435 qui
1965 2350 2246 2433 amplius
2303 2368 2484 2414 novae
2531 2351 2624 2413 rei
2673 2352 3007 2433 productio
3053 2372 3247 2435 quam
3296 2354 3466 2434 ejus-

76 2447 135 2486 ²⁵·
351 2453 417 2513 in
465 2451 905 2513 monumentis
944 2459 1113 2525 sunt,
1146 2452 1410 2514 audient
1448 2470 1669 2516 vocem
1710 2453 1854 2515 Filii
1966 2449 2114 2511 dem
2144 2449 2484 2512 reiteratio.
2521 2449 2696 2523 Quod
2727 2451 2956 2513 deduci
2987 2457 3208 2533 potest.
3244 2451 3464 2515 Omnis

74 2573 317 2618 manaa
350 2550 485 2612 Dei.
541 2550 619 2611 Et
676 2569 899 2612 rursus
953 2567 967 2612 :
1018 2550 1161 2613 Scio
1200 2551 1441 2632 (inquit
1490 2552 1728 2614 Martha
1774 2553 1853 2614 de
1966 2565 2244 2630 namque
2275 2547 2467 2610 factio
2495 2548 2875 2610 terminatur
2901 2549 2978 2611 ad
3009 2550 3253 2632 aliquid
3293 2552 3463 2632 quod

348 2649 612 2728 Lazaro)
653 2648 956 2731 quoniam
1002 2658 1288 2730 resurget
1332 2650 1399 2711 in
1445 2652 1852 2713 resurrectio·
1967 2655 2065 2710 est
2102 2646 2416 2708 terminus
2454 2645 2770 2708 factionis.
2804 2647 3206 2729 Impossibile
3245 2656 3342 2711 est
3371 2667 3464 2710 er-

346 2765 454 2820 ne,
489 2747 558 2808 in
600 2746 951 2809 novissimo
989 2746 1112 2809 die.
1147 2747 1415 2829 Insuper
1442 2748 1607 2811 hanc
1636 2767 1855 2831 corpo·
1966 2761 2045 2825 go
2094 2743 2250 2806 duas
2298 2742 2606 2806 factiones
2654 2744 2734 2806 ad
2784 2763 2982 2806 unum
3032 2746 3463 2828 eumdemque

348 2865 496 2908 rum
544 2845 1081 2908 resurrectionem
1126 2846 1465 2910 manifeste
1507 2848 1853 2930 praenunti-
1965 2843 2315 2905 terminum
2373 2843 2724 2906 terminari.
2788 2843 2854 2906 Si
2910 2845 3082 2907 enim
3140 2853 3236 2909 est
3291 2846 3461 2908 idem

77 2977 275 3028 ,55555
276 2945 484 3027 5avit
528 2943 645 3007 Job
704 2943 1011 3017 futuram,
1064 2945 1218 3006 dum
1276 2945 1364 3007 ait
1415 2963 1429 3006 ε
1483 2945 1627 3008 Scio
1685 2947 1855 3028 quod
1964 2941 2302 3014 termium,
2334 2949 2489 3004 tunc
2529 2960 2656 3005 non
2697 2950 2888 3004 erunt
2925 2943 3064 3006 duae
3103 2942 3460 3007 factiones:

80 3045 137 3085 ²⁰-
348 3043 740 3124 Redemptor
790 3061 973 3104 meus
1022 3042 1203 3116 vivit,
1255 3050 1319 3105 et
1380 3043 1443 3104 in
1503 3043 1856 3107 novissimo
1886 3046 1931 3111 G
1966 3041 2269 3121 quoniam
2317 3039 2530 3114 factio,
2563 3040 2730 3103 sicut
2771 3047 2832 3102 ct
2877 3041 3086 3104 omnis
3128 3049 3336 3105 motus
3375 3051 3466 3105 at-

348 3142 457 3203 die
504 3141 585 3202 de
632 3148 803 3202 terra
850 3147 1256 3203 surrecturus
1305 3160 1471 3216 sum,
1524 3151 1587 3204 et
1636 3162 1857 3206 rursus
1966 3157 2091 3220 que
2138 3138 2426 3212 mutati0,
2460 3138 2743 3220 speciem
2789 3140 3072 3214 sortitur,
3120 3158 3352 3204 nomen
3400 3150 3465 3204 et

348 3238 803 3301 circumdabor
845 3238 1013 3320 pelle
1058 3256 1220 3312 mea,
1261 3247 1327 3301 et
1370 3239 1435 3301 in
1482 3259 1671 3302 carne
1717 3260 1857 3304 mea
1967 3237 2302 3311 unitatem,
2334 3257 2372 3299 a
2414 3237 2690 3300 termino
2729 3241 2817 3298 ad
2861 3258 3073 3318 quem,
3113 3247 3182 3301 ut
3213 3241 3278 3302 in
3309 3240 3464 3323 Phy-

349 3336 590 3401 videbo
646 3337 847 3399 Deum
906 3336 1285 3400 salvatorem
1344 3357 1581 3400 meum.
1635 3339 1855 3403 Denuo
1967 3336 2116 3397 sicis
2163 3335 2389 3416 probat
2429 3336 2819 3400 Aristoteles.
2869 3337 2988 3399 Sed
3033 3338 3466 3420 primordialis

82 3469 319 3520 5555555,
350 3437 601 3499 Veritas
647 3436 737 3497 ait
788 3453 803 3496 :
852 3436 986 3498 viri
1034 3437 1331 3500 Ninivitae
1388 3445 1731 3519 exsurgent
1788 3439 1853 3500 in
1968 3434 2059 3495 rei
2111 3433 2466 3516 productiO,
2519 3441 2583 3496 et
2640 3435 2931 3516 ejusdem
2987 3436 3119 3516 jam
3180 3439 3464 3519 corrupti

346 3534 599 3614 judicio
628 3541 849 3596 contra
874 3535 1353 3615 generationem
1386 3536 1591 3598 istam.
1630 3537 1695 3598 ln
1729 3555 1856 3618 quo
1968 3531 2391 3607 resuscitatio,
2443 3533 2582 3596 duae
2632 3533 2842 3596 forent
2886 3534 3194 3597 factiones
3237 3554 3250 3598 ε
3295 3537 3463 3618 quod

348 3632 759 3713 significatur
802 3639 1201 3696 mortuorum
1246 3635 1645 3698 resuscitatio
1689 3634 1857 3697 futu·
1967 3650 2043 3692 ex
2076 3630 2411 3712 temporali
2453 3631 2972 3696 discontinuitate
3012 3634 3295 3715 ipsarum
3340 3636 3463 3698 cla-

350 3751 440 3792 ra.
480 3731 609 3792 Hoc
648 3738 863 3792 autem
904 3748 982 3792 ex
1022 3731 1293 3793 diversis
1331 3732 1673 3814 Scripturae
1714 3752 1855 3796 san·
1968 3737 2081 3790 ret.
2125 3728 2389 3790 Videtur
2433 3747 2584 3810 ergo
2626 3731 2796 3812 quod
2843 3739 3166 3795 mortuum
3211 3741 3329 3807 est,
3371 3752 3464 3796 re·

349 3839 471 3893 ctae
516 3828 900 3891 testimoniis
942 3829 1087 3892 luce
1126 3829 1359 3892 clarius
1399 3838 1665 3892 constat.
1698 3833 1857 3913 Apo·
1967 3826 2263 3888 suscitari
2307 3845 2432 3889 non
2478 3845 2682 3909 posse.

102 3963 223 4007 100,
249 3979 319 4016 55
346 3929 551 3992 stolus
580 3929 755 3990 euim
784 3929 904 3990 ait:
919 3928 1040 3991 Sed
1069 3929 1239 3991 dicet
1266 3929 1523 4011 aliquis,
1536 3931 1857 4004 Quomodo
2045 3925 2362 4006 AmpliuS,
2395 3945 2536 4007 quae
2577 3931 2864 4008 tempore
2893 3936 3335 4004 secernuntur,
3370 3947 3465 3992 re·-
3487 3967 3569 4004 nv.

88 4029 143 4068 ³⁵·
350 4034 697 4108 resurgunt
753 4028 1031 4090 mortui?
1090 4027 1263 4108 quali
1320 4035 1535 4090 autem
1592 4047 1857 4112 corpore
1964 4024 2149 4086 aliter
2205 4024 2704 4104 distinguuntur.
2762 4022 2824 4085 Si
2884 4025 3057 4086 enim
3107 4033 3250 4108 post
3297 4029 3462 4090 sani·

130 4163 321 4207 [mas
350 4127 661 4189 venient²
692 4125 769 4187 Et
812 4133 953 4207 post
996 4143 1199 4206 pauca
1243 4127 1389 4188 ait:
1432 4127 1598 4189 Deus
1640 4136 1853 4190 autem
1964 4131 2160 4185 tatem
2209 4121 2354 4204 quis
2406 4139 2660 4183 rursum
2713 4121 3081 4184 infirmetur
3137 4133 3201 4187 et
3255 4126 3464 4190 denuo

348 4226 459 4287 dat
502 4225 631 4286 illis
676 4242 909 4306 corpus
959 4230 1149 4306 prout
1190 4224 1348 4298 vult,
1395 4233 1459 4287 et
1510 4226 1854 4308 unicuique
1884 4229 1937 4293 D
1965 4227 2247 4294 sanetur,
2299 4237 2423 4282 non
2481 4219 2692 4282 denuo
2739 4218 2976 4282 redibit
3027 4223 3249 4284 eadem
3303 4225 3468 4287 sani-

350 4324 677 4386 seminum
730 4324 1060 4405 proprium
1119 4341 1370 4405 corpus,
1424 4324 1501 4386 Et
1551 4325 1856 4388 Dominus
1965 4329 2079 4381 taS.
2128 4319 2249 4382 Sed
2290 4337 2405 4400 per
2449 4319 2948 4399 corruptionem,
2985 4338 3124 4382 esse
3169 4322 3258 4384 rei
3303 4323 3468 4386 tolli-

96 4447 225 4492 Mm,
239 4463 320 4501 1„
349 4423 431 4483 ad
472 4421 771 4484 Judaeos:
804 4420 1115 4483 Videbitis
1159 4421 1426 4503 (inquit)
1470 4422 1701 4485 Filium
1744 4424 1855 4485 ho·
1968 4426 2071 4479 tur
2114 4435 2127 4478 :
2171 4426 2267 4480 est
2305 4417 2480 4479 enim
2525 4417 2870 4498 corruptio,
2911 4417 2993 4480 ab
3035 4437 3174 4481 esse
3225 4421 3288 4482 in
3338 4440 3464 4484 non

86 4511 141 4551 ⁶⁶·
352 4520 549 4582 minis
580 4519 947 4581 venientem
981 4519 1045 4581 in
1078 4518 1361 4581 nubibus
1392 4521 1557 4583 coeli.
1581 4521 1753 4594 Quod
1788 4523 1853 4584 in
1968 4535 2105 4578 esse
2139 4517 2424 4578 mutatiO.
2449 4515 2585 4578 Non
2619 4533 2768 4596 ergo
2797 4525 2894 4578 est
2923 4517 3090 4580 idem
3124 4537 3264 4582 esse
3294 4522 3464 4602 quod

350 4617 703 4682 universali
744 4618 965 4699 utique
1004 4618 1467 4680 resurrectione
1508 4620 1850 4700 continget.
1968 4615 2226 4697 praesuit
2273 4620 2336 4676 et
2384 4615 2749 4676 resumitur.
2791 4615 3009 4698 Neque
3054 4617 3248 4697 igitur
3296 4609 3465 4682 ide‘m

1969 4721 2065 4776 est
2111 4732 2226 4775 eus
2274 4712 2442 4794 quod
2495 4714 2930 4788 resuscitatur,
2973 4733 3120 4777 curn
3171 4733 3246 4778 eo
3294 4719 3465 4799 quod

648 4845 1139 4910 ART1CULUS
1186 4845 1561 4909 LXXXIX⁶
1968 4810 2499 4893 corrumpebatur
2541 4828 2554 4873 :
2599 4829 2714 4873 ens
2763 4813 2935 4875 enim
2977 4812 3214 4876 dicitur
3263 4835 3465 4878 unum

1966 4910 2046 4971 ab
2090 4911 2333 4972 unitate
2377 4909 2476 4970 sui
2520 4927 2678 4972 esse.

396 4969 749 5030 Instantiae
780 4976 1009 5027 contra
1052 4971 1249 5045 fidem
1291 4970 1811 5031 resurrectioni&
2046 5008 2292 5081 Adhuc,
2327 5007 2379 5068 Si
2422 5007 2593 5068 idem
2624 5026 2854 5090 corpus
2892 5008 3172 5074 hominis
3215 5030 3462 5094 repam·
3489 5061 3548 5094 nr·

76 5127 320 5177 hstis—mr.
500 5111 1042 5175 UEMADMODUM
1099 5119 1312 5173 autem
1372 5113 1697 5192 generatio
1763 5122 1859 5175 est
1966 5114 2071 5169 tur
2113 5107 2191 5167 ad
2243 5106 2463 5180 vitam,
2521 5105 2934 5169 00ssf01'mit81'
2981 5109 3324 5173 dicendum
3371 5114 3460 5176 vi·
3555 5081 3566 5094 ο

360 5109 493 5312 Q
526 5209 966 5272 substantialis
1010 5228 1151 5272 esse
1194 5227 1415 5272 recens
1454 5210 1731 5292 adeptio,
1765 5213 1858 5274 sic
1966 5207 2174 5278 detur,
2203 5204 2373 5285 quod
2415 5204 2728 5286 quidquid
2770 5204 2832 5266 in
2876 5223 3140 5290 corpore
3180 5209 3459 5273 hominis

352 5309 684 5392 corruptio
733 5315 830 5370 est
888 5308 1031 5370 talis
1086 5327 1227 5370 esse
1283 5309 1649 5372 destructio.
1705 5310 1857 5374 Esse
1966 5304 2111 5380 fuit,
2161 5303 2327 5366 idem
2379 5321 2650 5367 numero
2692 5307 3060 5368 restituatur
3111 5324 3125 5369 ε
3167 5308 3245 5370 ad
3288 5310 3476 5392 quod·
