4300 6259
675 3838 756 3877 art.
779 3849 894 3888 xxxxx

916 481 1038 547 300

1523 503 1602 549 DE
1644 502 1870 549 Lunum
1913 499 2297 550 cnmsTiANAE
2338 499 2641 559 TnnomAE,
2686 503 2861 549 LIBER
2902 505 2941 549 1.
2990 521 3069 533 —
3110 504 3249 550 ΛΒΤ.
3296 505 3417 549 Lvn

911 671 1024 752 git,
1059 689 1183 736 non
1215 674 1470 738 videtur
1500 675 1668 758 quod
1711 675 1914 758 ipsius
1954 674 2231 739 essentia
2269 690 2410 757 pos·
2435 670 2489 734 A
2519 673 2757 738 formes
2796 674 3221 758 perfectiones
3269 695 3306 738 a
3344 675 3643 738 secundis
3680 673 3997 756 participa·

913 771 997 832 sit
1028 791 1142 852 per
1171 773 1455 856 plurium
1497 773 1936 855 intelligibiles
1975 773 2224 855 species
2262 789 2410 834 con-

913 869 1042 952 cipi
1107 888 1121 933 :
1183 871 1350 953 quod
1419 872 1592 934 enim
1650 872 1842 934 unius
1901 871 2257 934 similitudo
2314 879 2411 933 est

913 975 978 1030 et
1036 968 1306 1050 specieS,
1358 969 1621 1033 alterius
1680 969 2036 1032 similitudo
2091 987 2232 1031 esse
2282 987 2409 1030 non

913 1073 1142 1150 potest,
1200 1068 1501 1149 quoniam
1571 1068 1966 1130 diversarum
2037 1075 2407 1129 naturarum

913 1172 1060 1226 sunt
1091 1164 1408 1228 distinctae
1449 1165 1926 1229 similitudines.
1964 1166 2084 1228 Sed
2116 1167 2251 1228 haec
2279 1183 2411 1228 om-

912 1263 1019 1325 nia
1070 1282 1184 1344 per
1231 1265 1404 1326 hunc
1465 1265 1724 1328 modum
1774 1265 2036 1328 dissolvi
2089 1271 2405 1345 poterunt.

911 1361 1315 1424 Manifestum
1368 1382 1645 1445 namque
1685 1372 1802 1436 est,
1844 1363 2078 1426 divinae
2118 1362 2410 1426 essentiae

912 1459 1299 1523 identificari
1329 1479 1518 1524 omne
1548 1463 1720 1544 quod
1753 1462 1815 1523 in
1848 1462 1976 1524 Deo
2006 1460 2410 1524 est..Divinus

910 1558 1190 1641 denique
1260 1559 1622 1622 intellectus
1693 1567 1921 1622 cuncta
1981 1559 2277 1641 producit
2331 1558 2409 1620 ad

912 1657 1517 1739 contemplationem
1563 1658 1863 1719 idealium
1905 1657 2247 1730 rationum,
2281 1675 2407 1719 non

910 1755 1171 1836 quidem
1211 1755 1293 1817 ab
1329 1755 1455 1818 alio
1495 1756 1877 1830 elicitarum‚
1912 1755 2022 1818 sed
2062 1775 2138 1818 ex
2182 1762 2409 1818 semet-

2516 772 2669 836 bilis
2698 775 3135 857 esttquaedam
3168 774 3343 837 enim
3374 793 3515 838 esse
3546 781 3811 845 tantum,
3844 791 3997 853 quae-

2517 872 2661 934 dam
2694 881 2908 935 autem
2940 880 3002 935 et
3033 892 3173 937 esse
3204 881 3269 936 et
3288 873 3531 946 vivere,
3556 872 3837 954 quaedam
3860 888 3997 933 vero

2518 969 2781 1052 insuper
2824 979 2888 1035 et
2930 989 3314 1053 cognoscere
3356 991 3393 1034 a
3436 971 3658 1034 divino
3692 977 3837 1032 ente
3874 988 3997 1030 sus-

2519 1069 2789 1151 cipiunt.

2598 1168 2815 1248 ltaque
2856 1185 2981 1230 non
3028 1175 3124 1230 est
3161 1166 3433 1230 difficile
3473 1167 3710 1239 videre,
3740 1165 4003 1248 qualiter

2520 1265 2793 1346 simplex
2837 1266 3113 1328 essentia
3162 1266 3244 1327 sit
3292 1266 3579 1347 plurium
3628 1262 3999 1346 exemplaris

2518 1364 2678 1426 ratio
2722 1380 2735 1424 ε
2780 1364 2931 1446 quia
2974 1381 3101 1426 non
3147 1371 3218 1425 ut
3258 1363 3549 1426 absolute
3591 1371 3869 1444 accepta,
3900 1359 3999 1422 sed

2520 1465 2587 1524 ut
2620 1461 3099 1524 multiformiter
3130 1461 3463 1524 imitabilis
3502 1461 3843 1534 intellecta,
3878 1459 4001 1520 uni-

2518 1578 2846 1622 versorum
2892 1560 3162 1641 specieS,
3195 1560 3355 1622 ratio
3394 1567 3458 1621 et
3496 1559 3821 1641 exemplar
3862 1557 4003 1618 dici-

2517 1664 2639 1720 tur.
2695 1658 3020 1732 Quomodo
3076 1665 3287 1720 autem
3352 1658 3471 1720 hoc
3530 1657 3873 1737 contingat,
3920 1655 4003 1716 sic

2519 1756 2723 1838 accipi
2754 1763 2981 1838 potest.
3016 1757 3383 1818 Intellectus
3416 1756 3617 1818 multa
3645 1761 3925 1836 segregat
3952 1761 4006 1814 et

913 1853 1052 1935 ipso
1096 1861 1572 1936 conceptarum,
1609 1862 1677 1916 ut
1718 1854 1890 1917 Plato
1935 1861 2221 1928 testatur,
2255 1855 2407 1916 dum
2446 1853 2492 1915 B
2522 1855 2897 1935 segregatim
2932 1855 3231 1935 intelligit
3261 1874 3403 1936 quae
3436 1854 3499 1916 in
3534 1872 3602 1917 re
3644 1851 4005 1935 separabilia

859 1980 869 1990 ·
912 1953 979 2014 in
1018 1952 1254 2016 Timaeo
1293 1953 1385 2014 sic
1424 1953 1511 2014 ait
1546 1970 1559 2014 τ
1593 1953 1775 2016 Certe
1814 1952 2083 2014 dubium
2125 1970 2251 2014 non
2290 1959 2408 2026 est,

911 2051 990 2112 ad
1049 2049 1410 2130 cujusmodi
1461 2051 1828 2132 exemplum
1890 2050 2413 2113 animadverterit

914 2149 1219 2210 mundani
1270 2149 1483 2230 operis
1533 2147 1947 2211 fundamenta
1995 2148 2407 2210 constituens.

911 2246 1067 2309 Nam
1120 2247 1174 2308 si
1213 2247 1310 2326 (ut
1361 2246 1583 2328 utique
1630 2248 1752 2326 est)
1791 2246 2269 2328 pulchritudine
2320 2246 2411 2308 in-

913 2344 1334 2426 comparabili
1367 2345 1644 2407 mundus
1676 2351 1792 2417 est,
1825 2343 2172 2426 opifexque
2216 2351 2279 2406 et
2321 2343 2412 2406 fa-

914 2441 1193 2505 bricator
1261 2443 1402 2523 ejus
1469 2444 1772 2524 optimuS,
1836 2443 2251 2525 perspicuum
2318 2448 2412 2504 est

915 2541 1084 2622 quod
1113 2541 1294 2621 juxta
1334 2541 1599 2603 sincerae
1637 2548 1826 2623 atque
1869 2539 2412 2604 incommutabilis

916 2638 1320 2721 proprietatis
1351 2639 1743 2720 exemplum,
1762 2640 1983 2701 mundi
2014 2639 2098 2701 sit
2125 2639 2416 2701 instituta

917 2737 1185 2812 molitiO,
1232 2738 1297 2799 id
1345 2744 1443 2800 est
1487 2738 1842 2800 secundum
1887 2744 2188 2801 aeternam
2233 2737 2419 2800 ratio-

915 2853 1083 2898 nem.
1117 2835 1180 2897 Si
1213 2843 1425 2898 autem
1459 2835 1552 2897 sic
1583 2854 1708 2898 non
1742 2842 1859 2910 est,
1893 2853 2291 2918 consequens
2322 2842 2419 2897 est

915 2932 1085 3014 quod
1116 2934 1468 2996 secundum
1501 2933 1894 2996 elaboratum
1927 2932 2318 3015 exemplum,
2354 2934 2416 2995 id

2521 1971 2647 2016 non
2708 1961 2875 2015 sunt.
2930 1953 3299 2016 Considerat
3346 1953 3586 2015 etenim
3636 1970 3837 2033 genus
3882 1951 4007 2011 sine-

2520 2052 2755 2134 specie,
2806 2059 2867 2114 et
2909 2051 3192 2134 speciem
3242 2051 3381 2114 sine
3433 2050 3780 2114 individuis
3823 2067 3837 2112 :
3879 2067 4007 2131 quae

2521 2159 2747 2214 natura
2778 2150 3142 2212 nullatenus
3184 2168 3477 2231 separare
3518 2156 3743 2232 potest.
3778 2149 4005 2211 Denuo,

2522 2256 2593 2310 ut
2630 2249 2716 2310 ait
2760 2247 3202 2329 PhilosophuS‚
3236 2247 3485 2329 species
3532 2265 3745 2308 rerum
3790 2243 4005 2307 habent

2522 2366 2590 2410 se
2628 2349 2791 2410 sicut
2834 2346 3085 2409 numeri
3130 2363 3143 2407 :
3188 2346 3355 2407 sicut
3402 2346 3577 2407 enim
3628 2345 3691 2406 in
3740 2342 4007 2406 numeris

2472 2450 2481 2461 '
2522 2446 2805 2508 variatur
2833 2444 3080 2526 species
3120 2463 3235 2525 per
3274 2443 3774 2505 subtractionem
3818 2449 3879 2503 et
3914 2439 4010 2501 ad-

2525 2543 2831 2605 ditionem
2885 2542 3168 2616 unitatis,
3222 2541 3316 2603 sic
3366 2560 3481 2623 per
3526 2540 3911 2603 additionem
3956 2546 4012 2599 et

2526 2641 3026 2704 subtractionem
3068 2639 3425 2702 essentialis
3466 2638 3851 2701 differentias
3884 2635 4011 2698 effi-

2526 2740 2691 2802 citur
2719 2739 2916 2802 altera
2946 2738 3192 2820 species
3234 2739 3299 2800 in
3340 2737 3643 2800 omnibus
3684 2735 3923 2798 naturis
3957 2741 4011 2795 et

2526 2837 2878 2901 ordinibus.
2930 2837 3191 2910 RursuS,
3244 2835 3409 2898 sicut
3462 2852 3774 2897 numerus
3824 2832 4010 2912 maj0r

2528 2935 2811 2999 continet
2858 2935 3171 2997 minorem
3216 2943 3281 2996 et
3322 2934 3623 3016 ampliuS,
3658 2933 3753 2996 sic
3783 2931 4009 3016 species

915 3039 1011 3094 est
1039 3031 1120 3093 ab
1149 3031 1364 3113 aliquo
1396 3031 2176 3114 susceptum,sensibilem
2200 3031 2417 3094 orbem
2448 3031 2491 3096 C
2528 3043 2589 3098 et
2622 3035 2829 3098 forma
2868 3035 3076 3108 altior,
3112 3033 3434 3096 inferioris
3467 3041 3711 3096 naturae
3740 3032 4011 3115 perfecti-

915 3130 1288 3211 produxerit
1340 3147 1353 3191 t
1408 3131 1575 3212 quod
1639 3149 1757 3192 nec
1826 3131 2084 3211 cogitari
2156 3131 2414 3212 quidem

915 3234 1025 3290 aut
1059 3235 1268 3290 mente
1301 3228 1552 3310 concipi
1585 3228 1682 3291 fas
1715 3235 1828 3292 est.
1867 3229 2042 3291 Unde
2085 3229 2412 3303 elucescit,

916 3326 1085 3406 quod
1119 3325 1504 3407 exemplaris
1535 3327 1695 3388 ratio
1726 3334 1789 3388 et
1820 3327 1981 3400 idea,
2015 3327 2100 3389 sit
2127 3326 2415 3388 substan-

919 3423 1154 3486 tialiter
1195 3424 1414 3485 divina
1458 3424 1752 3486 essentia.

986 3522 1103 3584 Sed
1138 3541 1278 3603 quae
1311 3522 1393 3583 sit
1422 3521 1588 3583 inter
1617 3539 1721 3584 eas
1753 3521 2178 3596 distincti0,et
2200 3540 2417 3604 quem-

920 3621 1262 3684 admodum
1309 3619 1582 3702 simplex
1628 3621 1904 3683 essentia
1951 3620 2233 3702 plurium
2282 3639 2422 3703 pos-

2529 3153 2716 3196 onem
2762 3132 3031 3195 includit
3074 3139 3137 3194 et
3174 3131 3453 3213 amplius
3498 3148 3512 3192 :
3560 3138 3822 3213 propter
3858 3130 4009 3212 quod

2528 3231 2687 3294 dixit
2706 3229 3535 3310 AristoteleS,vegetativum
3564 3235 3630 3291 et
3659 3229 4009 3290 sensitivam

2529 3349 2668 3392 esse
2700 3329 2765 3390 in
2798 3329 3213 3400 intellectiv0,
3246 3328 3415 3389 sicut
3456 3327 3781 3408 trigonum
3832 3327 3893 3388 in
3934 3334 4009 3387 te-

2528 3436 2809 3508 tragono.
2855 3426 3396 3508 Quandocumque
3446 3443 3599 3506 ergo
3648 3433 3871 3486 natura
3912 3424 4009 3486 ali-

2531 3545 2656 3608 qua
2701 3525 2885 3606 plura
2930 3524 2995 3586 in
3040 3543 3107 3586 se
3153 3522 3660 3604 comprehendit,
3694 3529 3899 3605 potest
3932 3521 4011 3582 in-

2530 3624 2822 3686 tellectus
2892 3641 3093 3684 unum
3155 3621 3410 3684 illorum
3476 3618 3835 3702 intelligere
3888 3621 4008 3682 sinc

2530 3722 2675 3795 alio,
2708 3721 2759 3783 si
2815 3739 3017 3783 unum
3062 3738 3189 3782 non
3236 3719 3427 3781 fuerit
3470 3719 3549 3781 de
3594 3719 3839 3781 ratione
3876 3719 4009 3781 alte-

2531 3819 2665 3881 rius
2700 3837 2713 3880 :
2748 3819 2913 3881 sicut
2959 3817 3023 3879 in
3066 3815 3345 3880 ternario
3386 3822 3591 3897 potest
3630 3815 4007 3878 considerare

924 3916 1216 3978 divinum
1285 3916 1682 3978 intellectum
1740 3924 1997 3979 naturas
2056 3934 2279 3978 omnes
2345 3916 2421 3977 ad
2534 3916 2854 3978 binarium
2886 3923 3237 3988 tantum,et
3268 3915 3333 3976 in
3363 3913 3625 3977 homine
3656 3913 4007 3976 sensitivam

924 4014 1214 4097 proprias
1263 4015 1509 4096 species
1558 4015 2006 4088 determinare,
2050 4020 2242 4096 atque
2289 4014 2424 4075 uni·
2533 4014 2760 4077 solum.
2788 4013 2863 4074 Et
2892 4013 3244 4076 secundum
3277 4013 3397 4076 hoc
3429 4018 3638 4094 potest
3668 4011 4011 4074 intellectus

923 4130 1256 4175 versorum
1288 4113 1531 4174 ordinis
1575 4131 1832 4174 causam
1867 4113 2002 4174 fore
2036 4130 2050 4173 z
2086 4113 2150 4174 in
2184 4131 2251 4174 se
2284 4112 2422 4193 ipso
2534 4112 2596 4174 id
2648 4112 2813 4193 quod
2868 4112 3053 4194 plura
3102 4110 3571 4192 complectitur,
3622 4111 3910 4192 accipere
3952 4117 4011 4170 ut

923 4230 1072 4292 ergo
1103 4212 1374 4284 ordinat,
1411 4229 1536 4292 quo
1571 4211 1981 4293 perfectionis
2011 4211 2212 4292 gradu
2254 4231 2421 4293 quae-
2453 4213 2500 4275 D
2532 4211 2855 4294 propriam
2908 4210 3218 4273 rationem
3281 4209 3704 4290 plurimorum
3766 4229 3903 4291 quae
3954 4209 4009 4269 in

924 3719 1006 3781 sit
1048 3737 1188 3781 esse
1233 3719 1478 3800 species
1524 3726 1586 3780 et
1625 3718 2000 3792 similitud0,
2036 3719 2420 3799 investigan-

925 3817 1078 3880 dum
1129 3824 1242 3880 est.
1297 3817 1478 3879 Nunc
1526 3825 1741 3879 autem
1791 3824 2253 3899 praeostensum
2302 3824 2418 3890 est,

922 4309 1021 4371 vis
1070 4316 1277 4371 creata
1336 4311 1614 4372 essentia
1661 4309 1863 4390 ipsius
1917 4308 2265 4372 bonitatem
2317 4310 2424 4371 de-

924 4406 1067 4470 beat
1099 4407 1882 4489 imitari,perfectionique
1913 4408 2145 4470 divinae
2176 4408 2421 4470 assimi-

924 4505 1059 4567 lari.
1104 4506 1220 4568 Per
1268 4505 1386 4566 hoc
1426 4505 1726 4586 equidem
1779 4505 1982 4588 ipsius
2031 4507 2307 4569 essentia
2346 4505 2423 4568 fit

922 4603 1348 4666 secundorum
1375 4620 1391 4681 3
1424 4610 1487 4664 et
1518 4605 1819 4677 secunda,
1854 4604 2088 4667 divinae
2127 4605 2422 4667 essentiae

921 4701 1300 4764 efficiuntur
1344 4701 1736 4782 participatae
1788 4702 2045 4783 quidem
2090 4703 2417 4784 imagines.

921 4800 1132 4872 Porro,
1178 4799 1479 4881 quoniam
1526 4800 1692 4861 Deus
1739 4799 1802 4861 in
1855 4801 1993 4882 ipso
2041 4819 2158 4862 suo
2204 4819 2421 4883 super-

921 4897 1323 4961 substantiali
1373 4916 1513 4960 esse
1563 4897 2044 4980 simplicissime
2097 4899 2421 4981 praeconti—

922 5004 1032 5058 net
1061 5005 1250 5079 atque
1298 4996 1526 5059 unitim
1571 4996 1762 5059 habet
1806 4997 2117 5079 quidquid
2166 4998 2244 5059 ad
2290 4998 2421 5079 ple-

922 5093 1279 5156 nitudinem
1311 5093 1698 5176 plenamque
1729 5094 2189 5175 perfectionem
2221 5094 2424 5177 ipsius

923 5209 1063 5254 esse
1106 5191 1425 5273 pertinere
1470 5199 1697 5274 potest,
1731 5193 1872 5274 ejus
1913 5193 2189 5256 essentia
2230 5194 2295 5256 in
2336 5194 2425 5255 di-

925 5290 1127 5353 versis
1164 5307 1378 5352 rerum
1427 5290 1761 5353 ordinibus
1811 5293 2162 5356 secundum
2215 5291 2426 5355 multi-

2533 4309 2672 4390 ipso
2720 4308 3181 4390 comprehensa
3229 4315 3379 4369 sunt
3427 4325 3440 4368 ε
3488 4307 4007 4388 quemadmodum

2530 4407 2809 4469 animam
2864 4405 3259 4478 rationalem,
3310 4425 3451 4486 quae
3502 4413 3857 4468 ceterarum
3902 4404 4009 4466 for·

2532 4522 2783 4566 marum
2827 4502 3251 4585 perfectiones
3293 4503 3580 4576 includit,
3616 4511 3825 4584 potest
3862 4503 4008 4566 acci-

2533 4622 2685 4686 pere
2715 4611 2786 4664 ut
2824 4603 3133 4665 rationem
3174 4610 3237 4664 et
3274 4602 3765 4666 similitudinem
3806 4603 4006 4666 forma*

2534 4700 2995 4782 corporeitatiS,
3030 4700 3095 4762 in
3126 4709 3435 4783 quantum
3468 4700 3547 4762 ab
3577 4720 3652 4763 ea
3682 4700 3833 4763 fluit
3862 4719 4002 4770 esse,

2536 4799 2762 4862 ceteris
2810 4799 2951 4880 ejus
2990 4797 3495 4881 perfectionibus
3544 4817 3670 4861 non
3712 4799 4011 4864 cointelle-

2532 4899 2684 4976 ctis3
2720 4897 2811 4961 sic
2854 4905 3061 4980 potest
3097 4915 3239 4960 eam
3278 4897 3471 4959 etiam
3519 4898 3917 4962 considerare
3954 4905 4009 4957 ut

2533 4995 3023 5060 similitudinem
3082 4994 3304 5058 formae
3362 4995 3761 5076 vegetabiliS‚
3812 5015 4009 5060 secun·

2533 5096 2688 5158 dum
2728 5095 2898 5177 quod
2938 5094 3019 5156 ab
3059 5093 3197 5176 ipsa
3226 5093 3305 5155 fit
3332 5093 3597 5156 diffusio
3638 5094 3826 5175 vitae3
3856 5095 4009 5158 etita

2532 5195 2855 5275 deinceps,
2892 5193 2993 5255 Sic
3024 5199 3086 5255 et
3115 5193 3592 5275 quaternarium
3624 5202 3839 5276 potest
3872 5193 4009 5257 aeci-

2533 5311 2685 5376 pere
2736 5300 2806 5356 ut
2853 5291 3177 5374 propriam
3222 5291 3530 5354 rationem
3574 5294 3865 5370 ternarii,
3902 5309 4007 5355 una
