4300 6259
648 2364 724 2408 lib.
744 2363 795 2416 11,
814 2368 897 2409 art.

632 2440 763 2471 xxxn.

644 4730 892 4789 Gregorius.

928 478 1051 543 432
1500 500 1579 547 DE
1621 499 1847 546 mmm:
1888 498 2271 545 cnmsrlANAE
2311 494 2614 553 monus,
2659 498 2836 545 mann
2879 500 2940 546 11.
2987 519 3068 529 —
3110 503 3250 549 ΛΒΤ.
3296 503 3486 549 XXXV!

930 676 994 730 et
1024 676 1263 733 naturae
1294 670 1783 753 unitatem‚quae
1814 670 1876 732 in
1911 668 2198 751 personis
2228 685 2431 749 neque
2460 664 2514 730 A

932 767 1203 848 partitur
1276 788 1487 851 neque
1564 776 1957 832 numeratur.
2030 768 2209 830 Sicut
2281 783 2432 846 ergo

931 866 1123 927 trium
1155 884 1571 948 personarum
1602 875 1701 929 est
1730 867 1951 930 eadem
1983 866 2186 927 virtus
2219 871 2282 927 et
2311 883 2433 925 una

928 963 1306 1038 substantia,
1330 965 1423 1029 sic
1456 974 1605 1027 sunt
1636 984 1837 1027 unum
1871 963 2266 1047 principium
2298 980 2430 1023 cre-

927 1069 1123 1125 aturae
1175 1079 1189 1124 ε
1241 1064 1409 1126 sicut
1449 1064 1644 1126 etiam
1692 1064 1873 1126 Pater
1921 1070 1985 1125 et
2034 1062 2232 1123 Filius
2281 1067 2432 1121 sunt

928 1179 1128 1221 unum
1188 1161 1585 1244 principium
1646 1161 1923 1243 Spiritus
1982 1159 2216 1222 Sancti.
2270 1158 2430 1220 Hinc

928 1257 1123 1339 igitur
1154 1259 1362 1341 palam
1394 1267 1513 1335 est,
1547 1279 1662 1323 cur
1693 1259 1905 1341 potius
1935 1277 2011 1321 ex
2051 1257 2298 1320 naturis
2341 1275 2432 1319 re-

930 1376 1071 1419 rum
1103 1358 1531 1421 demonstrari
1563 1358 1767 1442 possit
1796 1359 1994 1421 Deum
2029 1375 2191 1429 esse,
2215 1363 2279 1417 et
2306 1354 2431 1417 alia

927 1476 1069 1538 quae
1117 1457 1193 1519 ad
1248 1456 1593 1520 essentiam
1644 1463 2148 1538 consequuntur,
2204 1461 2432 1536 utputa

928 1554 1129 1617 Deum
1160 1554 1297 1618 fore
1328 1555 1691 1637 simplicem
1724 1562 1790 1617 et
1820 1552 2428 1626 incommutabilem,

927 1672 1129 1715 unum
1160 1661 1221 1716 et
1250 1662 1585 1728 aeternum,
1619 1672 1811 1735 quam
1852 1652 2021 1734 quod
2069 1651 2153 1713 sit
2197 1650 2424 1712 trinus.

926 1751 1126 1814 Causa
1174 1753 1346 1815 enim
1394 1752 1638 1815 relucet
1677 1752 1743 1814 in
1781 1750 2018 1813 effectu
2071 1750 2426 1812 secundum

2863 728 3352 811 ARTICULUS
3397 730 3717 793 XXXVI.

2540 887 2634 944 De
2664 886 3124 947 incarnacione
3164 890 3374 959 Verbi,
3405 898 3466 949 et
3495 890 3990 969 quemadmodum

2621 975 3052 1051 intelligenda
3107 978 3194 1036 sit
3251 981 3606 1038 seeundum
3663 978 3993 1037 orthodoxa*

2616 1064 2780 1138 fidei
2817 1065 3223 1126 documenta.

2665 1254 2886 1329 ORRO,
2911 1275 3109 1337 quum
3145 1257 3314 1320 circa
3343 1258 3708 1323 divinarum
3743 1278 3991 1342 persona·

2693 1373 2834 1416 rum
2866 1354 3168 1418 deitatem
3200 1375 3274 1419 ac
3303 1357 3774 1421 humanitatem
3807 1359 3991 1422 Christi

2538 1453 2881 1535 Scripturae
2923 1463 3157 1517 sanctae
3200 1474 3378 1518 sacra
3421 1457 3618 1520 series
3667 1456 3990 1540 principali·

2537 1549 2830 1615 formiter
2870 1561 3182 1628 versetur,
3210 1554 3472 1637 jamque
3511 1555 3590 1619 de
3625 1565 3992 1638 supersancta

2539 1649 2844 1713 Trinitate
2875 1651 3324 1715 determinatio
3355 1654 3439 1715 sit
3467 1655 3890 1736 praeinducta3
3914 1674 3990 1717 su·

2539 1756 2753 1831 perest
2807 1756 2879 1811 ut
2927 1768 3099 1813 nunc
3141 1752 3221 1813 de
3265 1752 3700 1818 incarnatione
3747 1754 3879 1816 Filii
3909 1753 3991 1815 Dei

924 1851 1093 1932 quod
1136 1860 1234 1914 est
1282 1870 1493 1925 causa,
1540 1869 1740 1933 quum
1779 1850 2051 1912 effectus
2093 1848 2305 1911 omnis
2345 1848 2427 1909 sit
2464 1848 2511 1910 B
2544 1848 2853 1929 pandatur
2890 1848 3046 1911 fidei
3086 1850 3480 1914 contestatio.
3523 1852 3696 1915 Hanc
3739 1852 3992 1935 equidem

926 1951 1213 2032 quaedam
1246 1951 1624 2033 participata
1654 1948 2010 2013 similitudo
2040 1967 2170 2010 suae
2202 1966 2424 2010 causae.

926 2049 1036 2111 Est
1064 2057 1277 2110 autem
1313 2050 1477 2112 Deus
1509 2067 1698 2111 causa
1729 2066 1939 2110 rerum
1973 2054 2043 2109 ut
2071 2065 2257 2108 unuS.
2291 2046 2428 2108 Non

928 2154 1139 2209 tamen
1172 2146 1253 2209 ob
1287 2147 1347 2208 id
1381 2164 1709 2210 removere
1741 2153 1988 2228 oportet
2017 2163 2269 2208 omnem
2302 2143 2432 2205 Tri-

929 2247 1145 2308 nitatis
1178 2246 1719 2328 resplendentiam
1752 2246 1817 2308 in
1849 2245 2196 2307 creaturis:
2225 2245 2430 2324 imago

929 2364 1162 2428 nempe
1211 2345 1559 2418 TrinitatiS,
1610 2344 1779 2406 sicut
1836 2342 2258 2427 praebabitum
2310 2349 2426 2416 est,

929 2445 992 2507 in
1024 2443 1326 2508 omnibus
1366 2443 1621 2506 entibus
1666 2442 2135 2524 quodammodo
2179 2460 2432 2523 expres-

926 2564 996 2607 sa
1025 2551 1142 2617 est,
1175 2560 1301 2605 non
1333 2549 1547 2604 tamen
1583 2547 1845 2603 eatenus
1886 2547 1958 2601 ut
1993 2559 2071 2602 ex
2108 2540 2228 2602 hac
2270 2539 2431 2602 relu-

928 2643 1137 2706 centia
1185 2640 1456 2704 naturali
1500 2640 1742 2703 ratione
1781 2638 2202 2701 demonstrari
2240 2646 2432 2720 queat

927 2740 1461 2824 superbenedicta
1498 2739 1811 2816 Trinitas3
1844 2738 1953 2800 sed
1996 2745 2161 2819 aptae
2201 2737 2428 2799 simili-

925 2840 1181 2902 tudines
1212 2838 1361 2901 elici
1392 2844 1662 2920 possunt
1684 2855 1762 2899 ex
1788 2835 2002 2910 rebuS,
2024 2836 2102 2897 ad
2135 2834 2429 2917 probabi-

927 2940 1053 3001 lem
1108 2938 1263 3001 fidei
1322 2936 1901 3000 manifestationem
1958 2934 2428 2997 rationabilem-

927 3057 1051 3120 que
1095 3036 1564 3100 deductionem.

1005 3134 1475 3209 Adhuc,omnis
1506 3141 1715 3195 creata
1744 3131 2053 3215 perfectio
2083 3139 2147 3194 et
2177 3131 2426 3193 bonitas

924 3255 961 3298 a
992 3231 1453 3317 supersublimi
1485 3231 1593 3294 Dei
1627 3230 1898 3313 puritate
1927 3248 2000 3292 ac
2031 3229 2426 3312 perfectione

927 3333 1183 3395 infinite
1231 3327 1581 3402 occumbit,
1625 3328 1817 3391 distat
1864 3336 1928 3390 et
1975 3327 2215 3390 deficit.
2268 3329 2426 3402 Quo-

927 3432 1115 3494 modo
1146 3447 1296 3511 ergo
1327 3446 1551 3491 verum
1596 3435 1692 3489 est
1730 3427 1900 3510 quod
1945 3427 2295 3489 Richardus
2338 3427 2427 3489 di-

924 3531 1039 3603 xit,
1084 3529 1285 3593 Credo
1325 3526 1682 3608 (inquiens)
1722 3526 1799 3587 ad
1843 3523 2278 3606 quorumlibet
2319 3544 2423 3589 ex-

925 3628 1354 3712 planationem
1416 3644 1557 3707 quae
1615 3642 1875 3686 necesse
1932 3632 2029 3685 est
2084 3642 2246 3697 esse,
2296 3642 2424 3687 non

926 3728 1115 3791 modo
1154 3723 1531 3808 probabilia,
1562 3741 1787 3787 verum
1831 3722 2025 3784 etiam
2068 3723 2425 3786 necessaria

924 3843 1052 3888 non
1096 3825 1317 3887 deesse
1361 3824 1779 3903 argumenta?
1810 3820 2029 3901 Neque
2068 3838 2289 3881 rursus
2321 3839 2424 3883 ve-

924 3942 1065 3985 rum
1099 3921 1400 4003 est,quod
1433 3938 1509 3983 ex
1543 3920 1683 4002 ipso
1713 3924 1954 3980 naturae
1985 3918 2129 3980 sinu
2161 3918 2261 3998 (ut
2292 3937 2426 3981 ver-

924 4022 1023 4084 bis
1074 4021 1215 4102 ejus
1273 4018 1442 4097 utar)
1488 4017 1636 4079 elici
1688 4016 1889 4098 possit
1946 4016 2106 4078 ratio
2164 4017 2423 4080 demon-

922 4127 1131 4182 strans
1160 4136 1350 4181 omne
1382 4117 1445 4178 id
1489 4116 1657 4197 quod
1702 4114 1779 4177 de
1827 4114 2117 4177 Creatore
2163 4134 2424 4178 necesse

2541 1946 2729 2008 Verbi
2791 1947 3321 2023 incarnationem,
3375 1957 3517 2031 post
3565 1950 3990 2013 confessionem

2538 2044 2886 2119 TrinitatiS,
2923 2044 3334 2108 manifestum
3367 2054 3464 2109 est
3493 2066 3748 2110 summe
3775 2049 3994 2111 admira·

2539 2142 2738 2205 bilem
2787 2142 2922 2206 fore
2969 2152 3034 2206 et
3081 2161 3344 2226 prorsus
3393 2145 3820 2221 ineffabilem,
3864 2148 3994 2209 sicut

2539 2242 2856 2324 posterius
2900 2242 3052 2304 satis
3092 2244 3464 2307 innotescet.
3497 2246 3566 2307 In
3605 2246 3786 2307 omni
3821 2254 3992 2309 autem

2538 2358 2793 2421 genere,
2847 2340 3130 2423 primum
3179 2349 3277 2403 est
3331 2342 3812 2423 dignissimum,
3852 2345 3990 2407 etin

2541 2440 2753 2523 ipsum
2786 2439 2864 2501 fit
2894 2447 3250 2503 ceterorum
3282 2441 3589 2505 reductio.
3623 2443 3685 2506 Si
3719 2444 3897 2526 igitur
3921 2444 3992 2505 in·

2542 2547 2637 2600 ter
2666 2538 2883 2601 omnia
2912 2538 3022 2600 Dei
3054 2556 3251 2621 opera
3291 2540 3646 2604 incarnatio
3683 2542 3992 2625 incompre-

2540 2636 2994 2700 hensibilitatis
3023 2636 3372 2719 primatum
3402 2638 3624 2703 sortita
3652 2642 3758 2715 sit,
3787 2649 3920 2703 tunc
3943 2641 3992 2703 in

2538 2754 2678 2798 eam
2708 2744 2772 2798 et
2803 2735 2868 2797 in
2902 2735 3104 2818 ipsius
3135 2735 3334 2798 fidem
3371 2736 3497 2800 alia
3528 2738 3842 2802 mirabilia
3863 2738 3994 2802 ordi-

2538 2842 2788 2897 uantur.

2616 2934 2777 2996 Vera
2823 2933 3097 3013 denique
3156 2950 3574 3015 personarum
3631 2936 3894 2999 trinitate
3939 2936 3990 2997 in

2457 3028 2501 3093 C
2538 3051 2664 3094 una
2707 3031 3118 3113 simplicique
3161 3038 3387 3093 natura
3424 3033 3832 3110 subsistente,
3861 3035 3992 3097 hanc

2539 3130 2648 3193 Dei
2697 3129 3201 3193 incarnationem
3249 3130 3343 3192 sic
3391 3131 3552 3194 Filio
3598 3133 3989 3204 attribuimus,

2537 3236 2607 3291 ut
2664 3246 2873 3310 neque
2926 3228 3116 3301 Patri,
3177 3246 3387 3310 neque
3445 3229 3715 3312 Spiritui
3779 3233 3989 3301 Sancto.

2535 3345 2744 3409 neque
2811 3326 3102 3389 essentiae
3155 3326 3436 3390 adscribi
3502 3329 3746 3409 valeat..
3785 3330 3990 3394 Dicitur

2535 3426 2706 3489 enim
2763 3424 3021 3488 Joannis
3079 3425 3290 3507 primo
3342 3442 3358 3487 t
3411 3424 3488 3488 Et
3545 3427 3820 3491 Verbum
3869 3446 3989 3491 caro
4039 3448 4199 3503 ,to-221„

2536 3523 2777 3586 factum
2809 3531 2922 3585 est.
2947 3522 3024 3584 Et
3051 3522 3392 3605 Apostolus
3422 3524 3512 3587 ait
3531 3543 3546 3587 :
3565 3526 3818 3600 Quando
3846 3526 3990 3590 venit
4013 3514 4199 3623 '‘duam'‘

2533 3622 2842 3704 temporis
2903 3622 3254 3703 plenitudo,
3317 3622 3495 3685 misit
3549 3624 3714 3689 Deus
3771 3626 4038 3700 Filium„

2536 3730 2655 3784 etc.
2688 3720 2766 3794 Et
2809 3720 3120 3801 Propheta
3161 3721 3251 3782 ait
3296 3738 3311 3783 ι
3353 3720 3518 3785 Ecce
3561 3723 3698 3787 dies
3738 3724 3986 3796 veniunt,
4007 3746 4182 3792 ammas

2533 3819 2693 3881 dicit
2720 3819 3051 3892 Dominus»,
3083 3825 3148 3881 et
3175 3819 3501 3883 suscitabo
3529 3820 3728 3885 David
3761 3840 3986 3903 germen

2531 3917 2798 3999 justum.
2825 3916 2900 3978 Et
2929 3923 3074 3998 post
3102 3934 3306 3998 pauca
3337 3935 3351 3979 :
3387 3917 3464 3980 Et
3490 3918 3616 3981 hoc
3644 3928 3736 3983 est
3758 3918 4134 4001 (inquit)15,·d,⁶,

2534 4033 2769 4078 nomen
2807 4014 2975 4097 quod
3015 4013 3338 4078 vocabunt
3373 4034 3548 4091 eum,
3583 4017 3872 4081 Dominus
3904 4017 3987 4097 ju·

2533 4121 2669 4177 stus
2714 4120 2945 4176 noster.
2993 4112 3063 4175 ln
3107 4111 3373 4177 Hebraeo
3423 4116 3732 4197 scriptum
3773 4123 3862 4178 est
3899 4133 3988 4178 no-

922 4226 1019 4281 est
1048 4234 1207 4279 esse.
1242 4215 1378 4277 Non
1409 4214 1583 4277 enim
1616 4212 1843 4275 idonea
1870 4220 1968 4275 est
1997 4220 2223 4274 natura
2253 4232 2421 4276 crea·
2453 4219 2504 4283 D
2536 4232 2681 4275 men
2737 4210 2989 4274 Domini
3041 4218 3630 4293 tetragrammaton,
3681 4214 3837 4297 quod
3882 4215 3988 4277 Deo

920 4325 1006 4390 ta,
1039 4333 1247 4397 neque
1287 4320 1415 4375 tam
1456 4312 1740 4374 lucenter
1784 4312 2249 4394 superexaltata
2290 4321 2420 4375 tam

922 4413 1234 4479 Creatoris
1264 4412 1365 4474 sui
1396 4410 1865 4494 plenitudinem
1896 4418 2328 4493 repraesentat,
2354 4420 2422 4474 ut

922 4534 1001 4577 ex
1040 4530 1115 4575 ea
1150 4510 1365 4574 sortiri
1402 4508 1607 4593 possit
1648 4508 2103 4571 demonstratio
2144 4510 2222 4572 ad
2260 4510 2421 4572 divi-

924 4629 1151 4675 norum
1205 4609 1709 4673 necessariorum
1767 4608 2058 4670 omnium
2116 4608 2420 4689 explana·

924 4712 1163 4775 tionem
1200 4727 1213 4771 :
1248 4708 1599 4791 praesertim
1647 4726 1845 4789 quum
1890 4725 1927 4768 a
1970 4706 2249 4788 quodam
2291 4724 2418 4770 non

926 4809 1264 4873 mediocris
1303 4805 1697 4870 auctoritatis
1739 4805 1879 4868 viro
1922 4812 1986 4867 et
2027 4804 2131 4867 cui
2178 4812 2421 4868 contra·

920 4910 1133 4972 dicere
1164 4925 1291 4971 non
1323 4905 1634 4987 congruit,
1658 4904 1902 4966 dictum
1934 4904 2053 4966 sit:
2078 4904 2260 4966 Fides
2291 4923 2416 4968 non

920 5007 1113 5069 habet
1152 5005 1478 5079 meritum,
1519 5004 1621 5065 cui
1660 5002 1941 5064 humana
1981 5003 2139 5064 ratio
2179 5002 2420 5084 praebet

920 5106 1454 5187 experimentum.
1491 5102 1567 5164 Et
1594 5100 1855 5183 quidam
1892 5117 1906 5162 ε
1941 5100 2184 5163 Sanctae
2215 5100 2417 5163 Trini—

918 5204 1065 5265 tatis
1122 5202 1523 5265 confessione
1579 5198 1671 5260 nil
1728 5198 1942 5274 altius,
2004 5198 2095 5259 nil
2155 5215 2416 5280 prorsus

918 5296 1657 5385 incomprehensibilius

2532 4313 2860 4374 dumtaxat
2899 4310 3385 4393 appropriatum
3427 4320 3544 4375 est.

2611 4411 2786 4485 Quod
2817 4418 3030 4472 autem
3076 4410 3142 4472 in
3182 4410 3430 4474 Christo
3467 4412 3684 4477 divina
3717 4413 3988 4476 humana·

2533 4528 2657 4592 que
2700 4517 2925 4571 natura
2963 4526 3112 4570 vere
3155 4510 3595 4584 convenerint,
3637 4510 3834 4575 omnia
3866 4510 3988 4592 ejus

2530 4626 2724 4690 opera
2789 4606 3064 4687 insignia
3129 4614 3192 4669 et
3256 4607 3532 4671 humilia
3601 4609 3983 4673 manifestant.
4193 4598 4195 4647 ἰ

2529 4708 2705 4782 Quod
2765 4706 2938 4770 enim
2997 4706 3284 4769 cordium
3336 4716 3582 4771 secreta
3625 4708 3866 4790 agnovit
3903 4710 3985 4787 (ut
4193 4648 4195 4790 Ι

2529 4806 2842 4888 scriptum
2907 4812 3005 4867 est
3065 4822 3080 4865 ε
3141 4806 3282 4887 Ipse
3337 4806 3512 4868 enim
3573 4804 3802 4870 sciebat
3851 4806 3982 4887 quid
4023 4842 4182 4885 lm·-

2529 4913 2696 4968 esset
2739 4904 2803 4966 in
2854 4903 3163 4983 homine),
3203 4904 3374 4985 quod
3413 4923 3592 4969 mare
3639 4914 3696 4969 et
3739 4905 3898 4968 venti
3932 4903 4056 4967 eit&

2531 5010 2774 5085 parent,
2797 5001 2968 5084 quod
3001 5008 3282 5063 mortuos
3313 5002 3600 5077 suscitat,
3619 5002 3776 5085 quod
3801 5002 3981 5065 adhuc

2530 5100 2741 5163 infans
2787 5119 2826 5161 a
2871 5098 3128 5179 regibus
3183 5106 3316 5161 tam
3373 5100 3712 5181 magnifice
3767 5098 3982 5163 coelesti
4191 5088 4193 5099 '

2529 5188 3086 5282 supersplendenti
3115 5196 3324 5259 sidere
3362 5199 3671 5279 quaeritur
3699 5206 3762 5260 et
3795 5198 3982 5260 adora-

2529 5305 2654 5372 tur,
2688 5296 2858 5381 quod
2897 5294 2955 5359 ei
2998 5302 3222 5358 natura
3263 5296 3475 5360 omnis
3519 5296 3744 5370 obedit,
3775 5303 3837 5359 et
3871 5312 3980 5361 non
