4300 6259
1081 1065 1626 1188 INDEX
1746 1063 2731 1190 GENERALIS

358 1660 652 1736 Opuscula
677 1661 855 1737 hujus
881 1659 1192 1720 voluminis
1223 1705 1701 1721 ......

355 1752 630 1826 Epistola
657 1750 1098 1825 nuncupatoriae
1125 1794 1514 1809 .....

539 1981 1084 2047 ELEMEN‘I'ATIO
1123 1981 1669 2047 PHILOSOPHICA

457 2081 600 2146 SEU
657 2079 1151 2146 COMPENDIUM
1208 2079 1746 2145 PHILOSOPHIAE.

355 2286 711 2346 Prooequm
761 2327 1701 2343 ...........

437 2529 518 2576 ΒΕ
559 2527 976 2576 ΡΗῙΒΟδΟΡΗΙΒ
1017 2526 1280 2575 nouom!
1321 2527 1396 2573 ΒΤ
1437 2525 1764 2574 nwlsmNn.

356 2733 678 2807 Propositio
707 2735 747 2792 l.
779 2733 1152 2808 Philosophia
1175 2732 1354 2790 variis
1382 2731 1575 2789 modis
1612 2747 1704 2788 ac-

425 2822 656 2896 cipitur,
687 2827 745 2881 et
771 2824 947 2898 juxta
982 2823 1090 2880 hoc
1130 2821 1532 2895 multipliciter
1567 2819 1706 2877 defl-

423 2913 588 2971 nitur

351 3002 676 3077 Propositio
705 3003 772 3060 ll.
795 3002 1306 3069 Quemadmodum
1341 2997 1707 3074 philosophia

423 3091 828 3166 multipliciter
850 3092 1122 3157 sumitur,
1157 3091 1238 3148 ita
1273 3094 1330 3148 et
1363 3088 1540 3147 variis
1579 3105 1703 3145 mo-

423 3181 514 3238 dis
541 3185 716 3255 atque
755 3181 816 3240 in
855 3181 1075 3240 multas
1109 3182 1304 3254 partes
1345 3197 1448 3238 seu
1486 3177 1706 3251 species

422 3271 550 3345 ipsa
573 3271 868 3328 dividitur

350 3361 670 3435 Propositio
699 3362 792 3419 III.
826 3359 1194 3433 Philosophia
1216 3357 1445 3432 proprie
1469 3359 1706 3430 sumpta

421 3451 484 3507 in
511 3453 632 3509 tres
659 3451 852 3524 partes
880 3449 1178 3516 dividitur,
1207 3450 1350 3521 puta
1376 3448 1437 3504 in
1468 3449 1706 3504 natura·

421 3540 536 3598 lem
566 3545 626 3599 et
651 3541 907 3600 ethicam
937 3555 1006 3596 ac
1035 3536 1546 3608 mathematicam3
1576 3535 1704 3592 stri-

423 3630 571 3688 ctius
596 3647 734 3688 vero
761 3631 1016 3702 accepta,
1047 3627 1107 3684 in
1137 3627 1458 3701 physicam,
1481 3625 1704 3683 mathe-

423 3722 700 3780 maticam
729 3717 1310 3792 metaphysicamque
1339 3715 1607 3789 partitur.
1687 3759 1700 3772 .

349 3809 671 3886 Propositio
701 3810 788 3866 IV.
832 3809 1064 3882 Septem
1112 3810 1251 3864 sunt
1295 3809 1449 3863 artes
1493 3805 1702 3864 libera-

421 3901 504 3958 les
543 3917 557 3956 ι
598 3899 752 3958 inter
785 3913 932 3974 quas
972 3913 1079 3956 nec
1124 3899 1278 3954 artes
1325 3894 1698 3962 mechanicae,

422 4007 528 4048 nec
595 3986 836 4062 physica
888 3989 946 4045 et
1000 3984 1399 4059 metaphysica
1462 4000 1702 4056 compu-

419 4081 622 4136 tantur
663 4116 1696 4135 ............

660 2953 1700 2970 ............

637 4317 719 4366 ΒΕ
761 4315 1192 4365 umAPanmA
1233 4313 1558 4362 omniun.

347 4524 670 4600 Propositio
697 4525 762 4580 V.
794 4521 1064 4598 Quinque
1108 4527 1250 4582 sunt
1283 4521 1698 4596 praedicabilia,

419 4617 620 4674 decem
679 4613 1157 4688 praedicamenta,
1201 4616 1454 4687 quatuor
1497 4612 1704 4685 prandi-

417 4709 545 4764 cata
559 4745 1696 4762 .............

347 4791 670 4868 Propositio
698 4793 788 4850 VI.
823 4792 956 4849 Haec
993 4789 1254 4854 nomina,
1287 4793 1469 4854 actus,
1501 4793 1700 4864 poten-

412 4883 512 4950 tia,
557 4899 752 4946 causa,
795 4879 1171 4955 principium,
1217 4879 1468 4947 habitus,
1509 4896 1701 4938 essen-

412 4973 512 5041 tia,
583 4971 931 5038 substantia,
1000 4987 1143 5036 esse,
1211 4973 1440 5036 natura,
1497 4969 1700 5038 virtus,

415 5078 710 5127 mensura.
752 5061 963 5126 forma,
1005 5059 1271 5126 materia,
1303 5059 1582 5133 primum,
1615 5077 1702 5118 se-

413 5153 694 5216 cundum,
759 5153 818 5208 et
870 5148 1205 5207 consimilia
1259 5149 1464 5214 multa,
1522 5149 1699 5206 variis

413 5240 606 5298 modis
645 5243 766 5298 tam
807 5237 868 5297 in
908 5237 1286 5312 philosophia
1314 5255 1494 5312 quam
1532 5237 1595 5295 in
1633 5238 1701 5295 li-

411 5329 532 5389 bris
556 5327 898 5404 theologicis
926 5326 1299 5403 accipiuntur
1313 5371 1696 5385 .....

1619 1661 1852 1810 9-13-1ξ

1777 2285 1851 2342 23

1774 3714 1847 3770 27

1773 4073 1846 4129 28

1773 4704 1846 4759 28

1772 5330 1844 5386 29

1956 1660 2281 1736 Propositio
2334 1662 2451 1718 VII.
2510 1663 2690 1720 Actus
2752 1661 3157 1735 multipliciter
3216 1676 3315 1717 su·

2029 1751 2215 1809 mitur

1956 1840 2279 1914 Propositio
2300 1842 2440 1898 VIII.
2474 1840 2736 1899 Potentia
2755 1841 2815 1898 in
2839 1840 3159 1914 potentiam
3179 1837 3319 1897 acti-

2025 1945 2163 1986 vam
2192 1946 2261 1987 ac
2290 1929 2581 2003 passivam
2620 1929 2918 1998 dividitur,
2948 1947 3018 1987 ac
3048 1927 3316 2002 pluribus

2029 2019 2286 2076 sumitur
2313 2019 2508 2077 modis
2548 2061 3309 2077 .........

1956 2109 2281 2182 Propositio
2309 2110 2399 2166 lx,
2430 2110 2617 2167 Causa
2652 2108 3021 2175 describitur,
3053 2109 3211 2182 quod
3240 2107 3317 2164 sit

2027 2200 2102 2254 ad
2133 2199 2303 2272 cujus
2327 2215 2450 2256 esse
2477 2198 2744 2271 sequitur
2779 2198 2943 2256 aliud
3018 2240 3031 2254 .
3111 2239 3125 2253 .
3205 2242 3217 2253 .
3298 2241 3312 2254 .

1957 2286 2280 2360 Propositio
2308 2287 2576 2345 X.Variis
2605 2287 2799 2345 modis
2818 2303 2994 2345 causa
3013 2285 3309 2344 dividitur.

1956 2376 2281 2450 Propositio
2310 2378 2399 2435 XI.
2430 2376 2793 2450 PrIncipium
2823 2380 2909 2434 est
2937 2376 2997 2433 id
3017 2393 3054 2434 a
3071 2392 3189 2449 quo
3217 2375 3319 2433 ali·

2029 2466 2173 2538 quid
2202 2465 2425 2540 incipit,
2458 2466 2803 2540 producitur
2830 2468 2933 2522 aut
2960 2464 3224 2538 procedit
3298 2508 3311 2522 .

1956 2554 2281 2628 Propositio
2310 2557 2426 2613 XII.
2468 2557 2710 2614 Habitus
2756 2557 3083 2616 secundum
3132 2569 3313 2613 unam

2027 2644 2447 2718 acceptionem,
2478 2649 2567 2704 est
2591 2660 2778 2703 unum
2810 2645 3011 2702 decem
3040 2641 3317 2716 pradica-

2029 2736 2405 2801 mentorum;
2438 2735 2767 2792 secundum
2813 2733 3015 2798 aliam,
3054 2735 3143 2789 est
3186 2748 3314 2805 spe-

2029 2823 2147 2881 cIes
2186 2823 2483 2897 qualitatis
2504 2841 2519 2890 ;
2561 2825 2887 2881 secundum
2934 2821 3190 2890 tertiam,
3228 2823 3315 2878 est

2027 2913 2685 2986 postpraedicamentum
2739 2954 3309 2970 .......

1958 3003 2279 3077 Propositio
2318 3004 2457 3060 XIII.
2502 3001 2765 3061 Essentia
2811 3001 3139 3075 appellatur
3179 3000 3241 3057 id
3280 3017 3316 3057 a

2029 3109 2145 3166 quo
2185 3092 2316 3150 fluit
2351 3109 2473 3150 esse
2511 3094 2795 3165 tanquam
2826 3108 2861 3149 a
2890 3106 3067 3150 causa
3103 3089 3314 3147 intrin-

2027 3200 2159 3241 seca
2186 3199 2254 3240 ac
2283 3181 2516 3239 formali
2556 3181 2846 3255 principio

1954 3273 2280 3346 Propositio
2308 3273 2445 3329 XIV.
2478 3271 2816 3329 Substantia
2844 3270 3038 3344 primo
3076 3287 3144 3326 ac
3182 3285 3313 3342 pro-

2026 3362 2150 3436 prie
2206 3365 2462 3435 sumpta,
2515 3360 2732 3419 dicitur
2776 3377 2871 3418 res
2917 3376 3021 3433 per
3064 3376 3124 3417 se
3178 3357 3315 3415 sub·

2027 3451 2238 3508 sistens
2271 3490 3311 3508 ............

1955 3539 2279 3614 ProposItio
2317 3541 2428 3597 XV.
2468 3541 2583 3596 Ens
2624 3542 2684 3596 et
2726 3555 2851 3596 esse
2910 3535 3316 3610 multipliciter

2026 3629 2398 3702 accipiuntur
2433 3645 2501 3686 ac
2540 3627 2885 3685 dividuntur
2924 3669 3309 3683 .....

1954 3718 2280 3792 Propositio
2308 3719 2445 3775 XVI.
2485 3717 2700 3783 Unum,
2741 3720 2799 3774 et
2834 3731 3059 3781 verum,
3101 3730 3170 3771 ac
3206 3714 3313 3770 bo-

2025 3824 2193 3874 num,
2242 3805 2645 3865 convertibilia
2686 3807 2827 3863 sunt
2864 3821 3001 3863 cum
3049 3807 3217 3870 ente:
3257 3807 3315 3862 et

2022 3897 2267 3963 ratione,
2309 3912 2426 3954 non
2466 3912 2548 3962 re,
2588 3895 3036 3969 distinguuntur
3070 3895 3143 3952 ab
3191 3892 3309 3959 illo,

2025 3990 2199 4060 atque
2228 3988 2299 4043 ab
2331 3985 2580 4043 invicem
2642 4023 3308 4040 ........

1954 4075 2278 4149 PropositIo
2324 4076 2487 4132 XVII.
2537 4075 2757 4132 Natura
2804 4071 3073 4146 pluribus
3120 4071 3314 4130 modis

2027 4164 2331 4238 accipitur,
2364 4163 2645 4223 dividitur
2673 4179 2741 4220 ac
2770 4161 3050 4222 definitur
3108 4205 3120 4219 .
3201 4205 3213 4219 .
3294 4205 3307 4219 .

1954 4254 2277 4329 Propositio
2324 4255 2513 4312 XVIII.
2558 4253 2753 4311 Virtus
2808 4250 3065 4310 sumitur
3108 4251 3313 4310 multis

2026 4345 2221 4402 modis
2270 4382 3312 4403 ............

1954 4434 2277 4509 Propositio
2307 4435 2446 4492 XIX.
2490 4435 2761 4494 Mensura
2795 4431 3115 4506 aliquando
3150 4434 3312 4489 tran-

2025 4527 2376 4583 scendenter
2402 4523 2689 4598 accipitur
2730 4564 3307 4580 .......

1951 4613 2281 4688 Propositio
2306 4615 2418 4670 XX.
2450 4614 2663 4671 Forma
2690 4630 2727 4671 a
2754 4609 3065 4670 formando
3092 4613 3197 4670 aut
3222 4611 3311 4668 in-

2023 4704 2336 4762 formando
2365 4719 2581 4760 nomen
2610 4700 2833 4776 accepit
2839 4743 3305 4758 ......

1951 4793 2277 4866 Propositio
2315 4794 2453 4849 XXI.
2502 4791 2743 4850 Materia
2786 4788 3131 4864 appellatur,
3182 4808 3313 4865 quae

2023 4882 2233 4956 recipit
2259 4899 2383 4940 esse
2411 4898 2447 4939 a
2476 4881 2665 4940 forma
2737 4923 3307 4938 .......

1954 4971 2277 5045 Propositio
2331 4972 2494 5028 XXII.
2554 4970 2817 5029 Primum
2874 4971 2933 5028 et
2982 4971 3309 5028 secundum

2022 5059 2363 5118 correlative
2393 5060 2670 5117 dicuntur

1953 5149 2275 5225 Propositio
2305 5150 2495 5206 XXIII.
2526 5151 2787 5216 Quatuor
2827 5152 2965 5206 sunt
3006 5165 3199 5208 causoe
3226 5147 3311 5206 rei

2025 5237 2329 5304 naturalis,
2360 5241 2419 5296 et
2444 5236 2559 5296 tria
2596 5235 2885 5312 principia
2910 5237 3041 5311 eJus
3069 5237 3132 5294 in
3160 5236 3306 5304 fieri,

2023 5344 2092 5386 ac
2116 5328 2235 5387 duo
2262 5325 2323 5384 in
2353 5342 2477 5386 esse
2536 5367 3303 5384 .........

3387 2017 3461 2074 30

3387 2197 3460 2254 30

3386 2285 3458 2342 30

3386 2465 3452 2521 31

3386 2910 3453 2967 31

3386 3179 3457 3236 32

3386 3445 3459 3504 33

3386 3623 3459 3680 33
