4300 6259
844 444 926 517 38
1168 464 1592 515 mummulo
1631 462 2091 513 PutLosorch.
2125 480 2204 491 ·-
2236 462 2313 509 DE:
2355 420 2789 509 suBsTANTIALl
2830 459 3147 506 GORPORUH
3189 456 3627 506 courosrrlouss

1168 881 1304 965 DE
1378 875 2119 966 SUBSTANTIALI
2203 871 2783 960 CORPORUM
2867 869 3631 957 COMPOSITIONE

1192 1228 1710 1295 PROPOSITIO
1756 1226 2006 1291 XXIV.

932 1423 1234 1489 Formae
1263 1420 1828 1487 substantiales
1855 1419 2353 1487 naturalium

851 1536 1124 1589 rerum
1169 1534 1361 1588 vere
1419 1520 1889 1587 asseruntur
1947 1532 2118 1585 esse
2178 1532 2353 1597 par-

849 1620 1002 1685 tim
1050 1618 1148 1684 ab
1195 1618 1430 1699 intra,
1472 1618 1555 1682 et
1597 1618 1895 1697 partim
1939 1615 2037 1681 ab
2076 1617 2352 1694 extra3

852 1717 1418 1783 difflcsslimum
1483 1717 1750 1781 tamen
1820 1716 1942 1780 est
2009 1713 2357 1795 qualiter

851 1816 1004 1883 hoc
1053 1814 1317 1896 ipsum
1363 1814 1474 1880 s1t
1517 1813 2158 1891 1ntelligendum.

935 1913 1111 1986 Quod
1159 1919 1276 1986 est,
1325 1911 1626 1993 quoniam
1679 1910 1939 1992 quidam
1990 1909 2356 1992 philosophi

856 2010 1098 2094 opinati
1130 2016 1280 2072 sunt
1308 2008 1542 2071 formas
1572 2008 1941 2089 hujusmodi
1974 2026 2113 2070 esse
2153 2006 2356 2069 omni-

859 2126 941 2171 no
966 2107 1047 2170 ab
1077 2115 1274 2179 extra,
1295 2106 1554 2188 quidam
1585 2123 1737 2168 vero
1767 2106 2028 2167 omnino
2057 2105 2137 2167 ab
2169 2105 2351 2167 intra.

861 2207 1034 2269 Plato
1073 2222 1352 2287 namque
1395 2205 1557 2266 dixit
1599 2223 1704 2266 eas
1747 2204 1827 2266 ab
1873 2204 2187 2265 idealibus
2234 2204 2358 2266 for-

865 2306 988 2368 mis
1037 2303 1382 2386 profluere,
1429 2302 1753 2365 Avicenna
1799 2310 2012 2365 autem
2059 2322 2096 2365 a
2142 2303 2357 2365 datore

2377 1218 2429 1281 A
2459 1218 2640 1282 sistat
2669 1226 2777 1280 aut
2806 1217 3049 1299 aliquid
3082 1216 3285 1299 ipsius
3316 1216 3631 1289 essentiae,
3664 1215 3959 1299 quamvis

2462 1317 2816 1380 seeundum
2861 1334 3000 1378 esse
3044 1315 3531 1396 incompletum,
3574 1333 3653 1376 an
3698 1331 3847 1376 non.
3886 1314 3961 1375 Et

2462 1416 2540 1478 de
2598 1416 2719 1478 hoc
2769 1422 2919 1477 sunt
2976 1415 3118 1477 duae
3176 1414 3512 1495 opiniones
3572 1412 3833 1476 famosae
3888 1431 3961 1475 ac

2462 1512 2768 1577 celebres.
2817 1513 2950 1575 Una
2994 1511 3328 1574 affirmans
3366 1510 3603 1575 formas
3642 1511 3961 1574 naturales

2464 1611 2938 1685 substantialeS‚
2979 1629 3017 1673 a
3065 1611 3406 1673 creationis
3455 1610 3777 1691 principio
3824 1628 3961 1671 esse

2465 1712 2529 1774 in
2563 1710 2826 1772 materia
2859 1709 3205 1782 inchoatas,
3226 1716 3289 1769 et
3319 1708 3731 1771 habitualiter
3752 1728 3864 1771 seu
3898 1708 3959 1770 in

2467 1808 2689 1871 habitu
2739 1808 3015 1891 quodam
3066 1807 3333 1870 confuso
3386 1806 3473 1869 ibi
3526 1808 3962 1889 praeexsistere

2466 1908 2818 1969 secundum
2841 1924 2980 1968 esse
3005 1905 3270 1968 formale
3301 1904 3658 1978 formabile,
3681 1906 3959 1968 nondum

2467 2005 2809 2067 formatum
2850 2022 2863 2066 :
2906 2004 3445 2085 quemadmodum
3489 2004 3841 2066 secundum
3885 2003 3965 2066 lo-

2466 2104 2676 2185 gicam
2736 2103 3335 2176 considerationem,
3386 2101 3770 2165 different-ize
3828 2120 3965 2184 spe-

2467 2204 2711 2265 cierum
2752 2202 3069 2264 exsistunt
3100 2202 3163 2262 in
3193 2219 3425 2282 genere
3457 2201 3963 2263 indeterminate.

2470 2302 2699 2383 Sicque
2729 2298 3026 2383 perhibet
3058 2299 3293 2361 formas
3324 2318 3462 2362 esse
3501 2298 3581 2361 ab
3622 2298 3807 2371 intra,
3839 2317 3961 2361 non

863 2402 1236 2473 formarum,
1270 2401 1391 2463 hoc
1422 2408 1517 2462 est
1545 2400 1624 2462 ab
1657 2399 2076 2481 intelligentia
2117 2400 2358 2463 ultimae
2387 2395 2434 2458 B
2470 2400 2562 2462 sic
2595 2399 2749 2481 quin
2781 2399 2899 2460 hoc
2932 2397 3145 2479 ipsum
3176 2416 3315 2459 esse
3348 2398 3429 2459 sit
3458 2417 3493 2459 a
3534 2416 3723 2459 causa
3762 2398 3967 2479 prima

863 2501 1149 2583 sphaerae,
1192 2500 1549 2562 activorum
1589 2506 1654 2561 et
1695 2500 2093 2581 passivorum
2135 2498 2359 2561 videli-

863 2607 984 2671 cet,
1020 2598 1260 2680 regioni
1292 2598 1758 2659 elementorum
1792 2604 1982 2678 atque
2015 2596 2360 2658 mixtorum

863 2698 1258 2781 praesidente.
1311 2696 1709 2775 Anaxagoras
1751 2712 1902 2757 vero
1942 2695 2214 2756 asseruit
2258 2713 2362 2756 eas

863 2797 1120 2879 penitus
1149 2814 1288 2857 esse
1326 2794 1406 2856 ab
1447 2793 1633 2867 intra,
1668 2793 1761 2855 sic
1801 2792 1972 2874 quod
2012 2800 2363 2855 concreatae

863 2912 976 2957 seu
1013 2900 1297 2956 connatae
1339 2900 1401 2953 et
1430 2898 1824 2954 concausatae
1855 2892 1984 2953 sint
2015 2891 2134 2972 ipsi
2172 2898 2363 2953 mate-

863 2992 996 3065 riae,
1032 2991 1393 3071 lateantque
1426 2990 1490 3050 in
1521 3008 1616 3061 ea,
1651 2996 1714 3050 et
1745 3007 1859 3069 per
1887 2989 2364 3069 generationem

863 3089 1259 3152 deducantur
1286 3107 1323 3149 a
1356 3087 1703 3149 latitatione
1733 3094 1796 3149 et
1824 3105 1964 3149 esse
1993 3085 2367 3150 abscondito

866 3188 946 3249 ad
988 3186 1398 3248 manifestum
1445 3204 1516 3247 ac
1560 3185 1822 3247 evidens
1867 3203 2026 3247 esse.
2060 3220 2140 3230 —
2179 3186 2369 3248 Porro

865 3284 1233 3349 Aristoteles
1263 3282 1702 3345 rationabilius
1729 3282 1934 3346 tenuit
1962 3290 2025 3345 et
2055 3282 2365 3365 probavit,

870 3382 1034 3464 quod
1067 3382 1196 3444 sint
1224 3380 1456 3463 partim
1487 3380 1566 3442 ab
1597 3380 1862 3453 intra,et
1893 3382 2124 3461 partim
2155 3379 2236 3442 ab
2266 3399 2369 3442 ex-

873 3488 1005 3543 tra:
1039 3497 1164 3543 non
1198 3480 1366 3562 quod
1397 3479 1550 3561 ipsae
1580 3478 1800 3542 formae
1833 3487 2078 3561 partem
2110 3498 2241 3542 suae
2271 3498 2366 3543 es-

2470 2496 2817 2569 efficiente,
2854 2495 3057 2577 ipsius
3091 2495 3369 2557 materiae
3402 2502 3715 2573 creatore3
3738 2494 3965 2557 deinde

2470 2614 2585 2677 per
2615 2613 2835 2656 causas
2865 2593 3224 2656 efficientes
3262 2594 3491 2656 deduci
3523 2594 3693 2674 ipsas
3733 2592 3966 2655 formas

2470 2693 2547 2754 ad
2570 2710 2707 2754 esse
2739 2691 3130 2772 completum
3153 2698 3215 2752 et
3248 2690 3586 2754 formatum
3622 2691 3961 2753 distinctas.

2471 2789 2754 2871 Denique
2782 2788 3000 2870 opinio
3028 2789 3153 2850 alia
3192 2788 3366 2861 dicit,
3400 2788 3637 2851 formas
3674 2808 3801 2851 non
3832 2808 3969 2851 esse

2470 2888 2682 2950 taliter
2739 2888 2803 2949 in
2875 2887 3139 2950 materia
3206 2888 3550 2960 inchoataS,
3612 2887 3741 2949 imo
3811 2887 3971 2949 nihil

2452 2987 2763 3050 -essentiae
2793 2987 3161 3049 earumdem
3196 2987 3450 3049 realiter
3477 2987 3543 3049 in
3575 2988 3839 3050 materia
3868 3007 3972 3049 an-

2472 3093 2537 3148 te
2578 3086 2983 3149 eductionem
3027 3086 3351 3148 exsistere.

2554 3185 2772 3266 Itaque
2822 3184 3038 3267 primae
3085 3184 3408 3266 opinionis
3461 3185 3696 3247 motiva
3753 3192 3901 3247 sunt
3952 3200 3967 3245 t

2475 3282 2627 3364 quia
2675 3282 2727 3343 si
2779 3281 2998 3345 formae
3047 3300 3175 3344 non
3236 3290 3449 3345 essent
3494 3282 3587 3344 sic
3637 3283 3967 3356 inchoatae,

2475 3379 2606 3441 imo
2635 3380 2986 3443 secundum
3016 3387 3214 3442 totam
3246 3400 3425 3443 suam
3457 3382 3796 3444 essentiam
3825 3382 3973 3445 edu-

2476 3485 2793 3551 cerentur,
2856 3478 3223 3541 viderentur
3278 3478 3500 3553 creari,
3562 3480 3971 3561 quemadmo-

868 3579 1089 3642 sentiae
1119 3578 1463 3642 sortiantur
1499 3596 1537 3641 a
1576 3596 1766 3639 causa
1804 3577 2149 3640 intrinseca
2186 3585 2296 3640 aut
2332 3598 2368 3639 a
2402 3579 2446 3643 C
2476 3578 2629 3639 dum
2689 3577 2903 3640 anima
2962 3577 3327 3655 rationalis;
3382 3596 3582 3660 quum
3642 3579 3841 3641 creari
3890 3580 3970 3641 sit

869 3677 1156 3751 materia,
1208 3684 1451 3758 partem
1504 3693 1760 3757 quoque
1809 3694 1939 3738 suae
1989 3676 2279 3738 essentiae
2332 3696 2369 3737 a

869 3794 1060 3838 causa
1089 3773 1632 3855 extrinseca,puta
1664 3773 2224 3855 efficiente,quum
2255 3773 2367 3837 for-

871 3894 986 3938 mae
1018 3873 1141 3937 illae
1170 3873 1295 3936 sint
1327 3872 1746 3955 incorporales
1776 3890 1848 3934 ac
1879 3872 2365 3953 simplices;sed

868 3973 1040 4056 quod
1069 3980 1214 4034 ante
1244 3990 1423 4035 suam
1457 3971 1968 4053 productionem,
2003 3970 2068 4032 in
2102 3971 2368 4034 materia

869 4091 983 4135 seu
1043 4071 1288 4133 semine
1347 4070 1563 4152 aliquo
1613 4070 1800 4131 modo
1849 4070 2221 4142 consistant,
2274 4078 2367 4131 ut-

870 4177 1019 4254 pote
1077 4168 1512 4251 potentialiter
1567 4168 1671 4229 vel
1728 4167 2238 4248 aptitudinaliter
2304 4177 2369 4232 et

871 4268 1281 4350 incomplete,
1313 4273 1379 4328 et
1417 4284 1531 4347 per
1573 4265 1824 4346 agentia
1868 4265 2256 4327 universalia
2293 4285 2367 4329 ac

873 4364 1302 4448 particularia,
1353 4364 1474 4425 hoc
1525 4370 1622 4425 est
1672 4381 1788 4443 per
1847 4370 2090 4425 motum
2154 4370 2217 4425 et
2273 4364 2366 4425 in-

869 4463 1210 4527 fluentiam
1282 4460 1638 4525 coelestium
1717 4477 2054 4541 corporum
2124 4469 2189 4524 et
2253 4481 2368 4543 per

867 4580 1090 4627 causas
1121 4558 1538 4643 particulares
1565 4558 1984 4639 generativas,
2017 4560 2368 4641 producan-

864 4669 971 4724 tur
997 4660 1076 4723 ad
1117 4676 1256 4721 esse
1295 4656 1541 4719 actuale
1582 4656 1991 4738 completum.
2025 4658 2199 4719 Hanc
2240 4678 2368 4721 me-

2478 3694 2555 3737 ex
2600 3675 2802 3738 nihilo
2846 3694 2981 3737 rem
3029 3676 3313 3757 produci.
3347 3676 3609 3749 RursuS,
3653 3677 3823 3759 quod
3864 3696 3973 3739 ne·

2477 3792 2795 3857 quaquam
2832 3776 2895 3835 in
2928 3773 3054 3836 alio
3093 3782 3208 3847 est,
3243 3775 3466 3857 nequit
3504 3795 3581 3838 ex
3618 3794 3695 3839 eo
3732 3776 3915 3838 educi
3954 3794 3967 3837 :

2476 3890 2627 3953 ergo
2667 3872 2717 3933 si
2760 3872 2919 3933 nihil
2960 3871 3181 3936 formae
3220 3874 3564 3937 educendae
3604 3876 3669 3936 in
3712 3875 3973 3937 materia

2477 3990 2590 4032 seu
2622 3970 2867 4033 semine
2898 3971 3174 4052 praefuit,
3212 3971 3414 4034 forma
3444 3992 3843 4055 nequaquam
3881 3973 3972 4035 in·

2476 4070 2556 4131 de
2598 4069 2911 4132 educitur.
2956 4070 3217 4143 lterum,
3264 4070 3525 4133 materia
3566 4072 3811 4153 appetit
3850 4072 3974 4135 for-

2478 4184 2690 4248 mam;
2722 4168 3044 4249 appetitus
3078 4186 3228 4231 vero
3272 4189 3349 4231 ex
3395 4169 3819 4233 similitudine
3857 4170 3974 4233 ori-

2474 4274 2581 4328 tur
2620 4283 2633 4327 :
2678 4283 2829 4346 ergo
2871 4266 3134 4328 materia
3169 4267 3299 4347 jam
3340 4267 3580 4348 aliquid
3622 4267 3843 4331 formae
3880 4277 3975 4331 est

2475 4366 2734 4444 sortita3
2772 4365 2922 4439 imo,
2960 4366 3013 4427 si
3055 4366 3216 4427 nihil
3260 4384 3388 4429 suae
3430 4367 3723 4430 essentiae
3770 4376 3865 4430 est
3909 4368 3971 4430 in

2478 4463 2741 4524 materia
2778 4468 3117 4544 antequam
3159 4464 3486 4537 educatur,
3520 4472 3688 4527 esset
3727 4472 3855 4527 tota
3892 4465 3970 4526 ab

2475 4568 2669 4624 extra.
2704 4561 2878 4623 Idem
2912 4562 3167 4623 videtur
3197 4562 3397 4625 fuisse
3428 4563 3505 4626 de
3535 4564 3600 4627 B.
3636 4564 3969 4645 Augustini

2475 4659 2850 4732 intentione,
2911 4659 3020 4741 qui
3082 4679 3276 4741 super
3335 4660 3630 4725 Genesim
3690 4669 3754 4724 et
3810 4662 3971 4724 libro

863 4761 1034 4823 diam
1095 4758 1268 4822 viam
1333 4755 1734 4837 Peripatetici
1803 4762 1953 4817 sunt
2018 4756 2244 4831 secuti,
2302 4766 2367 4820 et
2395 4760 2444 4822 D
2474 4759 2553 4821 de
2595 4758 2899 4821 Trinitate
2942 4757 3197 4833 fatetur,
3244 4760 3573 4821 materiam
3621 4760 3969 4823 rationibus

863 4855 1196 4921 christiani
1243 4853 1607 4937 philosophi
1653 4853 2079 4915 communiter
2120 4862 2357 4918 tenent.

941 4954 1154 5018 Nihilo
1203 4952 1417 5015 minus
1459 4958 1746 5013 remanet
1788 4950 2163 5026 difficultaS,
2209 4971 2362 5035 quo-

863 5052 1053 5117 modo
1096 5051 1266 5113 istud
1308 5050 1388 5112 sit
1432 5049 1941 5131 intelligendum,
1987 5070 2067 5112 an
2113 5050 2359 5114 scilicet

865 5149 1141 5213 essentia
1169 5149 1391 5212 formae
1418 5148 1785 5222 educendae,
1819 5155 1966 5211 ante
1997 5168 2177 5211 suam
2211 5150 2359 5212 edu·

865 5249 1142 5312 ctionem
1187 5266 1337 5311 vere
1385 5246 1638 5311 realiter
1688 5246 1754 5309 in
1801 5246 2065 5309 materia
2113 5266 2357 5329 praeex-

2472 4855 2890 4919 seminalibus
2928 4862 3119 4938 atque
3158 4856 3521 4919 causalibus
3568 4876 3708 4921 esse
3748 4858 3968 4921 fecun-

2470 4955 2637 5017 dam.
2674 4954 2905 5027 Quarto
2935 4972 3191 5036 quoque
3223 4973 3416 5037 super
3447 4954 3743 5019 Genesim
3780 4974 3795 5019 ε
3828 4956 3967 5019 Om-

2468 5052 2576 5114 nia
2604 5050 2871 5133 (inquit)
2911 5051 3047 5114 haec
3086 5070 3164 5112 ex
3207 5051 3417 5115 insitis
3457 5053 3811 5117 rationibus
3842 5053 3967 5116 illis
3996 5036 4011 5047 ’

2469 5169 2627 5232 quas
2659 5156 2959 5231 tanquam
2994 5149 3387 5212 seminaliter
3424 5152 3657 5232 sparsit
3685 5152 3750 5213 in
3784 5170 3966 5215 mun-

2468 5249 2550 5312 do
2590 5248 2866 5323 Creator,
2909 5248 3165 5331 prodire
3210 5257 3578 5312 noscuntur.
3624 5250 3701 5313 Et
3744 5249 3897 5313 alibi
3944 5267 3958 5312 :
