4300 6259
820 474 937 540 124

1488 495 1911 544 nmmum
1951 496 2348 544 TnssotooicA.
2395 515 2475 527 -
2515 497 2594 544 DE
2636 499 2754 546 DEo
2795 499 2916 546 Uno
2955 499 3031 546 ΕΤ
3069 499 3251 547 mmo

816 666 1083 740 factum,
1116 667 1227 730 sed
1264 667 1595 750 genitum3
1628 686 1747 732 nec
1789 686 1929 732 esse
1960 670 2315 732 secundum
2344 668 2397 732 A
2425 668 2902 751 Philosophum,
2935 671 3046 733 sed
3077 672 3245 753 quod
3276 671 3548 753 gentiles
3577 671 3644 735 in
3674 670 3930 736 sacrifi-

816 763 1019 828 Deum
1062 772 1174 828 aut
1214 765 1579 840 Dominum,
1622 767 1732 830 sed
1770 768 2069 831 eumdem
2112 769 2313 832 Deum

816 881 966 926 cum
996 862 1193 927 Patre.
1228 863 1360 927 Hoc
1389 864 1593 928 nihilo
1624 865 1837 928 minus
1877 867 2080 949 possit
2118 866 2317 929 salva-

817 961 895 1035 ri,
928 962 1201 1025 dicendo
1236 963 1407 1045 quod
1448 963 1897 1046 Trismegistus
1936 965 2187 1047 accepit
2211 967 2314 1042 fa-

814 1080 958 1120 cere
988 1059 1262 1124 multum
1292 1068 1573 1136 extense,
1606 1069 1796 1144 prout
1826 1081 1893 1124 se
1922 1063 2208 1126 extendit
2235 1063 2315 1125 ad

814 1157 1075 1239 gignere
1128 1176 1142 1220 :
1196 1158 1517 1241 siquidem
1576 1160 1769 1222 etiam
1824 1159 2312 1223 proverbiorum

814 1263 1061 1329 octavo,
1094 1256 1208 1319 ubi
1238 1265 1454 1320 nostra
1484 1257 1675 1321 habet
1717 1256 2067 1332 translati0,
2100 1257 2311 1321 Domi-

813 1372 937 1417 nus
977 1355 1261 1437 possedit
1296 1374 1421 1430 me,
1462 1355 1589 1418 alia
1628 1356 1958 1419 translatio
2006 1355 2310 1430 continet,

817 1452 1127 1516 Dominus
1188 1455 1430 1518 creavit
1480 1473 1600 1518 me.
1654 1453 1731 1516 Et
1779 1453 2003 1516 dicunt
2049 1454 2312 1536 quidam

813 1549 1207 1631 expositores
1256 1549 1520 1624 ibidem,
1565 1552 1735 1633 quod
1774 1569 1988 1614 creare
2038 1551 2315 1614 sumitur

812 1645 904 1709 ibi
933 1654 1217 1724 extense,
1248 1656 1440 1730 prout
1482 1667 1551 1712 se
1597 1649 1883 1711 extendit
1929 1649 2009 1712 ad
2051 1668 2311 1731 genera-

810 1763 917 1825 re;
962 1746 1131 1827 quod
1174 1747 1405 1809 Filium
1448 1766 1703 1829 quoque
1747 1747 1904 1810 dicit
1955 1749 2310 1810 secundum

810 1841 1035 1918 Deum,
1082 1843 1251 1907 sicut
1291 1852 1355 1907 et
1398 1863 1515 1908 nos
1562 1845 1841 1908 fatemur
1892 1846 2123 1909 Filium
2172 1866 2312 1910 esse
2348 1845 2395 1908 B

812 1942 1163 2004 secundam
1195 1943 1260 2005 in
1301 1943 1541 2006 divinis
1573 1961 1935 2026 personam.
1972 1944 2047 2006 Et
2084 1945 2138 2007 si
2177 1953 2308 2007 tam

816 2047 986 2103 recte
1016 2041 1219 2104 sensit
1256 2041 1334 2104 de
1379 2042 1539 2106 Filio
1582 2042 1716 2117 Dei,
1749 2060 1877 2105 non
1924 2043 2044 2106 hoc
2088 2042 2314 2106 habuit

816 2156 894 2200 ex
926 2157 993 2201 se
1024 2139 1183 2220 ipso.
1219 2140 1353 2202 lmo
1382 2139 1503 2202 hoc
1542 2139 2027 2203 proverbiorum
2069 2142 2314 2204 tricesi-

638 2268 661 2297 v
692 2268 793 2306 ω,
821 2254 927 2299 mo
969 2237 1268 2301 Salomon
1315 2246 1412 2301 est
1453 2238 1687 2301 effatus
1720 2240 1917 2314 :Quis
1957 2240 2314 2322 (inquiens)

819 2335 1153 2398 suscitavit
1179 2353 1407 2399 omnes
1430 2337 1741 2400 terminos
1764 2341 1985 2401 terrael
2006 2339 2182 2411 Quod
2204 2358 2312 2403 no-

822 2451 969 2496 men
1026 2434 1192 2514 ejuS,
1243 2442 1306 2497 et
1362 2435 1534 2517 quod
1590 2453 1825 2498 nomen
1872 2434 1996 2499 filii
2045 2437 2208 2518 ejus,
2258 2439 2314 2500 si

819 2531 985 2594 nosti
1008 2535 1033 2593 3
1054 2533 1321 2608 Interea,
1346 2532 1617 2596 verbum
1646 2533 1827 2608 illud,
1850 2535 2063 2598 Monas
2092 2537 2316 2616 genuit

818 2631 1180 2706 monadem,
1243 2632 1506 2714 quidam
1572 2639 1864 2695 asserunt
1931 2633 2175 2695 dictum
2234 2635 2312 2696 ad

814 2727 1277 2809 designandum
1325 2730 1495 2811 quod
1553 2749 1720 2792 unus
1763 2748 1953 2792 verus
1998 2730 2165 2794 Deus
2208 2749 2314 2812 ge-

814 2825 958 2887 nuit
1014 2845 1216 2888 unum
1277 2827 1592 2889 mundum
1649 2835 1911 2910 propter
1958 2829 2059 2891 sui
2107 2829 2311 2912 ipsius

810 2924 1585 2987 amorem.Verumtamen
1617 2926 2115 3005 agnoscendum,
2141 2928 2309 3009 quod

2425 768 2542 830 ciis
2590 775 2656 830 et
2700 769 3096 832 orationibus
3145 771 3354 832 cultus
3403 770 3606 833 divini
3654 770 3931 834 trinario

2425 866 2789 942 utebantur,
2808 875 3068 950 propter
3097 868 3272 931 illius
3301 870 3556 932 numeri
3587 868 3934 952 perfectio-

2425 985 2593 1039 nem,
2627 973 2688 1028 et
2719 965 2871 1048 quia
2900 966 3212 1048 perfectio
3243 986 3459 1031 rerum
3493 967 3934 1031 communiter

2425 1062 2490 1126 in
2519 1062 2804 1126 trinitate
2834 1064 3108 1147 quadam
3138 1065 3448 1128 consistit.
3467 1066 3932 1129 Verumtamen

2423 1161 2620 1224 verba
2670 1161 2780 1224 illa
2825 1161 3190 1245 Philosophi
3239 1170 3390 1226 sunt
3437 1163 3732 1238 obscura,
3780 1169 3846 1226 et
3895 1183 3936 1226 a

2423 1257 2694 1322 diversis
2727 1259 3156 1324 diversimode
3195 1268 3623 1344 exponuntur.
3659 1261 3818 1325 Nam
3867 1269 3938 1324 et

2421 1355 2636 1420 verbis
2695 1356 2824 1420 illis
2884 1358 3195 1440 praemisit
3251 1357 3674 1441 Philosophus
3732 1375 3747 1421 ε
3809 1359 3936 1422 Hic

2422 1473 2730 1518 numerus
2775 1462 2872 1544 est
2918 1457 3129 1518 omnis
3175 1456 3272 1537 (id
3303 1464 3402 1519 est
3447 1456 3826 1540 perfectus),
3860 1464 3935 1520 et

2423 1571 2638 1616 rerum
2669 1552 2995 1634 significat
3023 1554 3374 1617 trinitatem
3399 1571 3417 1633 3
3447 1572 3566 1618 nos
3595 1573 3747 1618 vero
3793 1573 3934 1619 non

2423 1651 2812 1714 extraximus
2862 1669 3012 1713 eum
3055 1651 3185 1713 nisi
3223 1671 3264 1714 a
3303 1658 3530 1714 natura
3574 1671 3816 1728 rerum,
3860 1659 3934 1716 et

2425 1748 2809 1812 retinuimus
2854 1749 3066 1830 ipsum
3111 1749 3393 1812 similem
3437 1749 3555 1831 legi
3596 1769 3840 1813 earum.

2805 1960 3326 2026 PROPOSITIO
3375 1960 3524 2025 XV.

2501 2147 2885 2214 Rationes
2925 2161 3099 2227 quae
3139 2147 3238 2214 ad
3273 2144 3934 2227 sapei-gloriosis-

2420 2245 2643 2310 simae
2672 2244 3092 2311 Trinitatis
3123 2243 3666 2324 probationem
3696 2245 3932 2309 indu-

2422 2344 2738 2423 cuntur,
2797 2357 2956 2408 non
3020 2343 3288 2409 minus
3359 2343 3663 2409 idoneae
3740 2343 3940 2408 sunt

2423 2441 2506 2506 et
2545 2439 2796 2505 fortes
2832 2441 2934 2506 ad
2978 2439 3470 2521 probandum
3501 2441 3934 2520 intentum,

2421 2552 2657 2619 quam
2702 2537 2868 2603 111ae
2903 2552 3076 2618 quae
3115 2538 3214 2604 ad
3253 2538 3708 2619 oppositum
3750 2551 3937 2618 pro-

2423 2638 2847 2717 ponuntur.

2502 2733 2676 2807 Quod
2724 2741 2842 2808 est,
2885 2733 3036 2815 quia
3085 2752 3203 2796 nec
3252 2733 3389 2798 istae
3437 2752 3558 2796 nec
3605 2733 3732 2797 illae
3775 2741 3934 2796 sunt

2422 2831 2957 2905 de‘monstrativae,
2992 2839 3062 2893 ut
3089 2832 3333 2914 patuit3
3364 2849 3590 2894 verum
3636 2839 3932 2913 utraeque

2421 2929 2722 2992 videntur
2761 2928 3144 3011 probabiles.
3187 2929 3380 2993 Porro
3423 2929 3741 2993 instantiae
3781 2948 3930 3010 quae

811 3019 1114 3084 Platonici
1163 3029 1518 3104 posuerunt
1557 3041 1594 3083 a
1637 3041 1891 3086 summo
1933 3025 2081 3097 De0,
2114 3043 2308 3107 quem
2343 3028 2386 3091 C
2421 3027 2486 3089 in
2517 3027 2884 3109 oppositum
2920 3027 3334 3100 inducuntur,
3359 3046 3477 3110 pro
3507 3034 3687 3110 parte
3715 3025 3934 3089 brevi-

812 3126 1059 3202 patrem
1092 3119 1427 3194 vocabant,
1463 3120 1830 3184 immediate
1860 3120 2128 3185 fluxisse
2167 3141 2306 3204 pro-

810 3217 1197 3298 ductamque
1246 3236 1385 3280 esse
1435 3227 1715 3280 mentem
1762 3220 2130 3300 quamdam,
2178 3241 2308 3303 prae

812 3315 1041 3378 ceteris
1089 3316 1339 3378 cunctis
1388 3316 1518 3378 Deo
1564 3317 1747 3380 valde
1795 3318 2198 3381 consimilem
2246 3327 2312 3382 et

813 3412 1187 3495 perfectam,
1222 3415 1511 3477 omnium
1544 3433 1757 3476 rerum
1790 3415 2145 3478 rationibus
2186 3417 2313 3499 ple-

814 3529 985 3585 nam,
1020 3518 1086 3574 et
1126 3511 1574 3577 universorum
1616 3512 1954 3595 speciebus
1994 3514 2312 3595 refulgen-

813 3616 969 3683 tem,
1002 3609 1376 3674 deiformem
1406 3630 1479 3675 ac
1508 3611 1931 3693 splendidam,
1955 3631 2149 3695 quam
2182 3625 2309 3676 νοῦν

814 3727 889 3770 ac
927 3708 1039 3771 Dei
1084 3707 1299 3771 filium
1344 3708 1824 3792 nuncupabant,
1855 3717 1928 3772 ut
1969 3711 2135 3774 infra
2179 3712 2315 3794 ple-

815 3807 963 3868 nius
1010 3805 1343 3870 referetur.
1395 3843 1474 3853 —
1531 3806 1815 3870 Plotinus
1874 3809 2136 3872 demum
2199 3828 2313 3891 per

812 3912 941 3968 tres
986 3923 1271 3968 summas
1318 3904 1705 3968 substantias
1746 3907 2062 3970 intellexit
2107 3907 2310 3970 Deum

810 4003 1081 4078 Patrem,
1115 4010 1180 4066 et
1208 4016 1359 4078 νοῦν,
1394 4022 1468 4066 ac
1497 4003 1777 4066 animam
1810 4005 2055 4067 mundi.
2082 4005 2160 4068 Et
2187 4005 2312 4068 for-

812 4121 924 4165 san
956 4101 1092 4165 haec
1122 4102 1263 4185 ipsa
1290 4103 1542 4165 vocavit
1570 4101 1954 4185 Porphyrius
1985 4103 2107 4165 tria
2136 4103 2315 4185 prin-

2419 3133 2516 3188 ter
2561 3132 2744 3188 tactae
2793 3132 2944 3188 sunt
2987 3143 3000 3186 :
3044 3133 3117 3187 ut
3162 3125 3334 3207 quod
3383 3145 3524 3208 quae
3574 3125 3685 3188 uni
3733 3125 3930 3189 tertio

2419 3222 2727 3304 singulari
2759 3223 3015 3285 realiter
3033 3223 3254 3286 eadem
3277 3231 3443 3296 sunt,
3467 3224 3635 3286 inter
3653 3241 3722 3286 se
3743 3221 3925 3286 reali-

2419 3328 2515 3382 ter
2545 3321 2766 3383 eadem
2797 3327 2968 3396 sunt,
3002 3339 3211 3402 neque
3241 3320 3497 3384 realiter
3524 3321 3932 3402 distinguun-

2419 3418 2747 3481 tur:Pater
2777 3435 2928 3498 ergo
2957 3425 3022 3481 et
3051 3418 3249 3481 Filius
3279 3437 3686 3501 nequaquam
3719 3419 3800 3480 ab
3833 3419 3926 3482 in-

2419 3517 2628 3581 vicem
2651 3515 2905 3580 realiter
2935 3523 3086 3579 sunt
3112 3515 3422 3592 distincti,
3441 3537 3636 3600 quum
3657 3525 3930 3600 uterquc

2421 3615 2677 3678 realiter
2725 3614 2896 3678 idem
2945 3615 3030 3679 sit
3076 3615 3246 3698 quod
3295 3615 3496 3679 deitas
3545 3634 3661 3680 seu
3708 3615 3932 3679 divina

2421 3714 2875 3796 essentia,quae
2905 3721 3002 3776 est
3032 3713 3188 3796 quid
3219 3712 3539 3794 singulare
3565 3733 3680 3778 seu
3709 3733 3930 3778 nume-

2423 3828 2495 3875 ro
2541 3830 2763 3874 unum.
2797 3847 2878 3858 -
2905 3812 3170 3886 RursuS,
3216 3829 3370 3874 vero
3412 3812 3564 3886 De0,
3597 3831 3800 3894 quum
3845 3812 3932 3874 sit

2423 3927 2624 3991 purus
2653 3917 2854 3984 actuS,
2880 3909 3246 3972 nullatenus
3275 3909 3533 3972 videtur
3561 3917 3930 3992 competere

2422 4007 2736 4088 generari,
2773 4007 3066 4089 produci,
3100 4007 3352 4089 spirari.
3376 4041 3458 4053 —
3483 4007 3815 4082 Praeterea,
3849 4008 3933 4070 de

2423 4105 2667 4167 ratione
2697 4105 2810 4168 Dei
2840 4111 2938 4168 est
2967 4105 3135 4186 quod
3169 4105 3253 4166 sit
3279 4123 3393 4168 ens
3424 4105 3732 4188 primum,
3752 4105 3930 4168 inde-

813 4200 1003 4283 cipia.
1037 4201 1162 4264 Nos
1193 4209 1407 4263 autem
1448 4208 1575 4263 tres
1618 4200 1968 4264 adorandas
2009 4219 2313 4284 personas
2344 4202 2393 4264 D
2426 4202 2734 4285 pendenS,
2769 4202 3168 4266 incausatum
3205 4220 3218 4265 :
3253 4203 3425 4285 quod
3455 4220 3586 4266 non
3629 4205 3932 4266 convenit

812 4317 1016 4360 unum
1061 4298 1479 4381 principium,
1513 4315 1640 4360 non
1680 4299 1802 4360 tria
1833 4299 2173 4382 principia,
2206 4319 2313 4383 ap-

814 4395 1131 4478 pellamus
1167 4413 1181 4456 :
1216 4395 1384 4458 sicut
1410 4403 1475 4458 et
1505 4415 1705 4457 unum
1738 4397 1939 4458 Deum
1982 4417 2314 4480 unumque

814 4494 1201 4568 Creatorem,
1264 4511 1390 4556 non
1459 4499 1589 4555 tres
1647 4494 1807 4556 Deos
1866 4501 2075 4558 tresve
2134 4495 2314 4559 Crea—

810 4599 1005 4655 tores.
1088 4612 1100 4621 ·

892 4689 1238 4764 Postremo,
1273 4690 1443 4772 quod
1476 4689 1686 4772 primo
1715 4688 1871 4752 Coeli
1911 4689 2001 4751 ait
2036 4689 2314 4752 Philoso-

811 4789 1001 4871 phus,
1036 4788 1385 4862 TrinariuS,
1419 4788 1630 4851 omnis
1672 4788 1767 4869 (id
1815 4794 1914 4850 est
1962 4787 2316 4870 perfectus)

811 4895 910 4950 est
952 4905 1285 4961 numeruS,
1319 4893 1384 4948 et
1412 4904 1527 4949 nos
1560 4886 1685 4969 ipsi
1716 4886 2130 4949 adhibuimus
2173 4903 2316 4949 nos-

816 4986 1121 5069 metipsos
1166 4983 1583 5067 magnificare
1626 5004 1827 5047 unum
1871 4985 2096 5059 Deum,
2144 5002 2316 5046 crea-

813 5089 1017 5146 torem
1080 5083 1497 5156 eminentem,
1548 5082 2046 5166 proprietatibus
2092 5099 2315 5144 eorum

817 5198 959 5261 quae
999 5189 1209 5243 creata
1248 5187 1419 5254 sunt,
1452 5198 1581 5243 non
1619 5188 1715 5242 est
1752 5180 1997 5243 dictum
2039 5180 2210 5263 quod
2251 5180 2317 5242 in

818 5278 949 5342 Deo
1004 5279 1090 5342 sit
1144 5279 1395 5343 trinitas
1460 5296 1900 5361 personarum,
1962 5279 2317 5345 secundum

2425 4318 2712 4384 personae
2743 4301 3068 4383 productae
3097 4320 3171 4364 ac
3199 4308 3624 4382 generatae.—
3639 4302 3930 4384 Insuper,

2425 4399 2708 4462 activum
2739 4405 2837 4463 est
2867 4399 3272 4481 praestantius
3304 4416 3533 4481 passo:
3565 4399 3749 4463 Pater
3778 4418 3934 4481 ergo

2423 4515 2734 4578 generans
2793 4503 2855 4560 et
2914 4496 3110 4560 Filius
3175 4503 3540 4578 generatus,
3597 4505 3936 4579 nequeunt

2424 4593 2751 4675 dignitatis
2795 4612 2935 4657 esse
2977 4593 3259 4674 aequalis.
3293 4629 3376 4639 —-
3401 4593 3722 4676 AmpliuS,
3762 4594 3934 4658 Deus

2426 4700 2523 4756 est
2551 4711 2665 4755 ens
2697 4691 3148 4754 universaliter
3177 4691 3692 4774 simpliciterque
3723 4691 3934 4776 perfe-

2427 4797 2605 4853 ctum
2639 4807 2652 4851 :
2688 4789 2741 4851 si
2773 4797 2985 4852 autem
3015 4789 3197 4852 Pater
3233 4797 3298 4852 et
3339 4790 3536 4853 Filius
3589 4797 3744 4854 sunt
3789 4791 3936 4854 duae

2431 4887 2745 4950 distinctae
2793 4904 3102 4970 personae,
3143 4887 3436 4969 sequitur
3485 4888 3655 4969 quod
3715 4887 3936 4950 nullus

2427 5002 2650 5047 eorum
2693 4983 2778 5046 sit
2819 5002 3072 5047 summe
3108 5001 3183 5046 ac
3221 5001 3372 5046 vere
3413 4983 3760 5066 perfectus,
3808 4983 3938 5046 Aut

2427 5081 2602 5146 enim
2633 5081 2700 5144 in
2730 5081 2911 5144 nullo
2939 5080 3274 5154 differunt,
3309 5088 3374 5145 et
3413 5081 3508 5144 sic
3549 5099 3682 5145 non
3719 5090 3939 5146 essent

2428 5181 2569 5244 duae
2626 5197 2936 5262 personae,
2997 5179 3108 5242 sed
3166 5199 3296 5242 una
3350 5186 3644 5261 tantum3
3699 5189 3810 5244 aut
3867 5181 3937 5244 in

2429 5278 2646 5361 aliquo
2689 5277 3021 5352 differunt,
3051 5284 3118 5341 et
3145 5277 3238 5342 sic
3268 5284 3495 5343 neuter
3522 5286 3693 5343 esset
3731 5277 3942 5362 perie-

3963 3151 4155 3194 pmpoo.
4165 3151 4242 3180 xm.
