4300 6259
813 436 888 500 74
1359 458 1782 505 unumunurm
1824 457 2283 505 ruinosorch.
2330 477 2409 488 -
2453 458 2531 504 na
2572 458 2939 507 conromnus
2982 459 3369 507 coetnsrfflns

889 628 1176 711 Denique
1217 628 1478 713 quidam
1519 629 1705 693 orbes
1745 630 1885 693 illos
1927 648 1993 693 se
2025 629 2305 693 invicem
2337 630 2390 693 A
2420 628 2701 693 invicem
2734 631 3011 694 multum
3042 631 3299 705 distant,
3335 638 3399 693 et
3426 652 3553 695 una
3583 652 3778 717 super
3804 632 3929 695 ali-

814 729 1184 810 contingere
1227 730 1469 812 opinati
1519 738 1690 793 sunt.
1739 730 1934 811 Cujus
1983 729 2305 811 opinionis

809 844 1032 889 omnes
1080 828 1279 891 fuisse
1321 830 1619 892 videntur
1664 829 1774 910 qui
1817 829 2076 892 eosdem
2119 828 2306 891 orbes

807 926 1108 989 dixerunt
1164 945 1280 990 suo
1327 935 1622 990 contactu
1671 935 1735 990 et
1784 935 1960 990 motu
2010 926 2307 989 suavissi-

810 1043 981 1087 mam
1026 1024 1236 1089 facere
1291 1026 1650 1101 melodiam,
1697 1026 1864 1088 sicut
1910 1026 1973 1088 in
2019 1025 2183 1088 libro
2227 1026 2304 1088 de

812 1124 984 1188 Coelo
1028 1124 1105 1187 de
1149 1125 1494 1208 Pythagora
1536 1125 1760 1199 fertur,
1809 1126 1918 1207 qui
1963 1132 2025 1187 et
2074 1142 2302 1187 sonum

809 1222 992 1284 illum
1024 1222 1460 1305 corporalibus
1488 1222 1750 1285 auribus
1783 1243 1849 1286 se
1880 1224 2132 1286 audisse
2165 1242 2304 1305 per-

811 1320 1072 1383 hibuit:
1118 1322 1182 1383 in
1226 1340 1356 1404 quo
1401 1330 1649 1385 constat
1689 1340 1837 1385 eum
1885 1322 2081 1384 fuisse
2127 1322 2306 1385 dece-

807 1427 1012 1501 ptum,
1055 1426 1164 1482 aut
1203 1420 1594 1483 confinxisse
1639 1421 1758 1483 hoc
1803 1421 2054 1504 ipsum3
2087 1440 2307 1503 quem-

806 1519 1150 1582 admodum
1183 1527 1248 1581 et
1279 1520 1342 1581 in
1375 1538 1451 1582 eo
1484 1520 1647 1601 quod
1681 1519 2034 1582 affirmavit
2061 1520 2306 1582 animas

805 1619 1330 1699 transcorporari‚
1381 1637 1576 1700 seque
1633 1619 1950 1680 recordari
2011 1618 2178 1699 quod
2240 1617 2304 1679 in

810 1714 982 1778 bello
1031 1716 1301 1797 Trojano
1353 1716 1475 1779 suit
1527 1718 1710 1779 miles
1762 1717 1970 1779 dictus
2021 1717 2305 1799 Euphor-

2417 748 2517 791 am
2556 730 2908 811 plurimum
2940 730 3273 793 exaltatur.
3302 732 3490 794 Porro
3522 731 3722 795 Rabbi
3754 733 3930 815 Moy-

2418 848 2519 891 ses
2559 828 2703 911 plus
2742 828 2998 909 adiecit,
3033 828 3365 891 affirmans
3405 830 3575 911 quod
3617 829 3927 912 quaelibet

2418 928 2665 1008 sphaera
2705 927 2767 989 in
2811 927 3227 1009 spissitudine
3266 927 3495 990 habeat
3534 929 3701 991 viam
3734 930 3925 1011 quin-

2416 1034 2750 1108 gentorum
2794 1043 3131 1099 annorum,
3180 1034 3555 1110 tantumque
3600 1029 3786 1111 spatii
3832 1029 3924 1091 sit

2418 1126 2583 1187 inter
2623 1125 2935 1207 sphaeram
2977 1133 3039 1187 et
3079 1126 3391 1207 sphaeram
3426 1144 3440 1188 ε
3474 1127 3646 1209 quod
3688 1146 3768 1189 an
3807 1146 3917 1190 ve-

2417 1243 2559 1286 rum
2608 1224 2709 1297 sit,
2763 1224 2942 1287 novit
2990 1224 3100 1307 qui
3154 1225 3453 1287 universa
3502 1225 3567 1288 in
3616 1245 3912 1301 numero,
3952 1247 4217 1303 smum.

2418 1323 2698 1405 pondere
2756 1329 2819 1384 et
2879 1341 3178 1384 mensura
3244 1323 3594 1386 constituit.
3656 1325 3790 1388 Imo
3848 1334 3915 1389 et

2418 1421 2587 1484 circa
2644 1421 2765 1484 hoc
2822 1421 3034 1501 gravis
3094 1439 3239 1484 mox
3298 1422 3564 1503 quaestio
3613 1423 3913 1497 oriretur,

2418 1520 2603 1600 cujus
2644 1527 2883 1583 naturae
2920 1527 3089 1582 esset
3130 1520 3583 1583 intermedium
3634 1522 3913 1603 spatium

2420 1618 2601 1692 illud,
2648 1626 2711 1680 et
2757 1625 2970 1679 utrum
3016 1626 3191 1681 motu
3236 1619 3630 1699 sphaerarum
3675 1619 3917 1682 divida-

2419 1724 2524 1778 tur
2571 1734 2584 1779 :
2633 1717 2802 1798 quod
2851 1716 2902 1778 si
2954 1718 3224 1790 dicatur,
3276 1716 3695 1799 corruptibile
3744 1718 3918 1781 vide-

509 1829 780 1874 amonem·
810 1815 953 1889 buS‚
994 1823 1186 1897 atque
1234 1815 1435 1879 fuisse
1484 1834 1550 1878 se
1597 1815 1837 1878 ibidem
1883 1814 1962 1875 ab
2003 1816 2248 1878 Achille
2284 1818 2306 1843 *
2344 1812 2392 1875 B
2422 1822 2613 1878 retur.
2660 1815 2943 1889 interim,
2985 1815 3039 1877 si
3082 1816 3352 1878 minima
3402 1816 3586 1879 stella
3633 1816 3915 1879 visibilis

809 1914 1118 1986 occisum,
1167 1914 1258 1976 sic
1303 1923 1367 1977 et
1411 1915 1750 1997 praeteritis
1793 1913 2191 1996 temporibus
2240 1935 2307 1977 se

809 2012 874 2073 in
909 2012 1178 2075 diversis
1205 2012 1403 2075 fuisse
1436 2013 1830 2095 corporibus,
1852 2014 2306 2076 Verumtamen

808 2110 971 2171 dixit
1027 2128 1253 2173 sonum
1305 2110 1487 2173 illum
1537 2130 1574 2173 a
1622 2111 1808 2173 nobis
1857 2129 1982 2173 non
2035 2113 2303 2194 percipi,

808 2209 958 2290 quia
989 2216 1296 2271 connatus
1328 2217 1426 2272 cst
1455 2207 1662 2281 nobiS,
1695 2209 1787 2270 sic
1819 2210 1988 2291 quod
2017 2209 2097 2272 ab
2129 2228 2306 2273 exor-

809 2306 916 2369 dio
959 2306 1324 2369 audivimus
1369 2326 1540 2369 eum.
1580 2307 1895 2389 AmpliuS,
1930 2307 2122 2389 hujus
2171 2308 2305 2391 opi-

804 2405 1016 2467 nionis
1060 2406 1316 2467 videtur
1361 2405 1559 2467 fuisse
1603 2413 1666 2468 et
1701 2406 1967 2481 Tullius,
2010 2415 2189 2469 sexto
2228 2408 2305 2470 de

801 2503 1155 2585 Republica
1222 2504 1544 2566 somnium
1616 2504 1890 2566 recitans
1962 2505 2301 2587 ScipioniS,

801 2620 929 2684 quo
974 2602 1208 2683 legitur
1249 2620 1262 2664 :
1305 2601 1622 2684 Implebat
1665 2621 1850 2665 aures
1894 2602 2034 2683 ejus
2081 2612 2304 2666 cantus

801 2700 1172 2763 dulcisonus
1205 2701 1315 2783 qui
1349 2700 1532 2783 pulsu
1567 2709 1630 2763 et
1662 2708 1829 2763 motu
1864 2701 2150 2763 efficitur
2181 2720 2304 2766 coe-

803 2800 1060 2862 lestium
1123 2799 1398 2863 orbium.
1452 2800 1626 2873 Quod
1687 2818 2012 2881 exponens
2069 2802 2303 2864 Macro-

803 2897 974 2971 biuS‚
1001 2897 1231 2979 allegat
1261 2897 1580 2961 Platonem
1620 2899 1680 2959 in
1717 2898 1883 2959 libro
1914 2916 2030 2961 suo
2070 2899 2148 2961 de
2190 2899 2301 2961 Re-

2422 1914 2624 1995 major
2667 1922 2763 1975 est
2806 1921 2936 1977 tota
2978 1922 3165 1987 terra,
3200 1915 3354 1997 quid
3397 1915 3476 1977 de
3519 1916 3915 1997 sphaerarum

2421 2012 2859 2093 magnitudine
2894 2013 3130 2075 sentire
3160 2016 3453 2095 oportet?
3482 2014 3611 2075 Nec
3640 2012 3915 2075 dubium

2418 2112 2573 2193 quin
2634 2111 2801 2173 sicut
2858 2130 3061 2173 unum
3118 2112 3508 2174 elementum
3560 2111 3767 2193 majus
3814 2120 3917 2175 est

2418 2210 2565 2284 alio,
2629 2218 2783 2292 puta
2839 2210 3137 2292 superius
3197 2210 3521 2284 inferiore,
3583 2212 3675 2273 sic
3736 2210 3914 2273 orbis

2417 2307 2589 2371 orbe.
2625 2309 2848 2371 Verius
2877 2316 3090 2371 autem
3134 2309 3382 2390 opi-nor,
3417 2309 3584 2390 quod
3632 2308 3913 2372 invicem

2418 2425 2485 2469 se
2530 2407 2905 2487 contingunt
2943 2425 2956 2469 ε
2990 2407 3227 2470 etenim
3272 2406 3557 2469 medium
3588 2407 3771 2481 illud,
3802 2415 3917 2469 aut

2417 2506 2823 2568 elementaris
2866 2514 2975 2567 aut
3018 2506 3295 2569 coelestis
3338 2514 3507 2568 esset
3548 2514 3806 2569 naturae.

2792 2714 3311 2780 PROPOSITIO
3358 2714 3535 2777 LIX.

2495 2901 2818 2967 Certum
2849 2902 2971 2967 est
2998 2900 3350 2981 sphaeras
3387 2900 3757 2967 coelestes
3794 2916 3916 2966 es-

804 2994 1064 3077 publica
1115 3003 1572 3077 protestantem
1610 3015 1623 3058 :
1673 2996 2040 3060 Coelestium
2093 3005 2301 3059 motus
2339 2998 2383 3063 C
2413 3013 2498 3064 se
2538 3001 3040 3080 perspicuas;
3083 3014 3238 3065 non
3276 3000 3545 3064 autem
3585 2997 3702 3065 sic
3744 3014 3915 3066 cer-

803 3094 1195 3176 sphaerarum
1263 3094 1550 3157 numeris
1617 3095 1880 3156 musicis
1940 3094 2295 3157 exhibetur.

801 3194 1100 3275 Theologi
1151 3212 1406 3276 quoque
1456 3194 1818 3275 gentilium,
1871 3202 2026 3275 puta
2074 3200 2297 3275 poetae,

801 3292 1101 3354 dixerunt
1133 3311 1363 3355 novem
1396 3312 1536 3355 esse
1578 3312 1790 3355 musas
1833 3292 2144 3365 coelesteS,
2180 3293 2299 3355 hoc

800 3399 898 3453 est
954 3399 1096 3455 octo
1161 3393 1554 3474 sphaerarum
1620 3392 2026 3454 harmonicos
2087 3410 2297 3466 sonOS,

802 3509 1126 3572 unamque
1157 3491 1632 3553 consonantiam
1669 3490 2012 3552 maximam
2055 3509 2132 3552 ex
2174 3490 2301 3552 illis

802 3588 1104 3651 omnibus
1164 3589 1598 3653 resultantem.
1662 3589 1753 3651 Ad
1816 3589 1982 3670 quod
2041 3589 2299 3670 allegari

804 3687 1008 3770 possit
1051 3688 1217 3769 quod
1256 3687 1373 3751 Job
1413 3688 1738 3751 tricesimo
1781 3695 2005 3750 octavo
2049 3706 2301 3770 expres-

507 3796 590 3840 101,
601 3811 774 3851 xxxxxxxx
806 3805 949 3848 sum
996 3795 1095 3848 est
1139 3804 1153 3847 ε
1200 3786 1351 3859 Quis
1394 3785 1716 3848 enarrabit
1760 3785 2064 3848 coelorum
2117 3786 2301 3849 ratio-

495 3864 562 3903 37.

805 3904 976 3959 nem,
1029 3893 1138 3947 aut
1194 3892 1574 3947 concentum
1634 3885 1776 3948 coeli
1829 3884 2106 3947 dormire
2155 3886 2299 3967 quis

802 3984 1038 4047 saciet?
1069 3985 1302 4047 Verum
1342 3985 1462 4047 hoc
1501 3992 1563 4047 ct
1604 3984 1894 4067 quaedam
1938 3984 2068 4064 jam
2111 3991 2297 4058 tacta,

803 4085 880 4147 de
925 4082 1340 4147 intellectuali
1389 4083 1800 4146 consonantia
1851 4082 2300 4164 spiritualique

2412 3099 2585 3163 tum
2630 3099 2751 3163 est
2784 3112 2885 3163 an
2926 3097 3216 3163 coelum
3258 3095 3586 3163 visibile
3628 3098 3758 3163 sit.

2493 3195 2668 3268 Quod
2716 3203 2833 3268 est,
2882 3195 3183 3276 quoniam
3235 3194 3527 3257 videmus
3577 3195 3789 3259 stellas
3842 3196 3909 3257 in

2411 3292 2823 3355 firmamento
2866 3293 3049 3366 fixas,
3094 3312 3207 3375 per
3247 3302 3491 3375 septem
3541 3292 3729 3357 orbes
3777 3295 3908 3376 pla-

2411 3399 2703 3454 netarum
2767 3409 2781 3453 ε
2844 3409 2990 3472 ergo
3049 3391 3311 3473 sphaerae
3370 3392 3495 3455 illae
3554 3392 3908 3475 perspicuae

2412 3497 2561 3552 sunt
2602 3509 2715 3553 seu
2758 3497 3249 3571 transparenteS.

2492 3587 2778 3669 Denique
2836 3587 3093 3669 quidam
3148 3586 3249 3665 (ut
3306 3586 3685 3650 Guillelmus
3744 3588 3909 3653 libro

2412 3685 2490 3747 de
2530 3686 2863 3767 Universo)
2904 3684 3353 3766 imaginantur,
3389 3686 3557 3767 quod
3597 3693 3907 3768 quantum

2412 3803 2521 3846 aer
2562 3784 2812 3846 excedit
2854 3803 3082 3865 aquam
3132 3784 3196 3845 in
3249 3784 3503 3846 raritate
3552 3792 3614 3846 et
3659 3784 3909 3847 subtili·

2412 3891 2558 3956 tate,
2591 3902 2803 3945 aerem
2835 3900 3089 3965 quoque
3120 3883 3283 3964 ignis
3312 3882 3740 3958 elementaris,
3774 3892 3907 3947 tan-

2411 3991 2549 4045 tum
2581 3984 2771 4045 etiam
2804 3981 2976 4045 orbis
3009 3982 3173 4045 lunae
3215 3983 3425 4063 ignem
3456 4000 3471 4061 3
3506 3984 3727 4066 sicque
3766 4002 3911 4047 con·

2413 4088 2753 4163 sequenter
2819 4079 2991 4143 orbis
3060 4080 3334 4144 coelestis
3395 4089 3631 4163 quanto
3697 4082 3905 4157 altior,

803 4181 1077 4245 melodia
1135 4182 1496 4263 exponitur,
1559 4182 1636 4244 de
1706 4201 1830 4264 qua
1890 4181 2299 4244 Cassiodorus
2330 4180 2381 4243 D
2410 4188 2584 4243 tanto
2615 4180 2695 4242 sit
2726 4180 2924 4242 rarior
2944 4198 2957 4241 :
2977 4198 3105 4261 quo
3136 4198 3435 4243 concesso
3467 4181 3904 4255 concludetur,

801 4281 960 4343 dicit
1003 4298 1016 4341 ε
1050 4280 1391 4343 Harmonia
1432 4280 1575 4343 coeli
1615 4281 1897 4342 humano
1935 4280 2157 4361 nequit
2198 4298 2301 4341 ex-

802 4378 1027 4461 plicari
1061 4395 1586 4458 sermone,quam
1617 4377 1831 4439 animo
1864 4384 2110 4438 tantum
2141 4377 2302 4439 ratio

801 4477 998 4551 dedit,
1059 4475 1321 4538 auribus
1383 4482 1606 4537 natura
1663 4493 1786 4536 non
1863 4476 2161 4557 prodidit.
2227 4476 2303 4536 Et

800 4576 982 4657 juxta
1012 4576 1183 4637 hunc
1214 4592 1498 4645 sensum,
1536 4580 1744 4635 motus
1777 4573 2134 4636 coelestium
2170 4592 2302 4635 cor-

804 4693 1036 4758 porum
1079 4673 1354 4736 invicem
1397 4670 2010 4733 commensurabiles
2053 4677 2118 4732 et
2160 4690 2301 4753 pro-

805 4772 1190 4858 portionales
1235 4770 1610 4833 consistunt.

886 4873 1188 4935 Praeterca
1227 4868 1334 4931 alii
1377 4868 1636 4950 quidam
1676 4868 1920 4941 dicunt,
1955 4867 2141 4931 orbes
2184 4886 2304 4932 coe-

807 4972 996 5034 lestes
1041 4970 1120 5032 ab
1170 4968 1449 5030 invicem
1497 4967 1772 5029 multum
1823 4967 2076 5030 distare.
2127 4968 2304 5031 Unde

809 5070 875 5131 in
921 5068 1166 5148 Scripto
1205 5065 1472 5129 secundi
1516 5065 1915 5147 deprompsit
1953 5065 2252 5128 Albertus
2286 5083 2300 5128 t

807 5167 909 5229 Nil
955 5166 1032 5227 de
1074 5165 1194 5226 hoc
1237 5163 1452 5226 verius
1500 5163 1920 5246 respondetur
1965 5164 2091 5226 nisi
2134 5166 2303 5246 quod

810 5263 1275 5345 responderunt
1304 5261 1692 5344 philosophi,
1724 5262 1893 5344 quod
1931 5262 2197 5343 sphaerae
2226 5262 2305 5325 ab

2410 4280 2581 4361 quod
2640 4278 2874 4341 coelum
2932 4278 3230 4340 exteriori
3288 4278 3433 4340 visu
3501 4298 3903 4362 nequaquam

2410 4385 2614 4441 exstet
2655 4375 2931 4439 visibile.

2490 4477 2723 4539 Verum
2786 4476 2885 4537 his
2943 4476 3139 4556 objici
3205 4482 3429 4557 potest,
3482 4476 3633 4558 quia
3692 4484 3763 4539 ut
3818 4478 3907 4540 ait

2410 4575 2720 4638 Averroes
2780 4583 2845 4637 et
2900 4574 2957 4637 S.
3005 4574 3275 4636 Thomas
3334 4574 3707 4655 frequenter
3761 4576 3909 4638 alle-

2411 4682 2535 4753 gat,
2574 4672 2975 4755 impossibile
3018 4679 3116 4735 est
3161 4692 3275 4753 per
3318 4680 3609 4735 naturam
3650 4674 3907 4755 aliquod

2414 4790 2646 4853 corpus
2705 4790 2845 4834 esse
2904 4772 3047 4851 igne
3107 4770 3478 4833 elementari
3535 4772 3738 4833 rarius
3795 4792 3906 4835 seu

2414 4870 2734 4933 subtilius
2784 4864 3426 4951 Evidenter'quoque
3475 4870 3641 4932 visui
3694 4878 3912 4934 nostro

2414 4968 2726 5050 corporali
2783 4965 3089 5047 objicitur
3146 4975 3210 5030 et
3265 4974 3531 5049 apparet
3586 4967 3909 5048 objectum

2414 5066 2731 5149 quoddam
2792 5082 3168 5147 corporeum
3228 5065 3635 5147 sphaericum,
3696 5067 3910 5129 termi-

2414 5184 2573 5227 nans
2604 5164 2834 5227 visum.
2871 5164 2990 5225 Sed
3034 5172 3097 5226 et
3134 5163 3446 5245 galaxiam
3487 5163 3803 5227 videmus.
3832 5166 3911 5228 Et

2416 5264 2743 5347 Scriptura
2780 5279 3127 5325 consonare
3166 5262 3419 5325 videtur
3459 5279 3472 5323 ε
3506 5262 3747 5327 Videbo
3782 5264 3906 5345 (in-
3936 5290 4023 5335 p..
4056 5296 4204 5344 vum.
