<?xml version="1.0" encoding="UTF-8"?>
<!DOCTYPE html PUBLIC "-//W3C//DTD XHTML 1.0 Transitional//EN"
    "http://www.w3.org/TR/xhtml1/DTD/xhtml1-transitional.dtd">
<html xmlns="http://www.w3.org/1999/xhtml" xml:lang="en" lang="en">
 <head>
  <title>
</title>
<meta http-equiv="Content-Type" content="text/html;charset=utf-8" />
  <meta name='ocr-system' content='tesseract 3.04.00' />
  <meta name='ocr-capabilities' content='ocr_page ocr_carea ocr_par ocr_line ocrx_word'/>
</head>
<body>
  <div class='ocr_page' id='page_1' title='image "./doctorisecstati05unkngoog_0461.png"; bbox 0 0 4300 6259; ppageno 0'>
   <div class='ocr_carea' id='block_1_1' title="bbox 70 1406 375 1513">
    <p class='ocr_par' dir='ltr' id='par_1_1' title="bbox 70 1406 375 1513">
     <span class='ocr_line' id='line_1_1' title="bbox 100 1406 375 1459; baseline 0 -10"><span class='ocrx_word' id='word_1_1' title='bbox 100 1406 115 1449; x_wconf 83' lang='lat'>1</span> <span class='ocrx_word' id='word_1_2' title='bbox 140 1406 265 1451; x_wconf 77' lang='lat' dir='ltr'><strong>Cor.</strong></span> <span class='ocrx_word' id='word_1_3' title='bbox 290 1420 375 1459; x_wconf 75' lang='lat' dir='ltr'><strong>xv,</strong></span> 
     </span>
     <span class='ocr_line' id='line_1_2' title="bbox 70 1472 141 1513; baseline -0.028 -1"><span class='ocrx_word' id='word_1_4' title='bbox 70 1472 141 1513; x_wconf 66' lang='lat' dir='ltr'><strong>U.</strong></span> 
     </span>
    </p>
   </div>
   <div class='ocr_carea' id='block_1_2' title="bbox 68 1668 141 1707">
    <p class='ocr_par' dir='ltr' id='par_1_2' title="bbox 68 1668 141 1707">
     <span class='ocr_line' id='line_1_3' title="bbox 68 1668 141 1707; baseline 0 0"><span class='ocrx_word' id='word_1_5' title='bbox 68 1668 141 1707; x_wconf 78' lang='lat'><strong>¹3.</strong></span> 
     </span>
    </p>
   </div>
   <div class='ocr_carea' id='block_1_3' title="bbox 1001 525 2888 587">
    <p class='ocr_par' dir='ltr' id='par_1_3' title="bbox 1001 525 2888 587">
     <span class='ocr_line' id='line_1_4' title="bbox 1001 525 2888 587; baseline 0.002 -7"><span class='ocrx_word' id='word_1_6' title='bbox 1001 534 1083 580; x_wconf 76' lang='lat' dir='ltr'><strong>DE</strong></span> <span class='ocrx_word' id='word_1_7' title='bbox 1122 532 1351 579; x_wconf 66' lang='lat' dir='ltr'><strong>Lunum</strong></span> <span class='ocrx_word' id='word_1_8' title='bbox 1390 525 1773 579; x_wconf 67' lang='lat' dir='ltr'><strong>cantsTuNAE</strong></span> <span class='ocrx_word' id='word_1_9' title='bbox 1812 528 2113 587; x_wconf 63' lang='lat' dir='ltr'><strong>mmmm,</strong></span> <span class='ocrx_word' id='word_1_10' title='bbox 2158 530 2334 577; x_wconf 68' lang='lat' dir='ltr'><strong>Lmen</strong></span> <span class='ocrx_word' id='word_1_11' title='bbox 2376 532 2438 581; x_wconf 85' lang='lat'><strong>11.</strong></span> <span class='ocrx_word' id='word_1_12' title='bbox 2485 550 2564 564; x_wconf 83' lang='lat'><strong>-·</strong></span> <span class='ocrx_word' id='word_1_13' title='bbox 2605 533 2742 579; x_wconf 71' lang='lat' dir='ltr'><strong>Aur.</strong></span> <span class='ocrx_word' id='word_1_14' title='bbox 2789 533 2888 583; x_wconf 72' lang='lat' dir='ltr'><strong>xtt</strong></span> 
     </span>
    </p>
   </div>
   <div class='ocr_carea' id='block_1_4' title="bbox 402 698 1987 784">
    <p class='ocr_par' dir='ltr' id='par_1_4' title="bbox 402 698 1987 784">
     <span class='ocr_line' id='line_1_5' title="bbox 402 698 1987 784; baseline -0.002 -19"><span class='ocrx_word' id='word_1_15' title='bbox 402 708 571 765; x_wconf 85' lang='lat' dir='ltr'><strong>atam</strong></span> <span class='ocrx_word' id='word_1_16' title='bbox 606 704 903 779; x_wconf 89' lang='lat' dir='ltr'><strong>asseruit,</strong></span> <span class='ocrx_word' id='word_1_17' title='bbox 934 702 1097 766; x_wconf 88' lang='lat' dir='ltr'>dixit</span> <span class='ocrx_word' id='word_1_18' title='bbox 1125 720 1359 784; x_wconf 89' lang='lat' dir='ltr'><strong>corpus</strong></span> <span class='ocrx_word' id='word_1_19' title='bbox 1388 700 1619 766; x_wconf 82' lang='lat' dir='ltr'>Christi</span> <span class='ocrx_word' id='word_1_20' title='bbox 1660 717 1787 763; x_wconf 92' lang='lat' dir='ltr'><strong>non</strong></span> <span class='ocrx_word' id='word_1_21' title='bbox 1828 718 1905 763; x_wconf 86' lang='lat' dir='ltr'><strong>ex</strong></span> <span class='ocrx_word' id='word_1_22' title='bbox 1934 698 1987 761; x_wconf 83' lang='lat' dir='ltr'>A</span> 
     </span>
    </p>
   </div>
   <div class='ocr_carea' id='block_1_5' title="bbox 402 798 1911 1374">
    <p class='ocr_par' dir='ltr' id='par_1_5' title="bbox 402 798 1911 1374">
     <span class='ocr_line' id='line_1_6' title="bbox 402 798 1903 885; baseline -0.001 -23"><span class='ocrx_word' id='word_1_23' title='bbox 402 801 669 882; x_wconf 80' lang='lat' dir='ltr'>Virgine</span> <span class='ocrx_word' id='word_1_24' title='bbox 718 809 1069 885; x_wconf 89' lang='lat' dir='ltr'><strong>sumptum,</strong></span> <span class='ocrx_word' id='word_1_25' title='bbox 1114 801 1226 865; x_wconf 89' lang='lat' dir='ltr'><strong>sed</strong></span> <span class='ocrx_word' id='word_1_26' title='bbox 1270 800 1349 863; x_wconf 90' lang='lat' dir='ltr'><strong>de</strong></span> <span class='ocrx_word' id='word_1_27' title='bbox 1392 800 1556 864; x_wconf 88' lang='lat' dir='ltr'><strong>coelo</strong></span> <span class='ocrx_word' id='word_1_28' title='bbox 1596 798 1903 871; x_wconf 87' lang='lat' dir='ltr'><strong>delatum,</strong></span> 
     </span>
     <span class='ocr_line' id='line_1_7' title="bbox 404 897 1911 983; baseline -0.001 -22"><span class='ocrx_word' id='word_1_29' title='bbox 404 917 521 981; x_wconf 91' lang='lat' dir='ltr'><strong>per</strong></span> <span class='ocrx_word' id='word_1_30' title='bbox 568 900 1026 983; x_wconf 79' lang='lat' dir='ltr'><strong>virginemque</strong></span> <span class='ocrx_word' id='word_1_31' title='bbox 1080 906 1385 981; x_wconf 88' lang='lat' dir='ltr'><strong>tanquam</strong></span> <span class='ocrx_word' id='word_1_32' title='bbox 1446 917 1561 981; x_wconf 85' lang='lat' dir='ltr'><strong>per</strong></span> <span class='ocrx_word' id='word_1_33' title='bbox 1616 897 1911 979; x_wconf 85' lang='lat' dir='ltr'><strong>aquaedu-</strong></span> 
     </span>
     <span class='ocr_line' id='line_1_8' title="bbox 404 995 1907 1062; baseline -0.001 -3"><span class='ocrx_word' id='word_1_34' title='bbox 404 1004 583 1060; x_wconf 89' lang='lat' dir='ltr'><strong>ctum</strong></span> <span class='ocrx_word' id='word_1_35' title='bbox 618 1000 939 1062; x_wconf 76' lang='lat' dir='ltr'><strong>transisse.</strong></span> <span class='ocrx_word' id='word_1_36' title='bbox 974 999 1177 1062; x_wconf 81' lang='lat' dir='ltr'><strong>Motus</strong></span> <span class='ocrx_word' id='word_1_37' title='bbox 1206 1006 1305 1061; x_wconf 89' lang='lat' dir='ltr'><strong>est</strong></span> <span class='ocrx_word' id='word_1_38' title='bbox 1330 1005 1545 1060; x_wconf 89' lang='lat' dir='ltr'><strong>autem</strong></span> <span class='ocrx_word' id='word_1_39' title='bbox 1576 1016 1653 1059; x_wconf 90' lang='lat' dir='ltr'><strong>ex</strong></span> <span class='ocrx_word' id='word_1_40' title='bbox 1692 995 1907 1059; x_wconf 77' lang='lat' dir='ltr'><strong>verbis</strong></span> 
     </span>
     <span class='ocr_line' id='line_1_9' title="bbox 402 1094 1909 1179; baseline -0.001 -22"><span class='ocrx_word' id='word_1_41' title='bbox 402 1095 795 1177; x_wconf 90' lang='lat' dir='ltr'><strong>quibusdam</strong></span> <span class='ocrx_word' id='word_1_42' title='bbox 836 1097 1145 1169; x_wconf 83' lang='lat' dir='ltr'><strong>veritatis,</strong></span> <span class='ocrx_word' id='word_1_43' title='bbox 1192 1115 1334 1179; x_wconf 81' lang='lat' dir='ltr'><strong>quae</strong></span> <span class='ocrx_word' id='word_1_44' title='bbox 1378 1096 1517 1177; x_wconf 90' lang='lat' dir='ltr'><strong>ipse</strong></span> <span class='ocrx_word' id='word_1_45' title='bbox 1561 1094 1720 1157; x_wconf 73' lang='lat' dir='ltr'><strong>false</strong></span> <span class='ocrx_word' id='word_1_46' title='bbox 1762 1111 1909 1157; x_wconf 88' lang='lat' dir='ltr'><strong>con-</strong></span> 
     </span>
     <span class='ocr_line' id='line_1_10' title="bbox 402 1193 1908 1277; baseline 0.001 -23"><span class='ocrx_word' id='word_1_47' title='bbox 402 1193 579 1275; x_wconf 83' lang='lat' dir='ltr'><strong>cepit</strong></span> <span class='ocrx_word' id='word_1_48' title='bbox 612 1212 627 1256; x_wconf 87' lang='lat'><strong>:</strong></span> <span class='ocrx_word' id='word_1_49' title='bbox 660 1195 831 1257; x_wconf 89' lang='lat' dir='ltr'><strong>unde</strong></span> <span class='ocrx_word' id='word_1_50' title='bbox 860 1202 925 1257; x_wconf 91' lang='lat' dir='ltr'><strong>et</strong></span> <span class='ocrx_word' id='word_1_51' title='bbox 954 1194 1303 1277; x_wconf 88' lang='lat' dir='ltr'><strong>impietatis</strong></span> <span class='ocrx_word' id='word_1_52' title='bbox 1340 1193 1647 1266; x_wconf 86' lang='lat' dir='ltr'><strong>fructum,</strong></span> <span class='ocrx_word' id='word_1_53' title='bbox 1684 1199 1908 1275; x_wconf 85' lang='lat' dir='ltr'><strong>utputa</strong></span> 
     </span>
     <span class='ocr_line' id='line_1_11' title="bbox 403 1289 1911 1374; baseline 0 -23"><span class='ocrx_word' id='word_1_54' title='bbox 403 1289 775 1364; x_wconf 85' lang='lat' dir='ltr'><strong>falsitatem,</strong></span> <span class='ocrx_word' id='word_1_55' title='bbox 790 1312 869 1355; x_wconf 89' lang='lat' dir='ltr'><strong>ex</strong></span> <span class='ocrx_word' id='word_1_56' title='bbox 902 1291 1027 1355; x_wconf 88' lang='lat' dir='ltr'><strong>illis</strong></span> <span class='ocrx_word' id='word_1_57' title='bbox 1060 1290 1417 1374; x_wconf 88' lang='lat' dir='ltr'><strong>parturivit.</strong></span> <span class='ocrx_word' id='word_1_58' title='bbox 1437 1289 1781 1373; x_wconf 86' lang='lat' dir='ltr'><strong>Apostolus</strong></span> <span class='ocrx_word' id='word_1_59' title='bbox 1800 1289 1911 1370; x_wconf 82' lang='lat' dir='ltr'><strong>igi·</strong></span> 
     </span>
    </p>
   </div>
   <div class='ocr_carea' id='block_1_6' title="bbox 3389 514 3506 580">
    <p class='ocr_par' dir='ltr' id='par_1_6' title="bbox 3389 514 3506 580">
     <span class='ocr_line' id='line_1_12' title="bbox 3389 514 3506 580; baseline -0.009 0"><span class='ocrx_word' id='word_1_60' title='bbox 3389 514 3506 580; x_wconf 74' lang='lat'><strong>437</strong></span> 
     </span>
    </p>
   </div>
   <div class='ocr_carea' id='block_1_7' title="bbox 2405 762 3114 830">
    <p class='ocr_par' dir='ltr' id='par_1_7' title="bbox 2405 762 3114 830">
     <span class='ocr_line' id='line_1_13' title="bbox 2405 762 3114 830; baseline 0.003 -4"><span class='ocrx_word' id='word_1_61' title='bbox 2405 762 2893 830; x_wconf 86' lang='lat' dir='ltr'><strong>ARTICULUS</strong></span> <span class='ocrx_word' id='word_1_62' title='bbox 2937 764 3114 829; x_wconf 91' lang='lat' dir='ltr'>XLI.</span> 
     </span>
    </p>
   </div>
   <div class='ocr_carea' id='block_1_8' title="bbox 2055 900 3476 1054">
    <p class='ocr_par' dir='ltr' id='par_1_8' title="bbox 2055 900 3476 1054">
     <span class='ocr_line' id='line_1_14' title="bbox 2055 900 3476 977; baseline 0.001 -16"><span class='ocrx_word' id='word_1_63' title='bbox 2055 900 2143 961; x_wconf 79' lang='lat' dir='ltr'><strong>Et</strong></span> <span class='ocrx_word' id='word_1_64' title='bbox 2181 908 2274 958; x_wconf 80' lang='lat' dir='ltr'><strong>est</strong></span> <span class='ocrx_word' id='word_1_65' title='bbox 2311 901 2701 977; x_wconf 78' lang='lat' dir='ltr'><strong>improbatio</strong></span> <span class='ocrx_word' id='word_1_66' title='bbox 2737 906 3254 965; x_wconf 68' lang='lat' dir='ltr'><strong>Manichaeorum</strong></span> <span class='ocrx_word' id='word_1_67' title='bbox 3297 904 3476 963; x_wconf 81' lang='lat' dir='ltr'><strong>circa</strong></span> 
     </span>
     <span class='ocr_line' id='line_1_15' title="bbox 2495 993 3043 1054; baseline 0.007 -4"><span class='ocrx_word' id='word_1_68' title='bbox 2495 993 3043 1054; x_wconf 78' lang='lat' dir='ltr'><strong>incarnationem.</strong></span> 
     </span>
    </p>
   </div>
   <div class='ocr_carea' id='block_1_9' title="bbox 2178 1194 3520 1381">
    <p class='ocr_par' dir='ltr' id='par_1_9' title="bbox 2178 1194 3520 1381">
     <span class='ocr_line' id='line_1_16' title="bbox 2178 1194 3520 1282; baseline 0.006 -26"><span class='ocrx_word' id='word_1_69' title='bbox 2178 1194 2483 1257; x_wconf 86' lang='lat' dir='ltr'><strong>IRABlLE</strong></span> <span class='ocrx_word' id='word_1_70' title='bbox 2541 1203 2640 1259; x_wconf 91' lang='lat' dir='ltr'><strong>est</strong></span> <span class='ocrx_word' id='word_1_71' title='bbox 2695 1205 2908 1261; x_wconf 89' lang='lat' dir='ltr'><strong>autem</strong></span> <span class='ocrx_word' id='word_1_72' title='bbox 2963 1200 3042 1263; x_wconf 91' lang='lat' dir='ltr'><strong>de</strong></span> <span class='ocrx_word' id='word_1_73' title='bbox 3102 1201 3520 1282; x_wconf 84' lang='lat' dir='ltr'><strong>perversitate</strong></span> 
     </span>
     <span class='ocr_line' id='line_1_17' title="bbox 2202 1293 3520 1381; baseline 0.005 -26"><span class='ocrx_word' id='word_1_74' title='bbox 2202 1293 2672 1369; x_wconf 84' lang='lat' dir='ltr'><strong>haereticorum,</strong></span> <span class='ocrx_word' id='word_1_75' title='bbox 2709 1297 2876 1378; x_wconf 89' lang='lat' dir='ltr'><strong>quod</strong></span> <span class='ocrx_word' id='word_1_76' title='bbox 2910 1317 3108 1381; x_wconf 92' lang='lat' dir='ltr'><strong>quum</strong></span> <span class='ocrx_word' id='word_1_77' title='bbox 3150 1306 3324 1362; x_wconf 88' lang='lat' dir='ltr'><strong>tanta</strong></span> <span class='ocrx_word' id='word_1_78' title='bbox 3362 1308 3520 1363; x_wconf 88' lang='lat' dir='ltr'><strong>tam-</strong></span> 
     </span>
    </p>
   </div>
   <div class='ocr_carea' id='block_1_10' title="bbox 304 1586 1908 1668">
    <p class='ocr_par' dir='ltr' id='par_1_10' title="bbox 304 1586 1908 1668">
     <span class='ocr_line' id='line_1_18' title="bbox 304 1586 1908 1668; baseline 0.001 -23"><span class='ocrx_word' id='word_1_79' title='bbox 304 1616 321 1645; x_wconf 77' lang='lat'>1</span> <span class='ocrx_word' id='word_1_80' title='bbox 360 1634 373 1652; x_wconf 85' lang='grc'>,</span> <span class='ocrx_word' id='word_1_81' title='bbox 402 1586 575 1667; x_wconf 89' lang='lat' dir='ltr'><strong>apud</strong></span> <span class='ocrx_word' id='word_1_82' title='bbox 605 1586 915 1648; x_wconf 88' lang='lat' dir='ltr'><strong>Joannem</strong></span> <span class='ocrx_word' id='word_1_83' title='bbox 946 1586 1258 1668; x_wconf 89' lang='lat' dir='ltr'><strong>scriptum</strong></span> <span class='ocrx_word' id='word_1_84' title='bbox 1290 1592 1388 1649; x_wconf 89' lang='lat' dir='ltr'><strong>est</strong></span> <span class='ocrx_word' id='word_1_85' title='bbox 1418 1602 1431 1648; x_wconf 92' lang='lat'>:</span> <span class='ocrx_word' id='word_1_86' title='bbox 1464 1586 1663 1648; x_wconf 91' lang='lat' dir='ltr'><strong>Nemo</strong></span> <span class='ocrx_word' id='word_1_87' title='bbox 1691 1602 1908 1647; x_wconf 89' lang='lat' dir='ltr'><strong>ascen-</strong></span> 
     </span>
    </p>
   </div>
   <div class='ocr_carea' id='block_1_11' title="bbox 402 1388 3522 1970">
    <p class='ocr_par' dir='ltr' id='par_1_11' title="bbox 402 1388 3522 1970">
     <span class='ocr_line' id='line_1_19' title="bbox 402 1388 3516 1471; baseline 0.004 -22"><span class='ocrx_word' id='word_1_88' title='bbox 402 1394 512 1449; x_wconf 89' lang='lat' dir='ltr'><strong>tur</strong></span> <span class='ocrx_word' id='word_1_89' title='bbox 539 1388 633 1451; x_wconf 91' lang='lat' dir='ltr'><strong>ait</strong></span> <span class='ocrx_word' id='word_1_90' title='bbox 665 1406 680 1451; x_wconf 72' lang='grc' dir='ltr'>ε</span> <span class='ocrx_word' id='word_1_91' title='bbox 714 1390 965 1452; x_wconf 85' lang='lat' dir='ltr'><strong>Primus</strong></span> <span class='ocrx_word' id='word_1_92' title='bbox 1010 1389 1205 1452; x_wconf 91' lang='lat' dir='ltr'><strong>homo</strong></span> <span class='ocrx_word' id='word_1_93' title='bbox 1242 1388 1322 1452; x_wconf 91' lang='lat' dir='ltr'><strong>de</strong></span> <span class='ocrx_word' id='word_1_94' title='bbox 1360 1396 1529 1451; x_wconf 89' lang='lat' dir='ltr'><strong>terra</strong></span> <span class='ocrx_word' id='word_1_95' title='bbox 1569 1396 1906 1465; x_wconf 81' lang='lat' dir='ltr'><strong>terrenus3</strong></span> <span class='ocrx_word' id='word_1_96' title='bbox 2016 1408 2143 1471; x_wconf 88' lang='lat' dir='ltr'><strong>que</strong></span> <span class='ocrx_word' id='word_1_97' title='bbox 2225 1390 2564 1455; x_wconf 80' lang='lat' dir='ltr'><strong>manifeste</strong></span> <span class='ocrx_word' id='word_1_98' title='bbox 2639 1394 3170 1458; x_wconf 86' lang='lat' dir='ltr'><strong>adinventionum</strong></span> <span class='ocrx_word' id='word_1_99' title='bbox 3255 1416 3516 1460; x_wconf 90' lang='lat' dir='ltr'><strong>suarum</strong></span> 
     </span>
     <span class='ocr_line' id='line_1_20' title="bbox 402 1485 3522 1575; baseline 0.003 -28"><span class='ocrx_word' id='word_1_100' title='bbox 402 1488 731 1549; x_wconf 87' lang='lat' dir='ltr'><strong>secundus</strong></span> <span class='ocrx_word' id='word_1_101' title='bbox 760 1487 953 1551; x_wconf 91' lang='lat' dir='ltr'><strong>homo</strong></span> <span class='ocrx_word' id='word_1_102' title='bbox 982 1488 1061 1549; x_wconf 92' lang='lat' dir='ltr'><strong>de</strong></span> <span class='ocrx_word' id='word_1_103' title='bbox 1092 1486 1256 1551; x_wconf 88' lang='lat' dir='ltr'><strong>coelo</strong></span> <span class='ocrx_word' id='word_1_104' title='bbox 1286 1485 1581 1550; x_wconf 81' lang='lat' dir='ltr'><strong>coelestiS.</strong></span> <span class='ocrx_word' id='word_1_105' title='bbox 1621 1485 1909 1567; x_wconf 87' lang='lat' dir='ltr'><strong>Denique</strong></span> <span class='ocrx_word' id='word_1_106' title='bbox 2018 1487 2406 1551; x_wconf 90' lang='lat' dir='ltr'><strong>destructiva</strong></span> <span class='ocrx_word' id='word_1_107' title='bbox 2479 1508 2672 1555; x_wconf 80' lang='lat' dir='ltr'><strong>sacrae</strong></span> <span class='ocrx_word' id='word_1_108' title='bbox 2741 1492 3085 1575; x_wconf 82' lang='lat' dir='ltr'><strong>Scripturae</strong></span> <span class='ocrx_word' id='word_1_109' title='bbox 3153 1495 3522 1557; x_wconf 87' lang='lat' dir='ltr'><strong>testimonia</strong></span> 
     </span>
     <span class='ocr_line' id='line_1_21' title="bbox 2018 1586 3520 1669; baseline 0.006 -22"><span class='ocrx_word' id='word_1_110' title='bbox 2018 1586 2376 1667; x_wconf 88' lang='lat' dir='ltr'><strong>comperire</strong></span> <span class='ocrx_word' id='word_1_111' title='bbox 2415 1588 2761 1669; x_wconf 87' lang='lat' dir='ltr'><strong>potuerint,</strong></span> <span class='ocrx_word' id='word_1_112' title='bbox 2804 1608 2920 1652; x_wconf 89' lang='lat' dir='ltr'><strong>eur</strong></span> <span class='ocrx_word' id='word_1_113' title='bbox 2957 1589 3087 1653; x_wconf 89' lang='lat' dir='ltr'><strong>illis</strong></span> <span class='ocrx_word' id='word_1_114' title='bbox 3137 1592 3378 1655; x_wconf 88' lang='lat' dir='ltr'><strong>relictis</strong></span> <span class='ocrx_word' id='word_1_115' title='bbox 3417 1592 3520 1655; x_wconf 86' lang='lat' dir='ltr'><strong>vel</strong></span> 
     </span>
     <span class='ocr_line' id='line_1_22' title="bbox 403 1681 3517 1772; baseline 0.003 -28"><span class='ocrx_word' id='word_1_116' title='bbox 403 1683 497 1745; x_wconf 89' lang='lat' dir='ltr'><strong>dit</strong></span> <span class='ocrx_word' id='word_1_117' title='bbox 532 1684 597 1745; x_wconf 89' lang='lat' dir='ltr'><strong>in</strong></span> <span class='ocrx_word' id='word_1_118' title='bbox 632 1684 892 1757; x_wconf 88' lang='lat' dir='ltr'><strong>coelum,</strong></span> <span class='ocrx_word' id='word_1_119' title='bbox 926 1684 1051 1746; x_wconf 89' lang='lat' dir='ltr'><strong>nisi</strong></span> <span class='ocrx_word' id='word_1_120' title='bbox 1086 1684 1193 1766; x_wconf 90' lang='lat' dir='ltr'><strong>qui</strong></span> <span class='ocrx_word' id='word_1_121' title='bbox 1234 1683 1567 1747; x_wconf 89' lang='lat' dir='ltr'><strong>descendit</strong></span> <span class='ocrx_word' id='word_1_122' title='bbox 1604 1682 1683 1745; x_wconf 90' lang='lat' dir='ltr'><strong>de</strong></span> <span class='ocrx_word' id='word_1_123' title='bbox 1722 1681 1906 1755; x_wconf 82' lang='lat' dir='ltr'><strong>coelO,</strong></span> <span class='ocrx_word' id='word_1_124' title='bbox 2019 1702 2318 1765; x_wconf 87' lang='lat' dir='ltr'><strong>perverse</strong></span> <span class='ocrx_word' id='word_1_125' title='bbox 2387 1684 2750 1761; x_wconf 79' lang='lat' dir='ltr'><strong>intellectiS,</strong></span> <span class='ocrx_word' id='word_1_126' title='bbox 2811 1688 2889 1751; x_wconf 89' lang='lat' dir='ltr'><strong>ad</strong></span> <span class='ocrx_word' id='word_1_127' title='bbox 2959 1708 3162 1772; x_wconf 89' lang='lat' dir='ltr'><strong>pauca</strong></span> <span class='ocrx_word' id='word_1_128' title='bbox 3228 1691 3517 1772; x_wconf 83' lang='lat' dir='ltr'><strong>quaedam</strong></span> 
     </span>
     <span class='ocr_line' id='line_1_23' title="bbox 404 1780 3518 1869; baseline 0.003 -26"><span class='ocrx_word' id='word_1_129' title='bbox 404 1781 607 1843; x_wconf 83' lang='lat' dir='ltr'><strong>Filius</strong></span> <span class='ocrx_word' id='word_1_130' title='bbox 656 1781 960 1856; x_wconf 81' lang='lat' dir='ltr'><strong>hominiS‚</strong></span> <span class='ocrx_word' id='word_1_131' title='bbox 1008 1783 1120 1864; x_wconf 90' lang='lat' dir='ltr'><strong>qui</strong></span> <span class='ocrx_word' id='word_1_132' title='bbox 1168 1789 1265 1844; x_wconf 87' lang='lat' dir='ltr'><strong>est</strong></span> <span class='ocrx_word' id='word_1_133' title='bbox 1314 1780 1381 1843; x_wconf 90' lang='lat' dir='ltr'><strong>in</strong></span> <span class='ocrx_word' id='word_1_134' title='bbox 1430 1781 1609 1845; x_wconf 88' lang='lat' dir='ltr'><strong>coelo.</strong></span> <span class='ocrx_word' id='word_1_135' title='bbox 1659 1780 1801 1844; x_wconf 80' lang='lat' dir='ltr'><strong>Haec</strong></span> <span class='ocrx_word' id='word_1_136' title='bbox 1846 1786 1908 1843; x_wconf 87' lang='lat' dir='ltr'><strong>et</strong></span> <span class='ocrx_word' id='word_1_137' title='bbox 2018 1789 2252 1845; x_wconf 81' lang='lat' dir='ltr'><strong>sanctae</strong></span> <span class='ocrx_word' id='word_1_138' title='bbox 2281 1782 2624 1865; x_wconf 84' lang='lat' dir='ltr'><strong>Scripturae</strong></span> <span class='ocrx_word' id='word_1_139' title='bbox 2655 1786 2910 1869; x_wconf 90' lang='lat' dir='ltr'><strong>eloquia</strong></span> <span class='ocrx_word' id='word_1_140' title='bbox 2949 1806 3018 1850; x_wconf 91' lang='lat' dir='ltr'><strong>se</strong></span> <span class='ocrx_word' id='word_1_141' title='bbox 3055 1788 3518 1865; x_wconf 81' lang='lat' dir='ltr'><strong>transtulerint,</strong></span> 
     </span>
     <span class='ocr_line' id='line_1_24' title="bbox 404 1878 3520 1970; baseline 0.003 -29"><span class='ocrx_word' id='word_1_142' title='bbox 404 1879 765 1943; x_wconf 79' lang='lat' dir='ltr'><strong>conformia</strong></span> <span class='ocrx_word' id='word_1_143' title='bbox 798 1899 941 1962; x_wconf 82' lang='lat' dir='ltr'><strong>quae</strong></span> <span class='ocrx_word' id='word_1_144' title='bbox 980 1880 1213 1943; x_wconf 88' lang='lat' dir='ltr'><strong>Christi</strong></span> <span class='ocrx_word' id='word_1_145' title='bbox 1253 1880 1633 1943; x_wconf 84' lang='lat' dir='ltr'><strong>descensum</strong></span> <span class='ocrx_word' id='word_1_146' title='bbox 1664 1886 1729 1942; x_wconf 92' lang='lat' dir='ltr'><strong>et</strong></span> <span class='ocrx_word' id='word_1_147' title='bbox 1759 1878 1908 1941; x_wconf 89' lang='lat' dir='ltr'><strong>mis-</strong></span> <span class='ocrx_word' id='word_1_148' title='bbox 1944 1878 1991 1941; x_wconf 92' lang='lat' dir='ltr'>B</span> <span class='ocrx_word' id='word_1_149' title='bbox 2018 1899 2162 1963; x_wconf 82' lang='lat' dir='ltr'><strong>quae</strong></span> <span class='ocrx_word' id='word_1_150' title='bbox 2218 1881 2311 1943; x_wconf 87' lang='lat' dir='ltr'><strong>eis</strong></span> <span class='ocrx_word' id='word_1_151' title='bbox 2377 1881 2720 1964; x_wconf 80' lang='lat' dir='ltr'><strong>aliqualem</strong></span> <span class='ocrx_word' id='word_1_152' title='bbox 2781 1886 3218 1967; x_wconf 76' lang='lat' dir='ltr'><strong>apparentiam</strong></span> <span class='ocrx_word' id='word_1_153' title='bbox 3281 1886 3520 1970; x_wconf 84' lang='lat' dir='ltr'><strong>praebe-</strong></span> 
     </span>
    </p>
   </div>
   <div class='ocr_carea' id='block_1_12' title="bbox 395 1977 1910 3043">
    <p class='ocr_par' dir='ltr' id='par_1_12' title="bbox 395 1977 1910 3043">
     <span class='ocr_line' id='line_1_25' title="bbox 402 1977 1909 2061; baseline 0 -22"><span class='ocrx_word' id='word_1_154' title='bbox 402 1978 655 2042; x_wconf 90' lang='lat' dir='ltr'><strong>sionem</strong></span> <span class='ocrx_word' id='word_1_155' title='bbox 704 1997 741 2040; x_wconf 89' lang='lat' dir='ltr'><strong>a</strong></span> <span class='ocrx_word' id='word_1_156' title='bbox 789 1978 1087 2061; x_wconf 88' lang='lat' dir='ltr'><strong>supernis</strong></span> <span class='ocrx_word' id='word_1_157' title='bbox 1144 1984 1601 2047; x_wconf 84' lang='lat' dir='ltr'><strong>contestantur,</strong></span> <span class='ocrx_word' id='word_1_158' title='bbox 1650 1977 1729 2039; x_wconf 88' lang='lat' dir='ltr'><strong>ad</strong></span> <span class='ocrx_word' id='word_1_159' title='bbox 1778 1994 1909 2039; x_wconf 81' lang='lat' dir='ltr'><strong>suae</strong></span> 
     </span>
     <span class='ocr_line' id='line_1_26' title="bbox 402 2074 1904 2139; baseline -0.001 -2"><span class='ocrx_word' id='word_1_160' title='bbox 402 2075 701 2139; x_wconf 74' lang='lat' dir='ltr'><strong>falsitatis</strong></span> <span class='ocrx_word' id='word_1_161' title='bbox 752 2075 1205 2138; x_wconf 79' lang='lat' dir='ltr'><strong>fulcimentum</strong></span> <span class='ocrx_word' id='word_1_162' title='bbox 1248 2076 1442 2137; x_wconf 83' lang='lat' dir='ltr'><strong>traxit</strong></span> <span class='ocrx_word' id='word_1_163' title='bbox 1482 2074 1855 2137; x_wconf 84' lang='lat' dir='ltr'><strong>Valentinus</strong></span> <span class='ocrx_word' id='word_1_164' title='bbox 1889 2092 1904 2136; x_wconf 78' lang='lat' dir='ltr'><strong>t</strong></span> 
     </span>
     <span class='ocr_line' id='line_1_27' title="bbox 400 2172 1910 2255; baseline -0.002 -19"><span class='ocrx_word' id='word_1_165' title='bbox 400 2192 547 2255; x_wconf 81' lang='lat' dir='ltr'><strong>quae</strong></span> <span class='ocrx_word' id='word_1_166' title='bbox 604 2181 817 2237; x_wconf 86' lang='lat' dir='ltr'><strong>tamen</strong></span> <span class='ocrx_word' id='word_1_167' title='bbox 878 2174 1235 2237; x_wconf 89' lang='lat' dir='ltr'><strong>secundum</strong></span> <span class='ocrx_word' id='word_1_168' title='bbox 1278 2174 1613 2236; x_wconf 81' lang='lat' dir='ltr'><strong>veritatem</strong></span> <span class='ocrx_word' id='word_1_169' title='bbox 1660 2172 1910 2236; x_wconf 89' lang='lat' dir='ltr'><strong>Christo</strong></span> 
     </span>
     <span class='ocr_line' id='line_1_28' title="bbox 400 2270 1909 2353; baseline -0.001 -19"><span class='ocrx_word' id='word_1_170' title='bbox 400 2272 800 2335; x_wconf 86' lang='lat' dir='ltr'><strong>conveniunt</strong></span> <span class='ocrx_word' id='word_1_171' title='bbox 848 2271 1204 2335; x_wconf 90' lang='lat' dir='ltr'><strong>secundum</strong></span> <span class='ocrx_word' id='word_1_172' title='bbox 1264 2271 1547 2335; x_wconf 87' lang='lat' dir='ltr'><strong>divinam</strong></span> <span class='ocrx_word' id='word_1_173' title='bbox 1600 2270 1741 2353; x_wconf 86' lang='lat' dir='ltr'><strong>ejus</strong></span> <span class='ocrx_word' id='word_1_174' title='bbox 1804 2290 1909 2345; x_wconf 83' lang='lat' dir='ltr'><strong>na-</strong></span> 
     </span>
     <span class='ocr_line' id='line_1_29' title="bbox 400 2370 1824 2443; baseline -0.001 -11"><span class='ocrx_word' id='word_1_175' title='bbox 400 2377 635 2443; x_wconf 82' lang='lat' dir='ltr'><strong>turam,</strong></span> <span class='ocrx_word' id='word_1_176' title='bbox 668 2388 796 2434; x_wconf 88' lang='lat' dir='ltr'><strong>non</strong></span> <span class='ocrx_word' id='word_1_177' title='bbox 825 2377 1041 2434; x_wconf 88' lang='lat' dir='ltr'><strong>autem</strong></span> <span class='ocrx_word' id='word_1_178' title='bbox 1072 2370 1427 2433; x_wconf 86' lang='lat' dir='ltr'><strong>secundum</strong></span> <span class='ocrx_word' id='word_1_179' title='bbox 1460 2370 1824 2433; x_wconf 88' lang='lat' dir='ltr'><strong>humanam.</strong></span> 
     </span>
     <span class='ocr_line' id='line_1_30' title="bbox 484 2468 1907 2551; baseline -0.001 -21"><span class='ocrx_word' id='word_1_180' title='bbox 484 2468 597 2531; x_wconf 86' lang='lat' dir='ltr'><strong>Est</strong></span> <span class='ocrx_word' id='word_1_181' title='bbox 626 2469 927 2551; x_wconf 86' lang='lat' dir='ltr'><strong>equidem</strong></span> <span class='ocrx_word' id='word_1_182' title='bbox 968 2469 1105 2532; x_wconf 78' lang='lat' dir='ltr'><strong>haec</strong></span> <span class='ocrx_word' id='word_1_183' title='bbox 1144 2468 1365 2551; x_wconf 90' lang='lat' dir='ltr'><strong>opinio</strong></span> <span class='ocrx_word' id='word_1_184' title='bbox 1404 2469 1659 2551; x_wconf 89' lang='lat' dir='ltr'><strong>penitus</strong></span> <span class='ocrx_word' id='word_1_185' title='bbox 1690 2468 1907 2532; x_wconf 89' lang='lat' dir='ltr'><strong>incon·</strong></span> 
     </span>
     <span class='ocr_line' id='line_1_31' title="bbox 402 2566 1905 2649; baseline -0.001 -21"><span class='ocrx_word' id='word_1_186' title='bbox 402 2585 581 2648; x_wconf 79' lang='lat' dir='ltr'><strong>grua.</strong></span> <span class='ocrx_word' id='word_1_187' title='bbox 620 2567 903 2630; x_wconf 89' lang='lat' dir='ltr'><strong>Eaenim</strong></span> <span class='ocrx_word' id='word_1_188' title='bbox 940 2586 1083 2649; x_wconf 80' lang='lat' dir='ltr'><strong>quae</strong></span> <span class='ocrx_word' id='word_1_189' title='bbox 1121 2566 1413 2648; x_wconf 86' lang='lat' dir='ltr'><strong>ejusdem</strong></span> <span class='ocrx_word' id='word_1_190' title='bbox 1456 2566 1693 2648; x_wconf 91' lang='lat' dir='ltr'><strong>speciei</strong></span> <span class='ocrx_word' id='word_1_191' title='bbox 1734 2573 1905 2640; x_wconf 90' lang='lat' dir='ltr'><strong>sunt,</strong></span> 
     </span>
     <span class='ocr_line' id='line_1_32' title="bbox 398 2664 1907 2748; baseline -0.001 -19"><span class='ocrx_word' id='word_1_192' title='bbox 398 2686 479 2729; x_wconf 88' lang='lat' dir='ltr'><strong>ex</strong></span> <span class='ocrx_word' id='word_1_193' title='bbox 527 2666 867 2748; x_wconf 87' lang='lat' dir='ltr'><strong>principiis</strong></span> <span class='ocrx_word' id='word_1_194' title='bbox 914 2666 1207 2747; x_wconf 88' lang='lat' dir='ltr'><strong>ejusdem</strong></span> <span class='ocrx_word' id='word_1_195' title='bbox 1250 2673 1493 2729; x_wconf 82' lang='lat' dir='ltr'><strong>naturae</strong></span> <span class='ocrx_word' id='word_1_196' title='bbox 1539 2671 1604 2727; x_wconf 90' lang='lat' dir='ltr'><strong>et</strong></span> <span class='ocrx_word' id='word_1_197' title='bbox 1643 2664 1907 2727; x_wconf 90' lang='lat' dir='ltr'><strong>rationis</strong></span> 
     </span>
     <span class='ocr_line' id='line_1_33' title="bbox 398 2763 1909 2846; baseline -0.003 -19"><span class='ocrx_word' id='word_1_198' title='bbox 398 2783 667 2827; x_wconf 88' lang='lat' dir='ltr'><strong>necesse</strong></span> <span class='ocrx_word' id='word_1_199' title='bbox 696 2772 795 2827; x_wconf 91' lang='lat' dir='ltr'><strong>est</strong></span> <span class='ocrx_word' id='word_1_200' title='bbox 824 2763 1126 2827; x_wconf 88' lang='lat' dir='ltr'><strong>constitui</strong></span> <span class='ocrx_word' id='word_1_201' title='bbox 1162 2780 1177 2826; x_wconf 72' lang='grc' dir='ltr'><strong><em>ε</em></strong></span> <span class='ocrx_word' id='word_1_202' title='bbox 1212 2764 1459 2846; x_wconf 87' lang='lat' dir='ltr'><strong>species</strong></span> <span class='ocrx_word' id='word_1_203' title='bbox 1488 2763 1727 2825; x_wconf 87' lang='lat' dir='ltr'><strong>etenim</strong></span> <span class='ocrx_word' id='word_1_204' title='bbox 1760 2781 1909 2824; x_wconf 89' lang='lat' dir='ltr'><strong>una-</strong></span> 
     </span>
     <span class='ocr_line' id='line_1_34' title="bbox 395 2860 1905 2945; baseline -0.002 -19"><span class='ocrx_word' id='word_1_205' title='bbox 395 2882 675 2945; x_wconf 81' lang='lat' dir='ltr'><strong>quaeque</strong></span> <span class='ocrx_word' id='word_1_206' title='bbox 717 2862 911 2926; x_wconf 92' lang='lat' dir='ltr'><strong>habet</strong></span> <span class='ocrx_word' id='word_1_207' title='bbox 946 2862 1367 2925; x_wconf 89' lang='lat' dir='ltr'><strong>determinata</strong></span> <span class='ocrx_word' id='word_1_208' title='bbox 1404 2861 1768 2924; x_wconf 86' lang='lat' dir='ltr'><strong>essentialia</strong></span> <span class='ocrx_word' id='word_1_209' title='bbox 1806 2860 1905 2923; x_wconf 90' lang='lat' dir='ltr'><strong>sui</strong></span> 
     </span>
     <span class='ocr_line' id='line_1_35' title="bbox 396 2956 1907 3043; baseline -0.001 -22"><span class='ocrx_word' id='word_1_210' title='bbox 396 2960 739 3043; x_wconf 88' lang='lat' dir='ltr'><strong>principia.</strong></span> <span class='ocrx_word' id='word_1_211' title='bbox 792 2960 913 3023; x_wconf 91' lang='lat' dir='ltr'><strong>Sed</strong></span> <span class='ocrx_word' id='word_1_212' title='bbox 976 2960 1239 3023; x_wconf 88' lang='lat' dir='ltr'><strong>materia</strong></span> <span class='ocrx_word' id='word_1_213' title='bbox 1287 2966 1645 3021; x_wconf 86' lang='lat' dir='ltr'><strong>ceterorum</strong></span> <span class='ocrx_word' id='word_1_214' title='bbox 1706 2956 1907 3020; x_wconf 91' lang='lat' dir='ltr'><strong>homi-</strong></span> 
     </span>
    </p>
   </div>
   <div class='ocr_carea' id='block_1_13' title="bbox 2016 1976 3523 3043">
    <p class='ocr_par' dir='ltr' id='par_1_13' title="bbox 2016 1976 3523 3043">
     <span class='ocr_line' id='line_1_36' title="bbox 2018 1976 3520 2061; baseline 0.007 -23"><span class='ocrx_word' id='word_1_215' title='bbox 2018 1976 2192 2052; x_wconf 89' lang='lat' dir='ltr'><strong>hant,</strong></span> <span class='ocrx_word' id='word_1_216' title='bbox 2243 1979 2538 2061; x_wconf 86' lang='lat' dir='ltr'><strong>quamvis</strong></span> <span class='ocrx_word' id='word_1_217' title='bbox 2586 1981 2830 2045; x_wconf 90' lang='lat' dir='ltr'><strong>nullam</strong></span> <span class='ocrx_word' id='word_1_218' title='bbox 2881 1982 3103 2046; x_wconf 89' lang='lat' dir='ltr'><strong>darent</strong></span> <span class='ocrx_word' id='word_1_219' title='bbox 3161 1984 3520 2048; x_wconf 79' lang='lat' dir='ltr'><strong>efficaciam</strong></span> 
     </span>
     <span class='ocr_line' id='line_1_37' title="bbox 2016 2076 3520 2163; baseline 0.004 -26"><span class='ocrx_word' id='word_1_220' title='bbox 2016 2076 2342 2158; x_wconf 87' lang='lat' dir='ltr'><strong>sapienter</strong></span> <span class='ocrx_word' id='word_1_221' title='bbox 2399 2077 2739 2141; x_wconf 88' lang='lat' dir='ltr'><strong>intellecta.</strong></span> <span class='ocrx_word' id='word_1_222' title='bbox 2795 2080 2899 2143; x_wconf 88' lang='lat' dir='ltr'><strong>Sic</strong></span> <span class='ocrx_word' id='word_1_223' title='bbox 2948 2081 3144 2163; x_wconf 81' lang='lat' dir='ltr'><strong>igitur</strong></span> <span class='ocrx_word' id='word_1_224' title='bbox 3191 2080 3520 2145; x_wconf 63' lang='lat' dir='ltr'><strong>Manichaei</strong></span> 
     </span>
     <span class='ocr_line' id='line_1_38' title="bbox 2016 2173 3519 2261; baseline 0.005 -26"><span class='ocrx_word' id='word_1_225' title='bbox 2016 2173 2410 2237; x_wconf 87' lang='lat' dir='ltr'><strong>foetidissimi</strong></span> <span class='ocrx_word' id='word_1_226' title='bbox 2452 2176 2658 2257; x_wconf 81' lang='lat' dir='ltr'><strong>legem</strong></span> <span class='ocrx_word' id='word_1_227' title='bbox 2704 2186 2769 2241; x_wconf 88' lang='lat' dir='ltr'><strong>et</strong></span> <span class='ocrx_word' id='word_1_228' title='bbox 2811 2177 3154 2261; x_wconf 87' lang='lat' dir='ltr'><strong>Prophetas</strong></span> <span class='ocrx_word' id='word_1_229' title='bbox 3194 2188 3519 2261; x_wconf 75' lang='lat' dir='ltr'><strong>neganteS,</strong></span> 
     </span>
     <span class='ocr_line' id='line_1_39' title="bbox 2019 2278 3522 2359; baseline 0.005 -25"><span class='ocrx_word' id='word_1_230' title='bbox 2019 2280 2346 2355; x_wconf 87' lang='lat' dir='ltr'><strong>totamque</strong></span> <span class='ocrx_word' id='word_1_231' title='bbox 2405 2282 2698 2337; x_wconf 84' lang='lat' dir='ltr'><strong>naturam</strong></span> <span class='ocrx_word' id='word_1_232' title='bbox 2759 2293 3132 2359; x_wconf 89' lang='lat' dir='ltr'><strong>corpoream</strong></span> <span class='ocrx_word' id='word_1_233' title='bbox 3181 2298 3218 2341; x_wconf 89' lang='lat' dir='ltr'><strong>a</strong></span> <span class='ocrx_word' id='word_1_234' title='bbox 3267 2278 3522 2341; x_wconf 89' lang='lat' dir='ltr'><strong>diaholo</strong></span> 
     </span>
     <span class='ocr_line' id='line_1_40' title="bbox 2018 2375 3522 2456; baseline 0.004 -25"><span class='ocrx_word' id='word_1_235' title='bbox 2018 2378 2294 2433; x_wconf 90' lang='lat' dir='ltr'><strong>creatam</strong></span> <span class='ocrx_word' id='word_1_236' title='bbox 2339 2380 2719 2447; x_wconf 80' lang='lat' dir='ltr'><strong>asserenteS‚</strong></span> <span class='ocrx_word' id='word_1_237' title='bbox 2767 2381 2898 2436; x_wconf 89' lang='lat' dir='ltr'><strong>tota</strong></span> <span class='ocrx_word' id='word_1_238' title='bbox 2946 2375 3330 2456; x_wconf 77' lang='lat' dir='ltr'><strong>evangelicae</strong></span> <span class='ocrx_word' id='word_1_239' title='bbox 3379 2395 3522 2438; x_wconf 90' lang='lat' dir='ltr'><strong>nar-</strong></span> 
     </span>
     <span class='ocr_line' id='line_1_41' title="bbox 2017 2468 3523 2555; baseline 0.005 -26"><span class='ocrx_word' id='word_1_240' title='bbox 2017 2468 2283 2531; x_wconf 84' lang='lat' dir='ltr'><strong>rationis</strong></span> <span class='ocrx_word' id='word_1_241' title='bbox 2323 2470 2488 2533; x_wconf 88' lang='lat' dir='ltr'><strong>serie</strong></span> <span class='ocrx_word' id='word_1_242' title='bbox 2531 2470 2774 2545; x_wconf 88' lang='lat' dir='ltr'><strong>relicta,</strong></span> <span class='ocrx_word' id='word_1_243' title='bbox 2807 2491 2949 2553; x_wconf 80' lang='lat' dir='ltr'><strong>quae</strong></span> <span class='ocrx_word' id='word_1_244' title='bbox 2989 2482 3208 2555; x_wconf 88' lang='lat' dir='ltr'><strong>aperte</strong></span> <span class='ocrx_word' id='word_1_245' title='bbox 3248 2481 3312 2537; x_wconf 90' lang='lat' dir='ltr'><strong>et</strong></span> <span class='ocrx_word' id='word_1_246' title='bbox 3359 2475 3523 2537; x_wconf 91' lang='lat' dir='ltr'><strong>mul-</strong></span> 
     </span>
     <span class='ocr_line' id='line_1_42' title="bbox 2016 2565 3522 2652; baseline 0.004 -24"><span class='ocrx_word' id='word_1_247' title='bbox 2016 2565 2326 2649; x_wconf 89' lang='lat' dir='ltr'><strong>tipliciter</strong></span> <span class='ocrx_word' id='word_1_248' title='bbox 2370 2567 2620 2631; x_wconf 90' lang='lat' dir='ltr'><strong>Christo</strong></span> <span class='ocrx_word' id='word_1_249' title='bbox 2662 2568 2956 2633; x_wconf 87' lang='lat' dir='ltr'><strong>attribuit</strong></span> <span class='ocrx_word' id='word_1_250' title='bbox 3002 2590 3145 2652; x_wconf 86' lang='lat' dir='ltr'><strong>quae</strong></span> <span class='ocrx_word' id='word_1_251' title='bbox 3193 2589 3359 2635; x_wconf 82' lang='lat' dir='ltr'><strong>verae</strong></span> <span class='ocrx_word' id='word_1_252' title='bbox 3407 2572 3522 2634; x_wconf 92' lang='lat' dir='ltr'><strong>hu-</strong></span> 
     </span>
     <span class='ocr_line' id='line_1_43' title="bbox 2018 2664 3517 2748; baseline 0.004 -23"><span class='ocrx_word' id='word_1_253' title='bbox 2018 2664 2342 2726; x_wconf 85' lang='lat' dir='ltr'><strong>manitatis</strong></span> <span class='ocrx_word' id='word_1_254' title='bbox 2398 2664 2824 2748; x_wconf 82' lang='lat' dir='ltr'><strong>humanaeque</strong></span> <span class='ocrx_word' id='word_1_255' title='bbox 2886 2666 3282 2730; x_wconf 78' lang='lat' dir='ltr'><strong>infirmitatis</strong></span> <span class='ocrx_word' id='word_1_256' title='bbox 3343 2678 3517 2743; x_wconf 90' lang='lat' dir='ltr'><strong>sunt,</strong></span> 
     </span>
     <span class='ocr_line' id='line_1_44' title="bbox 2017 2761 3522 2846; baseline 0.003 -22"><span class='ocrx_word' id='word_1_257' title='bbox 2017 2761 2318 2824; x_wconf 86' lang='lat' dir='ltr'><strong>videlicet</strong></span> <span class='ocrx_word' id='word_1_258' title='bbox 2375 2762 2544 2843; x_wconf 90' lang='lat' dir='ltr'><strong>quod</strong></span> <span class='ocrx_word' id='word_1_259' title='bbox 2605 2762 2688 2826; x_wconf 90' lang='lat' dir='ltr'><strong>sit</strong></span> <span class='ocrx_word' id='word_1_260' title='bbox 2745 2783 2824 2827; x_wconf 91' lang='lat' dir='ltr'><strong>ex</strong></span> <span class='ocrx_word' id='word_1_261' title='bbox 2881 2764 3140 2846; x_wconf 81' lang='lat' dir='ltr'><strong>Virgine</strong></span> <span class='ocrx_word' id='word_1_262' title='bbox 3195 2774 3405 2841; x_wconf 81' lang='lat' dir='ltr'><strong>natuS,</strong></span> <span class='ocrx_word' id='word_1_263' title='bbox 3457 2774 3522 2831; x_wconf 91' lang='lat' dir='ltr'><strong>et</strong></span> 
     </span>
     <span class='ocr_line' id='line_1_45' title="bbox 2016 2860 3522 2946; baseline 0.005 -26"><span class='ocrx_word' id='word_1_264' title='bbox 2016 2860 2186 2941; x_wconf 88' lang='lat' dir='ltr'><strong>quod</strong></span> <span class='ocrx_word' id='word_1_265' title='bbox 2247 2860 2470 2931; x_wconf 88' lang='lat' dir='ltr'><strong>crevit,</strong></span> <span class='ocrx_word' id='word_1_266' title='bbox 2523 2861 2822 2935; x_wconf 88' lang='lat' dir='ltr'><strong>comedit,</strong></span> <span class='ocrx_word' id='word_1_267' title='bbox 2875 2862 3249 2938; x_wconf 86' lang='lat' dir='ltr'><strong>ambulavit,</strong></span> <span class='ocrx_word' id='word_1_268' title='bbox 3301 2865 3522 2946; x_wconf 76' lang='lat' dir='ltr'><strong>fatiga·</strong></span> 
     </span>
     <span class='ocr_line' id='line_1_46' title="bbox 2016 2958 3519 3043; baseline 0.005 -24"><span class='ocrx_word' id='word_1_269' title='bbox 2016 2964 2119 3019; x_wconf 92' lang='lat' dir='ltr'><strong>tus</strong></span> <span class='ocrx_word' id='word_1_270' title='bbox 2163 2965 2282 3031; x_wconf 90' lang='lat' dir='ltr'><strong>est,</strong></span> <span class='ocrx_word' id='word_1_271' title='bbox 2315 2958 2563 3033; x_wconf 89' lang='lat' dir='ltr'><strong>esuriit,</strong></span> <span class='ocrx_word' id='word_1_272' title='bbox 2595 2978 2664 3023; x_wconf 88' lang='lat' dir='ltr'><strong>se</strong></span> <span class='ocrx_word' id='word_1_273' title='bbox 2708 2979 3046 3042; x_wconf 89' lang='lat' dir='ltr'><strong>passurum</strong></span> <span class='ocrx_word' id='word_1_274' title='bbox 3093 2963 3411 3043; x_wconf 68' lang='lat' dir='ltr'><strong>praedixit,</strong></span> <span class='ocrx_word' id='word_1_275' title='bbox 3442 2964 3519 3026; x_wconf 91' lang='lat' dir='ltr'><strong>ti-</strong></span> 
     </span>
    </p>
   </div>
   <div class='ocr_carea' id='block_1_14' title="bbox 394 3055 3522 3143">
    <p class='ocr_par' dir='ltr' id='par_1_14' title="bbox 394 3055 3522 3143">
     <span class='ocr_line' id='line_1_47' title="bbox 394 3055 3522 3143; baseline 0.001 -22"><span class='ocrx_word' id='word_1_276' title='bbox 394 3078 582 3133; x_wconf 92' lang='lat' dir='ltr'><strong>num,</strong></span> <span class='ocrx_word' id='word_1_277' title='bbox 626 3066 691 3122; x_wconf 88' lang='lat' dir='ltr'><strong>et</strong></span> <span class='ocrx_word' id='word_1_278' title='bbox 732 3078 873 3141; x_wconf 85' lang='lat' dir='ltr'><strong>quae</strong></span> <span class='ocrx_word' id='word_1_279' title='bbox 920 3059 997 3123; x_wconf 91' lang='lat' dir='ltr'><strong>de</strong></span> <span class='ocrx_word' id='word_1_280' title='bbox 1048 3059 1291 3121; x_wconf 88' lang='lat' dir='ltr'><strong>ratione</strong></span> <span class='ocrx_word' id='word_1_281' title='bbox 1331 3057 1613 3120; x_wconf 89' lang='lat' dir='ltr'><strong>hominis</strong></span> <span class='ocrx_word' id='word_1_282' title='bbox 1657 3064 1775 3131; x_wconf 89' lang='lat' dir='ltr'><strong>est,</strong></span> <span class='ocrx_word' id='word_1_283' title='bbox 1817 3056 1905 3118; x_wconf 83' lang='lat' dir='ltr'><strong>vi·</strong></span> <span class='ocrx_word' id='word_1_284' title='bbox 1942 3055 1987 3121; x_wconf 91' lang='lat' dir='ltr'><strong>C</strong></span> <span class='ocrx_word' id='word_1_285' title='bbox 2018 3056 2203 3129; x_wconf 90' lang='lat' dir='ltr'><strong>muit,</strong></span> <span class='ocrx_word' id='word_1_286' title='bbox 2236 3056 2406 3138; x_wconf 89' lang='lat' dir='ltr'><strong>quod</strong></span> <span class='ocrx_word' id='word_1_287' title='bbox 2451 3074 2600 3120; x_wconf 86' lang='lat' dir='ltr'><strong>vere</strong></span> <span class='ocrx_word' id='word_1_288' title='bbox 2632 3077 2858 3140; x_wconf 91' lang='lat' dir='ltr'><strong>passus</strong></span> <span class='ocrx_word' id='word_1_289' title='bbox 2889 3067 2986 3121; x_wconf 91' lang='lat' dir='ltr'><strong>est</strong></span> <span class='ocrx_word' id='word_1_290' title='bbox 3019 3076 3033 3121; x_wconf 75' lang='grc' dir='ltr'><em>τ</em></span> <span class='ocrx_word' id='word_1_291' title='bbox 3067 3059 3167 3124; x_wconf 91' lang='lat' dir='ltr'><strong>his</strong></span> <span class='ocrx_word' id='word_1_292' title='bbox 3195 3060 3522 3143; x_wconf 90' lang='lat' dir='ltr'><strong>(inquam)</strong></span> 
     </span>
    </p>
   </div>
   <div class='ocr_carea' id='block_1_15' title="bbox 384 3155 1902 3924">
    <p class='ocr_par' dir='ltr' id='par_1_15' title="bbox 384 3155 1902 3924">
     <span class='ocr_line' id='line_1_48' title="bbox 392 3155 1902 3229; baseline -0.001 -10"><span class='ocrx_word' id='word_1_293' title='bbox 392 3157 637 3220; x_wconf 88' lang='lat' dir='ltr'><strong>delicet</strong></span> <span class='ocrx_word' id='word_1_294' title='bbox 684 3174 753 3220; x_wconf 92' lang='lat' dir='ltr'><strong>os</strong></span> <span class='ocrx_word' id='word_1_295' title='bbox 802 3165 866 3219; x_wconf 89' lang='lat' dir='ltr'><strong>et</strong></span> <span class='ocrx_word' id='word_1_296' title='bbox 912 3174 1081 3229; x_wconf 88' lang='lat' dir='ltr'><strong>caro,</strong></span> <span class='ocrx_word' id='word_1_297' title='bbox 1133 3163 1231 3219; x_wconf 88' lang='lat' dir='ltr'><strong>est</strong></span> <span class='ocrx_word' id='word_1_298' title='bbox 1280 3156 1476 3218; x_wconf 88' lang='lat' dir='ltr'><strong>mixta</strong></span> <span class='ocrx_word' id='word_1_299' title='bbox 1524 3163 1587 3217; x_wconf 91' lang='lat' dir='ltr'><strong>et</strong></span> <span class='ocrx_word' id='word_1_300' title='bbox 1642 3174 1719 3219; x_wconf 83' lang='lat' dir='ltr'><strong>ex</strong></span> <span class='ocrx_word' id='word_1_301' title='bbox 1777 3155 1902 3217; x_wconf 91' lang='lat' dir='ltr'><strong>ele·</strong></span> 
     </span>
     <span class='ocr_line' id='line_1_49' title="bbox 396 3252 1902 3337; baseline -0.001 -20"><span class='ocrx_word' id='word_1_302' title='bbox 396 3256 637 3319; x_wconf 89' lang='lat' dir='ltr'><strong>mentis</strong></span> <span class='ocrx_word' id='word_1_303' title='bbox 680 3263 1019 3333; x_wconf 83' lang='lat' dir='ltr'><strong>constans3</strong></span> <span class='ocrx_word' id='word_1_304' title='bbox 1050 3273 1285 3337; x_wconf 89' lang='lat' dir='ltr'><strong>corpus</strong></span> <span class='ocrx_word' id='word_1_305' title='bbox 1329 3271 1481 3317; x_wconf 85' lang='lat' dir='ltr'><strong>vero</strong></span> <span class='ocrx_word' id='word_1_306' title='bbox 1522 3253 1781 3317; x_wconf 90' lang='lat' dir='ltr'><strong>coeleste</strong></span> <span class='ocrx_word' id='word_1_307' title='bbox 1821 3252 1902 3316; x_wconf 89' lang='lat' dir='ltr'><strong>ab</strong></span> 
     </span>
     <span class='ocr_line' id='line_1_50' title="bbox 392 3352 1900 3435; baseline -0.002 -19"><span class='ocrx_word' id='word_1_308' title='bbox 392 3354 521 3416; x_wconf 87' lang='lat' dir='ltr'><strong>hac</strong></span> <span class='ocrx_word' id='word_1_309' title='bbox 555 3354 816 3417; x_wconf 89' lang='lat' dir='ltr'><strong>materia</strong></span> <span class='ocrx_word' id='word_1_310' title='bbox 846 3354 1061 3435; x_wconf 90' lang='lat' dir='ltr'><strong>specie</strong></span> <span class='ocrx_word' id='word_1_311' title='bbox 1090 3352 1467 3415; x_wconf 87' lang='lat' dir='ltr'><strong>distinctum</strong></span> <span class='ocrx_word' id='word_1_312' title='bbox 1498 3359 1615 3423; x_wconf 89' lang='lat' dir='ltr'><strong>est,</strong></span> <span class='ocrx_word' id='word_1_313' title='bbox 1640 3352 1806 3413; x_wconf 91' lang='lat' dir='ltr'><strong>sicut</strong></span> <span class='ocrx_word' id='word_1_314' title='bbox 1836 3352 1900 3413; x_wconf 91' lang='lat' dir='ltr'><strong>in</strong></span> 
     </span>
     <span class='ocr_line' id='line_1_51' title="bbox 392 3450 1900 3537; baseline -0.002 -23"><span class='ocrx_word' id='word_1_315' title='bbox 392 3452 571 3517; x_wconf 70' lang='lat' dir='ltr'><strong>libro</strong></span> <span class='ocrx_word' id='word_1_316' title='bbox 612 3452 751 3537; x_wconf 75' lang='grc' dir='ltr'>Περὶ</span> <span class='ocrx_word' id='word_1_317' title='bbox 782 3454 1057 3533; x_wconf 80' lang='grc' dir='ltr'><strong>γενέσεως</strong></span> <span class='ocrx_word' id='word_1_318' title='bbox 1089 3450 1461 3514; x_wconf 71' lang='lat' dir='ltr'><strong>Aristoteles</strong></span> <span class='ocrx_word' id='word_1_319' title='bbox 1506 3450 1900 3513; x_wconf 76' lang='lat' dir='ltr'><strong>demonstra-</strong></span> 
     </span>
     <span class='ocr_line' id='line_1_52' title="bbox 388 3548 1902 3630; baseline -0.003 -17"><span class='ocrx_word' id='word_1_320' title='bbox 388 3550 735 3630; x_wconf 74' lang='lat' dir='ltr'><strong>vittcujus</strong></span> <span class='ocrx_word' id='word_1_321' title='bbox 764 3549 1195 3613; x_wconf 89' lang='lat' dir='ltr'><strong>distinctionis</strong></span> <span class='ocrx_word' id='word_1_322' title='bbox 1225 3549 1489 3612; x_wconf 88' lang='lat' dir='ltr'><strong>evidens</strong></span> <span class='ocrx_word' id='word_1_323' title='bbox 1520 3548 1775 3629; x_wconf 76' lang='lat' dir='ltr'><strong>signum</strong></span> <span class='ocrx_word' id='word_1_324' title='bbox 1806 3556 1902 3610; x_wconf 88' lang='lat' dir='ltr'><strong>est</strong></span> 
     </span>
     <span class='ocr_line' id='line_1_53' title="bbox 392 3647 1901 3712; baseline -0.001 -1"><span class='ocrx_word' id='word_1_325' title='bbox 392 3656 693 3711; x_wconf 88' lang='lat' dir='ltr'><strong>motuum</strong></span> <span class='ocrx_word' id='word_1_326' title='bbox 733 3649 1086 3712; x_wconf 87' lang='lat' dir='ltr'><strong>diversitas.</strong></span> <span class='ocrx_word' id='word_1_327' title='bbox 1124 3647 1411 3712; x_wconf 90' lang='lat' dir='ltr'><strong>Christus</strong></span> <span class='ocrx_word' id='word_1_328' title='bbox 1454 3655 1665 3710; x_wconf 89' lang='lat' dir='ltr'><strong>autem</strong></span> <span class='ocrx_word' id='word_1_329' title='bbox 1711 3666 1901 3709; x_wconf 87' lang='lat' dir='ltr'><strong>verus</strong></span> 
     </span>
     <span class='ocr_line' id='line_1_54' title="bbox 384 3746 1897 3827; baseline -0.003 -18"><span class='ocrx_word' id='word_1_330' title='bbox 384 3748 596 3810; x_wconf 82' lang='lat' dir='ltr'><strong>homo</strong></span> <span class='ocrx_word' id='word_1_331' title='bbox 639 3755 791 3810; x_wconf 90' lang='lat' dir='ltr'><strong>erat.</strong></span> <span class='ocrx_word' id='word_1_332' title='bbox 840 3746 1075 3810; x_wconf 85' lang='lat' dir='ltr'><strong>Habuit</strong></span> <span class='ocrx_word' id='word_1_333' title='bbox 1122 3763 1274 3827; x_wconf 80' lang='lat' dir='ltr'><strong>ergo</strong></span> <span class='ocrx_word' id='word_1_334' title='bbox 1322 3763 1577 3807; x_wconf 87' lang='lat' dir='ltr'><strong>carnem</strong></span> <span class='ocrx_word' id='word_1_335' title='bbox 1623 3752 1687 3807; x_wconf 87' lang='lat' dir='ltr'><strong>et</strong></span> <span class='ocrx_word' id='word_1_336' title='bbox 1734 3760 1897 3817; x_wconf 90' lang='lat' dir='ltr'><strong>ossa,</strong></span> 
     </span>
     <span class='ocr_line' id='line_1_55' title="bbox 390 3842 1897 3924; baseline -0.003 -16"><span class='ocrx_word' id='word_1_337' title='bbox 390 3852 468 3908; x_wconf 84' lang='lat' dir='ltr'><strong>et</strong></span> <span class='ocrx_word' id='word_1_338' title='bbox 516 3862 643 3907; x_wconf 88' lang='lat' dir='ltr'><strong>non</strong></span> <span class='ocrx_word' id='word_1_339' title='bbox 692 3846 899 3909; x_wconf 90' lang='lat' dir='ltr'><strong>solum</strong></span> <span class='ocrx_word' id='word_1_340' title='bbox 950 3843 1209 3907; x_wconf 86' lang='lat' dir='ltr'><strong>coeleste</strong></span> <span class='ocrx_word' id='word_1_341' title='bbox 1266 3861 1518 3924; x_wconf 90' lang='lat' dir='ltr'><strong>corpus.</strong></span> <span class='ocrx_word' id='word_1_342' title='bbox 1570 3842 1897 3915; x_wconf 82' lang='lat' dir='ltr'><strong>Praeterea,</strong></span> 
     </span>
    </p>
   </div>
   <div class='ocr_carea' id='block_1_16' title="bbox 2010 3154 3518 3923">
    <p class='ocr_par' dir='ltr' id='par_1_16' title="bbox 2010 3154 3518 3923">
     <span class='ocr_line' id='line_1_56' title="bbox 2014 3154 3516 3242; baseline 0.005 -27"><span class='ocrx_word' id='word_1_343' title='bbox 2014 3154 2280 3228; x_wconf 87' lang='lat' dir='ltr'><strong>relictis,</strong></span> <span class='ocrx_word' id='word_1_344' title='bbox 2311 3154 2475 3217; x_wconf 81' lang='lat' dir='ltr'><strong>dixit</strong></span> <span class='ocrx_word' id='word_1_345' title='bbox 2503 3155 2884 3221; x_wconf 81' lang='lat' dir='ltr'><strong>Manichaeus</strong></span> <span class='ocrx_word' id='word_1_346' title='bbox 2916 3164 2981 3220; x_wconf 90' lang='lat' dir='ltr'><strong>et</strong></span> <span class='ocrx_word' id='word_1_347' title='bbox 3007 3158 3088 3220; x_wconf 90' lang='lat' dir='ltr'><strong>ab</strong></span> <span class='ocrx_word' id='word_1_348' title='bbox 3127 3176 3202 3223; x_wconf 89' lang='lat' dir='ltr'><strong>eo</strong></span> <span class='ocrx_word' id='word_1_349' title='bbox 3240 3159 3516 3242; x_wconf 88' lang='lat' dir='ltr'><strong>decepti,</strong></span> 
     </span>
     <span class='ocr_line' id='line_1_57' title="bbox 2014 3252 3518 3339; baseline 0.003 -23"><span class='ocrx_word' id='word_1_350' title='bbox 2014 3252 2338 3316; x_wconf 89' lang='lat' dir='ltr'><strong>Christum</strong></span> <span class='ocrx_word' id='word_1_351' title='bbox 2409 3271 2535 3317; x_wconf 92' lang='lat' dir='ltr'><strong>non</strong></span> <span class='ocrx_word' id='word_1_352' title='bbox 2596 3273 2812 3318; x_wconf 86' lang='lat' dir='ltr'><strong>veram</strong></span> <span class='ocrx_word' id='word_1_353' title='bbox 2872 3256 2982 3318; x_wconf 90' lang='lat' dir='ltr'><strong>sed</strong></span> <span class='ocrx_word' id='word_1_354' title='bbox 3051 3257 3518 3339; x_wconf 89' lang='lat' dir='ltr'><strong>phantasticam</strong></span> 
     </span>
     <span class='ocr_line' id='line_1_58' title="bbox 2014 3351 3516 3433; baseline 0.003 -21"><span class='ocrx_word' id='word_1_355' title='bbox 2014 3358 2262 3413; x_wconf 88' lang='lat' dir='ltr'><strong>tantum</strong></span> <span class='ocrx_word' id='word_1_356' title='bbox 2300 3351 2726 3433; x_wconf 88' lang='lat' dir='ltr'><strong>assumpsisse</strong></span> <span class='ocrx_word' id='word_1_357' title='bbox 2769 3370 3044 3416; x_wconf 89' lang='lat' dir='ltr'><strong>carnem.</strong></span> <span class='ocrx_word' id='word_1_358' title='bbox 3081 3353 3238 3428; x_wconf 89' lang='lat' dir='ltr'><strong>Quia</strong></span> <span class='ocrx_word' id='word_1_359' title='bbox 3277 3356 3516 3418; x_wconf 86' lang='lat' dir='ltr'><strong>etenim</strong></span> 
     </span>
     <span class='ocr_line' id='line_1_59' title="bbox 2012 3448 3517 3534; baseline 0.003 -24"><span class='ocrx_word' id='word_1_360' title='bbox 2012 3448 2302 3511; x_wconf 90' lang='lat' dir='ltr'><strong>Christus</strong></span> <span class='ocrx_word' id='word_1_361' title='bbox 2359 3450 2540 3512; x_wconf 82' lang='lat' dir='ltr'><strong>venit</strong></span> <span class='ocrx_word' id='word_1_362' title='bbox 2598 3457 2670 3511; x_wconf 90' lang='lat' dir='ltr'><strong>ut</strong></span> <span class='ocrx_word' id='word_1_363' title='bbox 2715 3450 3096 3515; x_wconf 81' lang='lat' dir='ltr'><strong>dissolveret</strong></span> <span class='ocrx_word' id='word_1_364' title='bbox 3141 3470 3338 3534; x_wconf 89' lang='lat' dir='ltr'><strong>opera</strong></span> <span class='ocrx_word' id='word_1_365' title='bbox 3384 3452 3517 3514; x_wconf 88' lang='lat' dir='ltr'><strong>dia—</strong></span> 
     </span>
     <span class='ocr_line' id='line_1_60' title="bbox 2012 3544 3514 3619; baseline 0.004 -12"><span class='ocrx_word' id='word_1_366' title='bbox 2012 3544 2168 3619; x_wconf 91' lang='lat' dir='ltr'><strong>boli,</strong></span> <span class='ocrx_word' id='word_1_367' title='bbox 2203 3564 2330 3609; x_wconf 91' lang='lat' dir='ltr'><strong>non</strong></span> <span class='ocrx_word' id='word_1_368' title='bbox 2363 3547 2580 3610; x_wconf 90' lang='lat' dir='ltr'><strong>decuit</strong></span> <span class='ocrx_word' id='word_1_369' title='bbox 2608 3567 2758 3610; x_wconf 91' lang='lat' dir='ltr'><strong>eum</strong></span> <span class='ocrx_word' id='word_1_370' title='bbox 2798 3568 3126 3613; x_wconf 87' lang='lat' dir='ltr'><strong>assumere</strong></span> <span class='ocrx_word' id='word_1_371' title='bbox 3158 3559 3514 3613; x_wconf 87' lang='lat' dir='ltr'><strong>creaturam</strong></span> 
     </span>
     <span class='ocr_line' id='line_1_61' title="bbox 2011 3642 3518 3728; baseline 0.002 -23"><span class='ocrx_word' id='word_1_372' title='bbox 2011 3642 2211 3716; x_wconf 90' lang='lat' dir='ltr'><strong>illius,</strong></span> <span class='ocrx_word' id='word_1_373' title='bbox 2246 3662 2506 3706; x_wconf 87' lang='lat' dir='ltr'><strong>carnem</strong></span> <span class='ocrx_word' id='word_1_374' title='bbox 2537 3645 2807 3719; x_wconf 87' lang='lat' dir='ltr'><strong>scilicet,</strong></span> <span class='ocrx_word' id='word_1_375' title='bbox 2842 3665 2984 3728; x_wconf 82' lang='lat' dir='ltr'><strong>quae</strong></span> <span class='ocrx_word' id='word_1_376' title='bbox 3015 3648 3368 3710; x_wconf 85' lang='lat' dir='ltr'><strong>secundum</strong></span> <span class='ocrx_word' id='word_1_377' title='bbox 3404 3648 3518 3708; x_wconf 91' lang='lat' dir='ltr'><strong>im-</strong></span> 
     </span>
     <span class='ocr_line' id='line_1_62' title="bbox 2014 3741 3516 3817; baseline 0.002 -14"><span class='ocrx_word' id='word_1_378' title='bbox 2014 3741 2512 3804; x_wconf 89' lang='lat' dir='ltr'><strong>mundissimum</strong></span> <span class='ocrx_word' id='word_1_379' title='bbox 2545 3742 2984 3817; x_wconf 83' lang='lat' dir='ltr'><strong>Manichaeum‚</strong></span> <span class='ocrx_word' id='word_1_380' title='bbox 3005 3753 3101 3806; x_wconf 91' lang='lat' dir='ltr'><strong>est</strong></span> <span class='ocrx_word' id='word_1_381' title='bbox 3130 3743 3295 3806; x_wconf 83' lang='lat' dir='ltr'><strong>sacta</strong></span> <span class='ocrx_word' id='word_1_382' title='bbox 3323 3763 3360 3805; x_wconf 90' lang='lat' dir='ltr'><strong>a</strong></span> <span class='ocrx_word' id='word_1_383' title='bbox 3387 3746 3516 3807; x_wconf 91' lang='lat' dir='ltr'><strong>dia-</strong></span> 
     </span>
     <span class='ocr_line' id='line_1_63' title="bbox 2010 3840 3513 3923; baseline 0.001 -20"><span class='ocrx_word' id='word_1_384' title='bbox 2010 3840 2178 3903; x_wconf 90' lang='lat' dir='ltr'><strong>bolo.</strong></span> <span class='ocrx_word' id='word_1_385' title='bbox 2241 3840 2738 3902; x_wconf 88' lang='lat' dir='ltr'><strong>Introduxerunt</strong></span> <span class='ocrx_word' id='word_1_386' title='bbox 2794 3860 2950 3903; x_wconf 89' lang='lat' dir='ltr'><strong>vero</strong></span> <span class='ocrx_word' id='word_1_387' title='bbox 3004 3857 3122 3923; x_wconf 93' lang='lat' dir='ltr'><strong>pro</strong></span> <span class='ocrx_word' id='word_1_388' title='bbox 3191 3862 3260 3905; x_wconf 91' lang='lat' dir='ltr'><strong>se</strong></span> <span class='ocrx_word' id='word_1_389' title='bbox 3316 3842 3513 3905; x_wconf 87' lang='lat' dir='ltr'><strong>verba</strong></span> 
     </span>
    </p>
   </div>
   <div class='ocr_carea' id='block_1_17' title="bbox 60 3937 3804 5397">
    <p class='ocr_par' dir='ltr' id='par_1_17' title="bbox 60 3937 3804 5397">
     <span class='ocr_line' id='line_1_64' title="bbox 2008 3937 3804 4020; baseline 0.006 -21"><span class='ocrx_word' id='word_1_390' title='bbox 2008 3938 2292 4020; x_wconf 85' lang='lat' dir='ltr'><strong>Apostoli</strong></span> <span class='ocrx_word' id='word_1_391' title='bbox 2324 3937 2596 4000; x_wconf 89' lang='lat' dir='ltr'><strong>dicentis</strong></span> <span class='ocrx_word' id='word_1_392' title='bbox 2623 3954 2636 3999; x_wconf 76' lang='grc' dir='ltr'>ε</span> <span class='ocrx_word' id='word_1_393' title='bbox 2663 3938 2832 3999; x_wconf 83' lang='lat' dir='ltr'><strong>Misit</strong></span> <span class='ocrx_word' id='word_1_394' title='bbox 2858 3938 3026 4001; x_wconf 91' lang='lat' dir='ltr'><strong>Deus</strong></span> <span class='ocrx_word' id='word_1_395' title='bbox 3057 3938 3286 4002; x_wconf 84' lang='lat' dir='ltr'><strong>Filium</strong></span> <span class='ocrx_word' id='word_1_396' title='bbox 3319 3959 3508 4003; x_wconf 90' lang='lat' dir='ltr'><strong>suum</strong></span> <span class='ocrx_word' id='word_1_397' title='bbox 3563 3964 3691 4009; x_wconf 70' lang='lat' dir='ltr'><strong>nom.</strong></span> <span class='ocrx_word' id='word_1_398' title='bbox 3715 3979 3804 4017; x_wconf 75' lang='lat' dir='ltr'><strong>vm.</strong></span> 
     </span>
     <span class='ocr_line' id='line_1_65' title="bbox 64 4030 3579 4118; baseline -0.001 -14"><span class='ocrx_word' id='word_1_399' title='bbox 64 4068 357 4117; x_wconf 44' lang='lat' dir='ltr'><strong>comm-‚2</strong></span> <span class='ocrx_word' id='word_1_400' title='bbox 394 4042 571 4103; x_wconf 87' lang='lat' dir='ltr'><strong>Deus</strong></span> <span class='ocrx_word' id='word_1_401' title='bbox 616 4039 789 4103; x_wconf 91' lang='lat' dir='ltr'><strong>misit</strong></span> <span class='ocrx_word' id='word_1_402' title='bbox 830 4040 1061 4102; x_wconf 84' lang='lat' dir='ltr'><strong>Filium</strong></span> <span class='ocrx_word' id='word_1_403' title='bbox 1106 4058 1297 4101; x_wconf 89' lang='lat' dir='ltr'><strong>suum</strong></span> <span class='ocrx_word' id='word_1_404' title='bbox 1343 4038 1585 4100; x_wconf 82' lang='lat' dir='ltr'><strong>factum</strong></span> <span class='ocrx_word' id='word_1_405' title='bbox 1634 4057 1710 4102; x_wconf 89' lang='lat' dir='ltr'><strong>ex</strong></span> <span class='ocrx_word' id='word_1_406' title='bbox 1763 4056 1901 4100; x_wconf 84' lang='lat' dir='ltr'><strong>mu·</strong></span> <span class='ocrx_word' id='word_1_407' title='bbox 2009 4037 2075 4099; x_wconf 89' lang='lat' dir='ltr'><strong>in</strong></span> <span class='ocrx_word' id='word_1_408' title='bbox 2125 4035 2619 4097; x_wconf 87' lang='lat' dir='ltr'><strong>similitudinem</strong></span> <span class='ocrx_word' id='word_1_409' title='bbox 2670 4036 2879 4098; x_wconf 88' lang='lat' dir='ltr'><strong>carnis</strong></span> <span class='ocrx_word' id='word_1_410' title='bbox 2930 4037 3217 4118; x_wconf 84' lang='lat' dir='ltr'><strong>peccati3</strong></span> <span class='ocrx_word' id='word_1_411' title='bbox 3261 4045 3326 4101; x_wconf 90' lang='lat' dir='ltr'><strong>et</strong></span> <span class='ocrx_word' id='word_1_412' title='bbox 3372 4057 3508 4101; x_wconf 91' lang='lat' dir='ltr'><strong>rur·</strong></span> <span class='ocrx_word' id='word_1_413' title='bbox 3539 4030 3579 4070; x_wconf 77' lang='lat'><strong>³·</strong></span> 
     </span>
     <span class='ocr_line' id='line_1_66' title="bbox 108 4133 3800 4221; baseline 0.002 -20"><span class='ocrx_word' id='word_1_414' title='bbox 108 4159 353 4211; x_wconf 69' lang='lat' dir='ltr'><strong>mem...</strong></span> <span class='ocrx_word' id='word_1_415' title='bbox 392 4139 581 4203; x_wconf 88' lang='lat' dir='ltr'><strong>liere.</strong></span> <span class='ocrx_word' id='word_1_416' title='bbox 633 4139 895 4211; x_wconf 78' lang='lat' dir='ltr'><strong>RursuS‚</strong></span> <span class='ocrx_word' id='word_1_417' title='bbox 944 4138 1275 4201; x_wconf 70' lang='lat' dir='ltr'><strong>Matthaeus</strong></span> <span class='ocrx_word' id='word_1_418' title='bbox 1322 4136 1431 4211; x_wconf 78' lang='lat' dir='ltr'><strong>ait,</strong></span> <span class='ocrx_word' id='word_1_419' title='bbox 1492 4137 1660 4219; x_wconf 90' lang='lat' dir='ltr'><strong>quod</strong></span> <span class='ocrx_word' id='word_1_420' title='bbox 1708 4135 1899 4200; x_wconf 88' lang='lat' dir='ltr'><strong>Jacob</strong></span> <span class='ocrx_word' id='word_1_421' title='bbox 2008 4154 2117 4197; x_wconf 91' lang='lat' dir='ltr'><strong>sus</strong></span> <span class='ocrx_word' id='word_1_422' title='bbox 2161 4150 2176 4196; x_wconf 74' lang='grc' dir='ltr'><strong><em>ε</em></strong></span> <span class='ocrx_word' id='word_1_423' title='bbox 2217 4134 2286 4196; x_wconf 90' lang='lat' dir='ltr'><strong>ln</strong></span> <span class='ocrx_word' id='word_1_424' title='bbox 2345 4133 2838 4197; x_wconf 88' lang='lat' dir='ltr'><strong>similitudinem</strong></span> <span class='ocrx_word' id='word_1_425' title='bbox 2886 4134 3224 4198; x_wconf 91' lang='lat' dir='ltr'><strong>hominum</strong></span> <span class='ocrx_word' id='word_1_426' title='bbox 3277 4136 3505 4211; x_wconf 79' lang='lat' dir='ltr'><strong>sactuS,</strong></span> <span class='ocrx_word' id='word_1_427' title='bbox 3539 4163 3800 4221; x_wconf 54' lang='grc' dir='ltr'><strong>ριιειερρηι,</strong></span> 
     </span>
     <span class='ocr_line' id='line_1_67' title="bbox 66 4227 3580 4319; baseline -0.002 -17"><span class='ocrx_word' id='word_1_428' title='bbox 66 4227 132 4265; x_wconf 76' lang='lat'><strong>¹⁶·</strong></span> <span class='ocrx_word' id='word_1_429' title='bbox 386 4237 626 4319; x_wconf 83' lang='lat' dir='ltr'><strong>genuit</strong></span> <span class='ocrx_word' id='word_1_430' title='bbox 658 4236 887 4319; x_wconf 88' lang='lat' dir='ltr'><strong>Joseph</strong></span> <span class='ocrx_word' id='word_1_431' title='bbox 928 4236 1138 4297; x_wconf 86' lang='lat' dir='ltr'><strong>virum</strong></span> <span class='ocrx_word' id='word_1_432' title='bbox 1168 4234 1396 4308; x_wconf 84' lang='lat' dir='ltr'><strong>Mariae,</strong></span> <span class='ocrx_word' id='word_1_433' title='bbox 1430 4236 1507 4297; x_wconf 92' lang='lat' dir='ltr'><strong>de</strong></span> <span class='ocrx_word' id='word_1_434' title='bbox 1552 4254 1676 4317; x_wconf 89' lang='lat' dir='ltr'><strong>qua</strong></span> <span class='ocrx_word' id='word_1_435' title='bbox 1714 4242 1901 4297; x_wconf 87' lang='lat' dir='ltr'><strong>natus</strong></span> <span class='ocrx_word' id='word_1_436' title='bbox 1928 4236 1979 4301; x_wconf 92' lang='lat' dir='ltr'>D</span> <span class='ocrx_word' id='word_1_437' title='bbox 2009 4240 2071 4295; x_wconf 90' lang='lat' dir='ltr'><strong>et</strong></span> <span class='ocrx_word' id='word_1_438' title='bbox 2110 4230 2332 4294; x_wconf 90' lang='lat' dir='ltr'><strong>habitu</strong></span> <span class='ocrx_word' id='word_1_439' title='bbox 2377 4232 2672 4295; x_wconf 90' lang='lat' dir='ltr'><strong>inventus</strong></span> <span class='ocrx_word' id='word_1_440' title='bbox 2717 4239 2788 4294; x_wconf 92' lang='lat' dir='ltr'><strong>ut</strong></span> <span class='ocrx_word' id='word_1_441' title='bbox 2829 4233 3040 4296; x_wconf 90' lang='lat' dir='ltr'><strong>homo.</strong></span> <span class='ocrx_word' id='word_1_442' title='bbox 3538 4230 3580 4269; x_wconf 89' lang='lat'><strong>⁷·</strong></span> 
     </span>
     <span class='ocr_line' id='line_1_68' title="bbox 388 4328 3512 4414; baseline -0 -16"><span class='ocrx_word' id='word_1_443' title='bbox 388 4343 501 4399; x_wconf 81' lang='lat' dir='ltr'><strong>est</strong></span> <span class='ocrx_word' id='word_1_444' title='bbox 548 4335 744 4397; x_wconf 87' lang='lat' dir='ltr'><strong>Jesus.</strong></span> <span class='ocrx_word' id='word_1_445' title='bbox 798 4334 873 4396; x_wconf 84' lang='lat' dir='ltr'><strong>Et</strong></span> <span class='ocrx_word' id='word_1_446' title='bbox 920 4334 1149 4407; x_wconf 89' lang='lat' dir='ltr'><strong>adhuc,</strong></span> <span class='ocrx_word' id='word_1_447' title='bbox 1200 4334 1527 4414; x_wconf 88' lang='lat' dir='ltr'><strong>Scriptura</strong></span> <span class='ocrx_word' id='word_1_448' title='bbox 1576 4332 1899 4395; x_wconf 87' lang='lat' dir='ltr'><strong>multoties</strong></span> <span class='ocrx_word' id='word_1_449' title='bbox 2089 4330 2181 4391; x_wconf 91' lang='lat' dir='ltr'><strong>En</strong></span> <span class='ocrx_word' id='word_1_450' title='bbox 2249 4330 2385 4392; x_wconf 85' lang='lat' dir='ltr'><strong>haec</strong></span> <span class='ocrx_word' id='word_1_451' title='bbox 2451 4348 2654 4411; x_wconf 89' lang='lat' dir='ltr'><strong>pauca</strong></span> <span class='ocrx_word' id='word_1_452' title='bbox 2723 4328 2918 4393; x_wconf 88' lang='lat' dir='ltr'><strong>verba</strong></span> <span class='ocrx_word' id='word_1_453' title='bbox 2982 4332 3256 4395; x_wconf 88' lang='lat' dir='ltr'><strong>attendit</strong></span> <span class='ocrx_word' id='word_1_454' title='bbox 3319 4333 3512 4397; x_wconf 84' lang='lat' dir='ltr'><strong>Mani-</strong></span> 
     </span>
     <span class='ocr_line' id='line_1_69' title="bbox 384 4427 3513 4516; baseline -0.001 -19"><span class='ocrx_word' id='word_1_455' title='bbox 384 4432 683 4516; x_wconf 83' lang='lat' dir='ltr'><strong>appellat</strong></span> <span class='ocrx_word' id='word_1_456' title='bbox 712 4451 953 4495; x_wconf 89' lang='lat' dir='ltr'><strong>sacram</strong></span> <span class='ocrx_word' id='word_1_457' title='bbox 976 4432 1325 4513; x_wconf 80' lang='lat' dir='ltr'><strong>Virginem,</strong></span> <span class='ocrx_word' id='word_1_458' title='bbox 1349 4432 1607 4493; x_wconf 84' lang='lat' dir='ltr'><strong>Matrem</strong></span> <span class='ocrx_word' id='word_1_459' title='bbox 1641 4430 1897 4505; x_wconf 88' lang='lat' dir='ltr'><strong>Christi,</strong></span> <span class='ocrx_word' id='word_1_460' title='bbox 2008 4429 2244 4503; x_wconf 83' lang='lat' dir='ltr'><strong>chaeus,</strong></span> <span class='ocrx_word' id='word_1_461' title='bbox 2286 4435 2348 4490; x_wconf 87' lang='lat' dir='ltr'><strong>et</strong></span> <span class='ocrx_word' id='word_1_462' title='bbox 2387 4428 2716 4510; x_wconf 90' lang='lat' dir='ltr'><strong>adspicere</strong></span> <span class='ocrx_word' id='word_1_463' title='bbox 2755 4427 2964 4491; x_wconf 89' lang='lat' dir='ltr'><strong>noluit</strong></span> <span class='ocrx_word' id='word_1_464' title='bbox 3003 4437 3134 4491; x_wconf 90' lang='lat' dir='ltr'><strong>tam</strong></span> <span class='ocrx_word' id='word_1_465' title='bbox 3177 4430 3513 4496; x_wconf 89' lang='lat' dir='ltr'><strong>innumera</strong></span> 
     </span>
     <span class='ocr_line' id='line_1_70' title="bbox 60 4526 3515 4609; baseline -0.001 -12"><span class='ocrx_word' id='word_1_466' title='bbox 60 4554 351 4606; x_wconf 52' lang='lat' dir='ltr'><strong>,toan-‚xm</strong></span> <span class='ocrx_word' id='word_1_467' title='bbox 386 4532 574 4594; x_wconf 90' lang='lat' dir='ltr'><strong>sicut</strong></span> <span class='ocrx_word' id='word_1_468' title='bbox 600 4530 841 4593; x_wconf 87' lang='lat' dir='ltr'><strong>dietum</strong></span> <span class='ocrx_word' id='word_1_469' title='bbox 872 4528 1231 4593; x_wconf 79' lang='lat' dir='ltr'><strong>esttstabat</strong></span> <span class='ocrx_word' id='word_1_470' title='bbox 1256 4528 1439 4609; x_wconf 87' lang='lat' dir='ltr'><strong>juxta</strong></span> <span class='ocrx_word' id='word_1_471' title='bbox 1465 4546 1719 4592; x_wconf 87' lang='lat' dir='ltr'><strong>crucem</strong></span> <span class='ocrx_word' id='word_1_472' title='bbox 1752 4530 1899 4591; x_wconf 88' lang='lat' dir='ltr'><strong>Jesu</strong></span> <span class='ocrx_word' id='word_1_473' title='bbox 2009 4528 2354 4609; x_wconf 80' lang='lat' dir='ltr'><strong>Scripturae</strong></span> <span class='ocrx_word' id='word_1_474' title='bbox 2401 4526 2770 4589; x_wconf 84' lang='lat' dir='ltr'><strong>testimonia</strong></span> <span class='ocrx_word' id='word_1_475' title='bbox 2825 4547 2967 4609; x_wconf 83' lang='lat' dir='ltr'><strong>quae</strong></span> <span class='ocrx_word' id='word_1_476' title='bbox 3012 4528 3068 4590; x_wconf 91' lang='lat' dir='ltr'><strong>ei</strong></span> <span class='ocrx_word' id='word_1_477' title='bbox 3130 4530 3515 4594; x_wconf 88' lang='lat' dir='ltr'><strong>contrarian—</strong></span> 
     </span>
     <span class='ocr_line' id='line_1_71' title="bbox 64 4621 3514 4711; baseline -0.001 -17"><span class='ocrx_word' id='word_1_478' title='bbox 64 4621 111 4643; x_wconf 67' lang='lat'><strong>&#39;&#39;</strong></span> <span class='ocrx_word' id='word_1_479' title='bbox 382 4630 597 4695; x_wconf 75' lang='lat' dir='ltr'><strong>Mater</strong></span> <span class='ocrx_word' id='word_1_480' title='bbox 632 4629 791 4709; x_wconf 87' lang='lat' dir='ltr'><strong>ejus.</strong></span> <span class='ocrx_word' id='word_1_481' title='bbox 825 4628 1137 4709; x_wconf 79' lang='lat' dir='ltr'><strong>AmpliuS,</strong></span> <span class='ocrx_word' id='word_1_482' title='bbox 1166 4627 1243 4690; x_wconf 89' lang='lat' dir='ltr'><strong>ad</strong></span> <span class='ocrx_word' id='word_1_483' title='bbox 1273 4627 1587 4690; x_wconf 86' lang='lat' dir='ltr'><strong>Romanos</strong></span> <span class='ocrx_word' id='word_1_484' title='bbox 1624 4627 1713 4689; x_wconf 90' lang='lat' dir='ltr'><strong>ait</strong></span> <span class='ocrx_word' id='word_1_485' title='bbox 1741 4628 1901 4708; x_wconf 90' lang='lat' dir='ltr'><strong>Apo-</strong></span> <span class='ocrx_word' id='word_1_486' title='bbox 2008 4634 2115 4688; x_wconf 87' lang='lat' dir='ltr'><strong>tur</strong></span> <span class='ocrx_word' id='word_1_487' title='bbox 2148 4644 2163 4689; x_wconf 91' lang='lat'>:</span> <span class='ocrx_word' id='word_1_488' title='bbox 2198 4625 2492 4707; x_wconf 89' lang='lat' dir='ltr'><strong>quamvis</strong></span> <span class='ocrx_word' id='word_1_489' title='bbox 2525 4644 2642 4689; x_wconf 88' lang='lat' dir='ltr'><strong>nec</strong></span> <span class='ocrx_word' id='word_1_490' title='bbox 2685 4626 2805 4688; x_wconf 90' lang='lat' dir='ltr'><strong>ista</strong></span> <span class='ocrx_word' id='word_1_491' title='bbox 2837 4632 2900 4689; x_wconf 88' lang='lat' dir='ltr'><strong>et</strong></span> <span class='ocrx_word' id='word_1_492' title='bbox 2931 4626 3030 4689; x_wconf 91' lang='lat' dir='ltr'><strong>his</strong></span> <span class='ocrx_word' id='word_1_493' title='bbox 3059 4626 3141 4707; x_wconf 92' lang='lat' dir='ltr'><strong>(si</strong></span> <span class='ocrx_word' id='word_1_494' title='bbox 3173 4646 3316 4709; x_wconf 83' lang='lat' dir='ltr'><strong>quae</strong></span> <span class='ocrx_word' id='word_1_495' title='bbox 3357 4629 3514 4711; x_wconf 89' lang='lat' dir='ltr'><strong>sint)</strong></span> 
     </span>
     <span class='ocr_line' id='line_1_72' title="bbox 72 4722 3510 4807; baseline -0.001 -14"><span class='ocrx_word' id='word_1_496' title='bbox 72 4751 345 4799; x_wconf 45' lang='lat' dir='ltr'><strong>nomas.</strong></span> <span class='ocrx_word' id='word_1_497' title='bbox 382 4728 605 4792; x_wconf 89' lang='lat' dir='ltr'><strong>stolus</strong></span> <span class='ocrx_word' id='word_1_498' title='bbox 658 4728 737 4790; x_wconf 92' lang='lat' dir='ltr'><strong>de</strong></span> <span class='ocrx_word' id='word_1_499' title='bbox 794 4726 907 4790; x_wconf 90' lang='lat' dir='ltr'><strong>Dei</strong></span> <span class='ocrx_word' id='word_1_500' title='bbox 968 4726 1147 4799; x_wconf 81' lang='lat' dir='ltr'><strong>Filio,</strong></span> <span class='ocrx_word' id='word_1_501' title='bbox 1200 4724 1369 4807; x_wconf 90' lang='lat' dir='ltr'><strong>quod</strong></span> <span class='ocrx_word' id='word_1_502' title='bbox 1428 4724 1633 4787; x_wconf 80' lang='lat' dir='ltr'><strong>factus</strong></span> <span class='ocrx_word' id='word_1_503' title='bbox 1680 4732 1777 4788; x_wconf 84' lang='lat' dir='ltr'><strong>est</strong></span> <span class='ocrx_word' id='word_1_504' title='bbox 1823 4744 1899 4787; x_wconf 86' lang='lat' dir='ltr'><strong>ex</strong></span> <span class='ocrx_word' id='word_1_505' title='bbox 2008 4724 2270 4797; x_wconf 88' lang='lat' dir='ltr'><strong>similia,</strong></span> <span class='ocrx_word' id='word_1_506' title='bbox 2329 4723 2388 4785; x_wconf 91' lang='lat' dir='ltr'><strong>ei</strong></span> <span class='ocrx_word' id='word_1_507' title='bbox 2449 4722 2722 4786; x_wconf 80' lang='lat' dir='ltr'><strong>faveant.</strong></span> <span class='ocrx_word' id='word_1_508' title='bbox 2781 4723 2918 4787; x_wconf 89' lang='lat' dir='ltr'><strong>Non</strong></span> <span class='ocrx_word' id='word_1_509' title='bbox 2979 4724 3150 4785; x_wconf 89' lang='lat' dir='ltr'><strong>enim</strong></span> <span class='ocrx_word' id='word_1_510' title='bbox 3219 4724 3510 4791; x_wconf 89' lang='lat' dir='ltr'><strong>absolute</strong></span> 
     </span>
     <span class='ocr_line' id='line_1_73' title="bbox 380 4820 3512 4904; baseline -0.002 -13"><span class='ocrx_word' id='word_1_511' title='bbox 380 4826 647 4891; x_wconf 89' lang='lat' dir='ltr'><strong>semine</strong></span> <span class='ocrx_word' id='word_1_512' title='bbox 702 4824 904 4889; x_wconf 83' lang='lat' dir='ltr'><strong>David</strong></span> <span class='ocrx_word' id='word_1_513' title='bbox 960 4824 1313 4887; x_wconf 90' lang='lat' dir='ltr'><strong>secundum</strong></span> <span class='ocrx_word' id='word_1_514' title='bbox 1374 4841 1651 4885; x_wconf 89' lang='lat' dir='ltr'><strong>earnem.</strong></span> <span class='ocrx_word' id='word_1_515' title='bbox 1705 4823 1899 4887; x_wconf 87' lang='lat' dir='ltr'><strong>David</strong></span> <span class='ocrx_word' id='word_1_516' title='bbox 2010 4821 2174 4885; x_wconf 87' lang='lat' dir='ltr'><strong>dixit</strong></span> <span class='ocrx_word' id='word_1_517' title='bbox 2215 4820 2579 4904; x_wconf 80' lang='lat' dir='ltr'><strong>ApostoluS,</strong></span> <span class='ocrx_word' id='word_1_518' title='bbox 2633 4821 2952 4885; x_wconf 88' lang='lat' dir='ltr'><strong>Christum</strong></span> <span class='ocrx_word' id='word_1_519' title='bbox 3004 4822 3258 4885; x_wconf 86' lang='lat' dir='ltr'><strong>venisse</strong></span> <span class='ocrx_word' id='word_1_520' title='bbox 3307 4823 3372 4885; x_wconf 92' lang='lat' dir='ltr'><strong>in</strong></span> <span class='ocrx_word' id='word_1_521' title='bbox 3431 4824 3512 4887; x_wconf 88' lang='lat' dir='ltr'><strong>si-</strong></span> 
     </span>
     <span class='ocr_line' id='line_1_74' title="bbox 376 4919 3798 5003; baseline 0 -12"><span class='ocrx_word' id='word_1_522' title='bbox 376 4934 615 4991; x_wconf 84' lang='lat' dir='ltr'><strong>autem</strong></span> <span class='ocrx_word' id='word_1_523' title='bbox 674 4932 999 4987; x_wconf 89' lang='lat' dir='ltr'><strong>terrenum</strong></span> <span class='ocrx_word' id='word_1_524' title='bbox 1060 4928 1125 4984; x_wconf 92' lang='lat' dir='ltr'><strong>et</strong></span> <span class='ocrx_word' id='word_1_525' title='bbox 1180 4940 1307 4985; x_wconf 91' lang='lat' dir='ltr'><strong>non</strong></span> <span class='ocrx_word' id='word_1_526' title='bbox 1366 4921 1625 4985; x_wconf 88' lang='lat' dir='ltr'><strong>eoeleste</strong></span> <span class='ocrx_word' id='word_1_527' title='bbox 1680 4921 1905 4985; x_wconf 89' lang='lat' dir='ltr'><strong>habuit</strong></span> <span class='ocrx_word' id='word_1_528' title='bbox 2011 4920 2446 4982; x_wconf 87' lang='lat' dir='ltr'><strong>militudinem</strong></span> <span class='ocrx_word' id='word_1_529' title='bbox 2479 4919 2725 4997; x_wconf 82' lang='lat' dir='ltr'><strong>carnis3</strong></span> <span class='ocrx_word' id='word_1_530' title='bbox 2761 4919 2870 4981; x_wconf 92' lang='lat' dir='ltr'><strong>sed</strong></span> <span class='ocrx_word' id='word_1_531' title='bbox 2916 4919 3177 4993; x_wconf 85' lang='lat' dir='ltr'><strong>addidit,</strong></span> <span class='ocrx_word' id='word_1_532' title='bbox 3210 4924 3504 5003; x_wconf 88' lang='lat' dir='ltr'><strong>peccati:</strong></span> <span class='ocrx_word' id='word_1_533' title='bbox 3561 4948 3685 4991; x_wconf 70' lang='lat' dir='ltr'><strong>Rom</strong></span> <span class='ocrx_word' id='word_1_534' title='bbox 3710 4961 3798 4999; x_wconf 75' lang='lat' dir='ltr'><strong>vm,</strong></span> 
     </span>
     <span class='ocr_line' id='line_1_75' title="bbox 379 5013 3574 5107; baseline -0.002 -18"><span class='ocrx_word' id='word_1_535' title='bbox 379 5043 637 5107; x_wconf 87' lang='lat' dir='ltr'><strong>corpus</strong></span> <span class='ocrx_word' id='word_1_536' title='bbox 678 5040 693 5085; x_wconf 73' lang='grc' dir='ltr'>ε</span> <span class='ocrx_word' id='word_1_537' title='bbox 736 5040 887 5104; x_wconf 75' lang='lat' dir='ltr'><strong>ergo</strong></span> <span class='ocrx_word' id='word_1_538' title='bbox 930 5029 995 5083; x_wconf 91' lang='lat' dir='ltr'><strong>et</strong></span> <span class='ocrx_word' id='word_1_539' title='bbox 1034 5020 1343 5084; x_wconf 90' lang='lat' dir='ltr'><strong>Christus.</strong></span> <span class='ocrx_word' id='word_1_540' title='bbox 1378 5021 1556 5085; x_wconf 78' lang='lat' dir='ltr'><strong>Unde</strong></span> <span class='ocrx_word' id='word_1_541' title='bbox 1598 5020 1905 5104; x_wconf 88' lang='lat' dir='ltr'><strong>relinqui·</strong></span> <span class='ocrx_word' id='word_1_542' title='bbox 2012 5018 2288 5080; x_wconf 89' lang='lat' dir='ltr'><strong>innuens</strong></span> <span class='ocrx_word' id='word_1_543' title='bbox 2320 5036 2576 5080; x_wconf 89' lang='lat' dir='ltr'><strong>carnem</strong></span> <span class='ocrx_word' id='word_1_544' title='bbox 2611 5016 2843 5080; x_wconf 87' lang='lat' dir='ltr'><strong>Christi</strong></span> <span class='ocrx_word' id='word_1_545' title='bbox 2877 5017 3050 5078; x_wconf 90' lang='lat' dir='ltr'><strong>carni</strong></span> <span class='ocrx_word' id='word_1_546' title='bbox 3093 5020 3340 5100; x_wconf 88' lang='lat' dir='ltr'><strong>peccati</strong></span> <span class='ocrx_word' id='word_1_547' title='bbox 3379 5039 3506 5084; x_wconf 89' lang='lat' dir='ltr'><strong>non</strong></span> <span class='ocrx_word' id='word_1_548' title='bbox 3535 5013 3574 5053; x_wconf 83' lang='lat'><strong>³·</strong></span> 
     </span>
     <span class='ocr_line' id='line_1_76' title="bbox 378 5114 3507 5203; baseline -0.002 -16"><span class='ocrx_word' id='word_1_549' title='bbox 378 5134 528 5197; x_wconf 85' lang='lat' dir='ltr'><strong>tur,</strong></span> <span class='ocrx_word' id='word_1_550' title='bbox 580 5122 747 5203; x_wconf 91' lang='lat' dir='ltr'><strong>quod</strong></span> <span class='ocrx_word' id='word_1_551' title='bbox 798 5138 875 5183; x_wconf 88' lang='lat' dir='ltr'><strong>ex</strong></span> <span class='ocrx_word' id='word_1_552' title='bbox 924 5119 1117 5182; x_wconf 83' lang='lat' dir='ltr'><strong>Maria</strong></span> <span class='ocrx_word' id='word_1_553' title='bbox 1164 5118 1411 5200; x_wconf 82' lang='lat' dir='ltr'><strong>virgine</strong></span> <span class='ocrx_word' id='word_1_554' title='bbox 1464 5121 1547 5183; x_wconf 90' lang='lat' dir='ltr'><strong>sit</strong></span> <span class='ocrx_word' id='word_1_555' title='bbox 1595 5120 1905 5182; x_wconf 87' lang='lat' dir='ltr'><strong>veraciter</strong></span> <span class='ocrx_word' id='word_1_556' title='bbox 2009 5134 2150 5180; x_wconf 90' lang='lat' dir='ltr'><strong>esse</strong></span> <span class='ocrx_word' id='word_1_557' title='bbox 2181 5115 2460 5177; x_wconf 88' lang='lat' dir='ltr'><strong>similem</strong></span> <span class='ocrx_word' id='word_1_558' title='bbox 2493 5114 2844 5177; x_wconf 90' lang='lat' dir='ltr'><strong>secundum</strong></span> <span class='ocrx_word' id='word_1_559' title='bbox 2877 5114 3507 5201; x_wconf 86' lang='lat' dir='ltr'><strong>exsistentiam‚quo-</strong></span> 
     </span>
     <span class='ocr_line' id='line_1_77' title="bbox 378 5214 3510 5301; baseline -0.002 -14"><span class='ocrx_word' id='word_1_560' title='bbox 378 5230 589 5287; x_wconf 88' lang='lat' dir='ltr'><strong>natus</strong></span> <span class='ocrx_word' id='word_1_561' title='bbox 624 5238 638 5281; x_wconf 75' lang='grc' dir='ltr'>ε</span> <span class='ocrx_word' id='word_1_562' title='bbox 673 5240 751 5283; x_wconf 93' lang='lat' dir='ltr'><strong>ex</strong></span> <span class='ocrx_word' id='word_1_563' title='bbox 790 5238 865 5281; x_wconf 90' lang='lat' dir='ltr'><strong>ea</strong></span> <span class='ocrx_word' id='word_1_564' title='bbox 904 5236 1055 5299; x_wconf 82' lang='lat' dir='ltr'><strong>ergo</strong></span> <span class='ocrx_word' id='word_1_565' title='bbox 1095 5236 1351 5280; x_wconf 89' lang='lat' dir='ltr'><strong>carnem</strong></span> <span class='ocrx_word' id='word_1_566' title='bbox 1392 5218 1759 5301; x_wconf 89' lang='lat' dir='ltr'><strong>assumpsit,</strong></span> <span class='ocrx_word' id='word_1_567' title='bbox 1792 5217 1902 5280; x_wconf 90' lang='lat' dir='ltr'><strong>ali·</strong></span> <span class='ocrx_word' id='word_1_568' title='bbox 2011 5216 2089 5278; x_wconf 89' lang='lat' dir='ltr'><strong>ad</strong></span> <span class='ocrx_word' id='word_1_569' title='bbox 2121 5215 2242 5277; x_wconf 92' lang='lat' dir='ltr'><strong>hoc</strong></span> <span class='ocrx_word' id='word_1_570' title='bbox 2275 5214 2443 5295; x_wconf 90' lang='lat' dir='ltr'><strong>quod</strong></span> <span class='ocrx_word' id='word_1_571' title='bbox 2475 5222 2571 5275; x_wconf 86' lang='lat' dir='ltr'><strong>est</strong></span> <span class='ocrx_word' id='word_1_572' title='bbox 2601 5231 2677 5275; x_wconf 86' lang='lat' dir='ltr'><strong>ex</strong></span> <span class='ocrx_word' id='word_1_573' title='bbox 2711 5220 2885 5295; x_wconf 90' lang='lat' dir='ltr'><strong>parte</strong></span> <span class='ocrx_word' id='word_1_574' title='bbox 2915 5214 3181 5294; x_wconf 88' lang='lat' dir='ltr'><strong>peccati,</strong></span> <span class='ocrx_word' id='word_1_575' title='bbox 3215 5220 3510 5296; x_wconf 86' lang='lat' dir='ltr'><strong>quamvis</strong></span> 
     </span>
     <span class='ocr_line' id='line_1_78' title="bbox 380 5311 3513 5397; baseline -0.002 -11"><span class='ocrx_word' id='word_1_576' title='bbox 380 5332 497 5386; x_wconf 86' lang='lat' dir='ltr'><strong>ter</strong></span> <span class='ocrx_word' id='word_1_577' title='bbox 543 5337 673 5384; x_wconf 90' lang='lat' dir='ltr'><strong>non</strong></span> <span class='ocrx_word' id='word_1_578' title='bbox 715 5325 886 5381; x_wconf 90' lang='lat' dir='ltr'><strong>esset</strong></span> <span class='ocrx_word' id='word_1_579' title='bbox 929 5317 1037 5380; x_wconf 84' lang='lat' dir='ltr'><strong>illa</strong></span> <span class='ocrx_word' id='word_1_580' title='bbox 1078 5316 1273 5380; x_wconf 81' lang='lat' dir='ltr'><strong>Mater</strong></span> <span class='ocrx_word' id='word_1_581' title='bbox 1314 5315 1476 5397; x_wconf 89' lang='lat' dir='ltr'><strong>ejus.</strong></span> <span class='ocrx_word' id='word_1_582' title='bbox 2014 5313 2226 5377; x_wconf 90' lang='lat' dir='ltr'><strong>eidem</strong></span> <span class='ocrx_word' id='word_1_583' title='bbox 2265 5312 2620 5375; x_wconf 88' lang='lat' dir='ltr'><strong>secundum</strong></span> <span class='ocrx_word' id='word_1_584' title='bbox 2663 5311 3100 5393; x_wconf 88' lang='lat' dir='ltr'><strong>apparentiam</strong></span> <span class='ocrx_word' id='word_1_585' title='bbox 3141 5314 3372 5379; x_wconf 88' lang='lat' dir='ltr'><strong>similis</strong></span> <span class='ocrx_word' id='word_1_586' title='bbox 3408 5336 3513 5380; x_wconf 92' lang='lat' dir='ltr'><strong>ex-</strong></span> 
     </span>
    </p>
   </div>
   <div class='ocr_carea' id='block_1_18' title="bbox 390 3940 1898 4023">
    <p class='ocr_par' dir='ltr' id='par_1_18' title="bbox 390 3940 1898 4023">
     <span class='ocr_line' id='line_1_79' title="bbox 390 3940 1898 4023; baseline -0.003 -16"><span class='ocrx_word' id='word_1_587' title='bbox 390 3945 481 4007; x_wconf 81' lang='lat' dir='ltr'><strong>ad</strong></span> <span class='ocrx_word' id='word_1_588' title='bbox 526 3942 769 4007; x_wconf 87' lang='lat' dir='ltr'><strong>Galatas</strong></span> <span class='ocrx_word' id='word_1_589' title='bbox 818 3940 1130 4014; x_wconf 82' lang='lat' dir='ltr'><strong>scribenS,</strong></span> <span class='ocrx_word' id='word_1_590' title='bbox 1181 3940 1521 4022; x_wconf 86' lang='lat' dir='ltr'><strong>Apostolus</strong></span> <span class='ocrx_word' id='word_1_591' title='bbox 1569 3940 1680 4014; x_wconf 91' lang='lat' dir='ltr'><strong>ait,</strong></span> <span class='ocrx_word' id='word_1_592' title='bbox 1728 3940 1898 4023; x_wconf 88' lang='lat' dir='ltr'><strong>quod</strong></span> 
     </span>
    </p>
   </div>
  </div>
 </body>
</html>
