4300 6259
84 1878 97 1921 l
126 1880 221 1923 Cor.

70 2370 273 2413 Emt-

950 522 1029 569 ΒΕ
1071 522 1299 569 Lunum
1340 522 1721 569 cunts‘rurm
1759 521 2061 580 mmm,
2104 522 2282 569 LIBER
2323 523 2386 570 11.
2434 542 2512 553 —
2554 525 2692 571 Aur.
2735 522 2859 571 xm
3340 496 3462 567 439

342 694 411 751 et
456 707 617 754 eum
664 700 919 755 secutus
961 694 1313 769 Nestorius,
1354 694 1639 757 dicentes
1680 692 1859 757 unio-
1885 694 1936 757 A
1967 693 2284 777 quidquid
2313 695 2392 758 de
2421 695 2560 758 viro
2589 694 2848 767 dicitur,
2881 693 2958 755 de
2999 692 3268 756 muliere
3307 708 3462 775 quo-

342 806 503 851 nem
538 790 729 853 Verbi
759 810 907 854 cum
940 792 1199 855 homine
1230 810 1349 855 nec
1389 793 1452 855 in
1486 800 1711 855 natura
1738 809 1856 855 nec

342 884 411 947 in
470 904 747 969 persona
796 888 1051 961 factam,
1100 890 1209 951 sed
1262 909 1375 971 per
1422 889 1621 951 solam
1673 890 1855 952 inha-

342 981 753 1059 bitationem,
808 986 903 1049 sic
948 987 1117 1068 quod
1176 986 1241 1049 in
1302 987 1562 1051 homine
1606 987 1855 1051 Christo

341 1081 637 1145 Verbum
682 1084 859 1147 velut
900 1086 963 1147 in
1012 1086 1256 1168 templo
1298 1087 1573 1169 quodam
1615 1086 1857 1149 habita-

342 1180 442 1241 vit
492 1198 507 1242 :
558 1200 637 1243 ex
680 1201 807 1264 qua
850 1182 1311 1247 inhabitatione
1355 1184 1519 1246 facta
1561 1190 1659 1247 est
1696 1183 1853 1246 affe-

342 1278 585 1340 ctualis
646 1280 937 1361 quaedam
991 1282 1091 1361 (ut
1150 1280 1481 1363 inquiunt)
1536 1282 1689 1344 unio
1742 1280 1853 1343 ho-

344 1376 551 1438 minis
582 1376 757 1441 illius
787 1396 933 1441 cum
966 1379 1467 1453 Deo,obediente
1498 1398 1613 1461 per
1638 1378 1853 1441 omnia

342 1473 619 1538 homine
648 1475 769 1539 hoc
810 1478 934 1560 ipsi
968 1479 1117 1553 Deo,
1149 1488 1213 1541 et
1249 1480 1379 1542 Deo
1416 1479 1695 1542 hominis
1740 1478 1855 1539 hu-

340 1572 453 1654 jus
512 1590 711 1656 opera
765 1577 1134 1639 omnimode
1189 1585 1577 1660 acceptante.
1640 1576 1855 1639 Talem

346 1689 507 1752 ergo
552 1672 855 1737 dixerunt
899 1674 1005 1737 isti
1056 1694 1195 1738 esse
1241 1675 1353 1739 Dei
1403 1694 1551 1737 cum
1598 1675 1857 1737 homine

347 1770 957 1854 unionem,quale1n
986 1775 1301 1856 expressit
1330 1773 1858 1857 ApostoluS,dum

353 1984 509 2028 cum
572 1986 669 2030 eo.
740 1968 1047 2042 Quoniam
1106 1970 1367 2051 quidem
1426 1969 1508 2033 ob
1566 1969 1863 2050 hujusce·

354 2064 533 2126 modi
582 2084 755 2128 nunc
796 2067 1191 2130 nominatam
1236 2068 1563 2141 unionem,
1602 2086 1677 2129 ea
1719 2086 1859 2149 quae

352 2162 487 2225 Deo
540 2165 800 2247 proprie
848 2166 1261 2240 conveniunt,
1313 2166 1599 2229 vicissim
1657 2166 1861 2229 homi-

354 2260 551 2323 nibus
610 2262 889 2325 adscribi
956 2263 1374 2327 inveniuntur
1426 2264 1863 2346 (quemadmo-

276 2386 321 2421 ιι,
354 2358 515 2421 dum
554 2361 635 2422 ad
662 2361 917 2445 Moysen
959 2361 1211 2424 locutus
1249 2370 1347 2424 est
1380 2363 1711 2436 Dominus,
1746 2362 1859 2424 Ec·

356 2475 429 2519 ce
474 2460 779 2522 constitui
821 2466 881 2523 te
921 2460 1111 2522 deum
1144 2460 1523 2538 Pharaonis;
1553 2467 1618 2523 et
1644 2460 1858 2523 simile

350 2554 509 2617 alibi
542 2555 914 2639 frequenter
946 2557 1291 2639 reperitur)
1324 2575 1337 2619 :
1372 2558 1523 2619 hinc
1560 2558 1859 2621 dixerunt

346 2654 573 2717 divina
630 2656 891 2718 nomina
950 2655 1195 2718 homini
1256 2656 1407 2719 huic
1453 2655 1738 2731 attribui,
1789 2665 1859 2719 ut

346 2752 605 2815 dicatur
651 2754 941 2817 Christus
989 2753 1175 2829 Deus,
1222 2755 1333 2817 Dei
1378 2754 1599 2829 Filius,
1646 2754 1855 2819 Domi-

346 2870 495 2925 nus,
552 2852 681 2915 Rex
733 2852 987 2934 gloriae3
1033 2861 1097 2916 et
1142 2853 1227 2917 ob
1272 2855 1487 2935 gratiae
1548 2874 1677 2918 suae
1727 2856 1857 2937 ple·

344 2950 713 3013 nitudinem
744 2970 817 3014 ac
848 2952 1320 3026 excellentiam,
1355 2952 1667 3036 putabant
1703 2973 1851 3017 eum

1964 812 2089 875 que
2120 793 2440 855 enuntiari
2475 800 2700 875 potest.
2737 792 2858 855 Sed
2897 791 2976 854 de
3013 790 3264 855 Christo
3300 789 3462 852 indi-

1966 891 2196 953 stincte
2240 892 2477 973 scripta
2524 898 2692 963 sunt,
2735 896 2800 951 et
2849 908 2992 971 quae
3040 890 3168 951 Deo
3207 896 3271 952 et
3321 906 3463 969 quae

1966 989 2213 1052 homini
2245 989 2503 1072 propria
2532 996 2702 1063 sunt,
2736 987 2904 1051 sicut
2929 987 3224 1070 superius
3265 985 3462 1048 mani·
3515 995 3752 1047 lib-nart-

1968 1086 2316 1149 festabatur
2367 1104 2381 1148 ε
2432 1094 2678 1169 utputa,
2729 1086 2898 1168 quod
2947 1085 3163 1149 omnia
3210 1083 3462 1147 condita
3487 1074 3753 1181 “gau-¹,

1968 1192 2119 1247 sunt
2155 1185 2218 1246 in
2263 1184 2441 1266 ipso;
2473 1191 2556 1257 et,
2589 1184 2944 1266 Antequam
2987 1181 3306 1245 Abraham
3347 1181 3463 1244 fie-
3489 1190 3557 1231 ¹⁶·

1970 1290 2087 1357 ret,
2120 1301 2239 1363 ego
2267 1300 2443 1362 sum3
2475 1290 2538 1345 et
2569 1282 2770 1345 multa
2795 1302 2936 1365 quae
2965 1283 3260 1344 humanae
3291 1288 3463 1343 natu·
3487 1251 3754 1357 'g2“”¹'‘'¹¹¹'

1972 1399 2056 1443 rae
2097 1398 2226 1443 non
2264 1388 2654 1463 competunt.
2686 1380 3000 1463 Amplius,
3033 1380 3169 1443 haec
3207 1378 3460 1462 positio,

1971 1478 2424 1543 incarnationis
2473 1479 2806 1542 veritatem
2855 1478 3040 1541 tollit.
3086 1476 3466 1549 Inhabitatio

1972 1579 2147 1641 enim
2191 1580 2302 1642 Dei
2349 1580 2412 1641 in
2458 1579 2740 1653 homine,
2773 1578 3124 1642 incarnatio
3167 1576 3294 1640 dici
3337 1594 3466 1639 non

1972 1685 2180 1762 potest
2215 1696 2228 1741 :
2261 1678 2502 1759 alioqui
2541 1677 2910 1760 frequenter
2946 1675 3027 1739 ab
3067 1675 3466 1739 institutione

1974 1777 2196 1839 mundi
2243 1776 2607 1839 incarnatus
2651 1775 2880 1838 fuisset
2922 1776 3108 1837 Deus.
3143 1773 3466 1855 Scriptum

260 1894 320 1931 va,
350 1868 465 1941 ait,
518 1869 639 1943 Qui
696 1872 975 1935 adhaeret
1031 1872 1183 1947 Deo,
1236 1892 1401 1935 unus
1450 1871 1715 1953 spiritus
1762 1878 1860 1933 est
1896 1874 1943 1936 B
1972 1882 2069 1938 est
2094 1894 2370 1957 namque
2405 1893 2420 1937 τ
2453 1876 2576 1937 Vos
2605 1874 2759 1937 estis
2794 1874 3110 1955 templum
3148 1872 3260 1935 Dei
3292 1869 3464 1949 vivi;
3520 1886 3554 1930 u
3580 1886 3758 1939 coms.

1972 1982 2037 2037 et
2098 1973 2254 2036 aiibi
2319 1991 2332 2037 :
2392 1973 2702 2049 Quoniam
2759 1972 3132 2035 inhabitabo
3191 1972 3256 2034 in
3313 1969 3460 2032 iuis.
3495 1951 3750 2063 “ia-m.-

1972 2074 2192 2155 Neque
2265 2072 2674 2153 singularitas
2739 2070 3046 2153 plenioris
3114 2069 3332 2150 gratiae
3397 2067 3464 2130 in
3497 2075 3595 2119 Lev-
3632 2089 3748 2129 xm,

1973 2170 2245 2244 Christe,
2293 2169 2538 2233 salvare
2579 2177 2788 2252 potest
2829 2186 3047 2231 veram
3087 2165 3465 2229 incarnatio·
3494 2141 3562 2181 ¹²·

1970 2288 2141 2331 nem.
2175 2269 2346 2331 ‘Nam
2396 2268 2596 2349 magis
2651 2275 2714 2331 et
2771 2268 2986 2329 minus
3041 2283 3172 2328 non
3222 2264 3470 2326 variant

1970 2366 2276 2448 speciem.
2321 2367 2538 2447 ltaque
2589 2365 2654 2426 in
2707 2364 3036 2426 nativitate
3075 2362 3308 2426 Christi
3355 2380 3468 2423 seu

1970 2464 2392 2547 conceptione
2472 2470 2776 2535 materna,
2837 2460 2928 2523 nil
2994 2461 3146 2523 novi
3203 2458 3470 2522 accidis-

1969 2570 2085 2637 set,
2122 2580 2332 2643 neque
2373 2562 2541 2623 Deus
2581 2560 2950 2622 incarnatus
2987 2564 3154 2621 esset
3187 2574 3201 2619 :
3236 2557 3303 2619 in
3345 2575 3472 2638 quo

1967 2669 2182 2725 tamen
2245 2659 2592 2723 christiana
2653 2658 2878 2739 religio
2938 2656 3271 2739 potissime
3330 2655 3473 2718 fun-

1964 2760 2170 2822 datur.

2044 2857 2291 2931 Adhuc,
2324 2857 2494 2939 quod
2539 2854 2777 2917 facturn
2825 2861 2924 2917 est
2968 2853 3238 2935 aliquid,
3269 2860 3369 2916 est
3406 2853 3467 2915 id

1964 2957 2134 3038 quod
2167 2956 2380 3038 ipsum
2413 2954 2654 3017 factum
2685 2952 2997 3016 esttsicut
3024 2953 3194 3034 quod
3226 2950 3468 3015 factum

340 3048 646 3112 divinum
706 3050 917 3113 sortiri
978 3050 1307 3125 honorem,
1360 3059 1431 3113 ut
1478 3052 1853 3115 coadoretur
1882 3055 1927 3119 C
1962 3062 2060 3119 est
2114 3053 2328 3125 homo,
2385 3060 2482 3115 est
2540 3053 2749 3114 homo.
2804 3050 2924 3113 Sed
2981 3050 3262 3113 Verbum
3322 3067 3468 3113 caro

340 3148 496 3211 Deo.
518 3149 649 3211 Hoc
680 3148 955 3231 denique
984 3150 1245 3225 addunt,
1264 3151 1435 3232 quod
1468 3170 1667 3232 quum
1700 3152 1854 3214 unio

338 3248 470 3309 ista
500 3264 629 3311 non
662 3248 745 3310 sit
776 3248 843 3309 in
875 3248 1117 3310 unitate
1151 3248 1493 3329 personali,
1528 3249 1679 3311 hinc
1710 3268 1851 3331 quae

336 3346 645 3409 humanae
686 3354 927 3409 naturae
962 3345 1255 3419 attinent,
1289 3346 1418 3409 Deo
1457 3354 1567 3409 aut
1606 3347 1711 3409 Dei
1756 3348 1851 3411 Fi-

338 3444 435 3508 lio
466 3462 595 3507 non
629 3461 815 3526 posse
854 3452 1281 3525 congruenter
1319 3444 1597 3507 adscribi
1636 3446 1851 3508 existi-

340 3550 575 3605 mant:
610 3560 737 3605 non
782 3542 977 3617 enim,
1025 3543 1381 3605 secundum
1421 3559 1551 3617 θος,
1586 3544 1851 3607 concedi

340 3641 565 3715 debet,
614 3641 784 3723 quod
831 3641 999 3704 Deus
1056 3642 1139 3703 sit
1188 3650 1373 3705 natus
1432 3660 1509 3704 ex
1565 3642 1847 3723 Virgine,

340 3758 577 3823 passus
618 3746 729 3801 aut
770 3739 1083 3822 sepultus,
1130 3758 1332 3821 quum
1378 3739 1513 3803 haec
1554 3739 1850 3803 humanae

340 3845 591 3901 naturae
634 3837 971 3900 videantur
1011 3838 1437 3920 appropriata.

428 3936 553 3999 Sed
594 3943 815 3998 contra
860 3935 1024 3998 hanc
1072 3935 1591 3998 adinventionem
1638 3935 1850 3999 fidelis

342 4042 569 4098 noster
614 4034 869 4097 Boetius
917 4033 1237 4097 subtiliter
1282 4034 1651 4115 disputavit.
1692 4035 1847 4098 Nam

344 4133 709 4197 secundum
748 4150 915 4205 eam,
949 4132 1241 4213 sequitur
1277 4133 1447 4213 quod
1493 4134 1556 4194 in
1603 4134 1851 4197 Christo

1962 3152 2204 3215 factum
2236 3158 2350 3213 est.
2387 3151 2463 3213 Et
2504 3150 2766 3232 planum
2810 3148 2978 3230 quod
3020 3148 3124 3211 hic
3164 3166 3310 3229 pars
3351 3165 3466 3229 pro

1961 3260 2095 3314 toto
2153 3249 2434 3331 ponitur,
2497 3266 2644 3311 caro
2700 3246 2948 3309 scilicet
3005 3264 3122 3328 pro
3179 3245 3458 3308 homine.

1962 3351 2127 3412 Deus
2159 3363 2310 3427 ergo
2339 3346 2532 3409 homo
2560 3345 2766 3408 factus
2797 3351 2919 3407 est:
2940 3351 3038 3407 est
3067 3360 3217 3424 ergo
3247 3344 3458 3406 homo.

1962 3447 2083 3511 Sed
2116 3466 2256 3529 quae
2290 3444 2707 3527 personaliter
2734 3443 3035 3505 distincta
3065 3448 3236 3517 sunt,
3257 3460 3456 3504 unum

1962 3546 2041 3608 de
2070 3545 2196 3607 alio
2237 3543 2362 3605 dici
2406 3560 2533 3605 non
2581 3548 2800 3623 potest„
2837 3540 3010 3603 Plato
3051 3558 3288 3621 nempe
3331 3556 3458 3601 non

1962 3651 2059 3707 est
2109 3642 2350 3705 Cicero.
2402 3640 2612 3703 Palam
2671 3647 2768 3702 est
2824 3658 2995 3719 ergo,
3047 3638 3218 3719 quod
3277 3637 3330 3699 si
3391 3637 3456 3699 in

1963 3742 2214 3806 Christo
2256 3741 2341 3801 sit
2377 3739 2502 3801 alia
2543 3756 2814 3820 persona
2846 3737 3036 3799 Verbi
3075 3743 3138 3798 et
3180 3734 3303 3799 alia
3345 3735 3456 3799 ho-

1962 3839 2179 3911 minis,
2224 3837 2360 3900 haec
2400 3854 2548 3898 vera
2595 3852 2724 3898 non
2771 3840 3005 3907 essent,
3042 3834 3208 3895 Deus
3256 3832 3458 3894 incar-

1962 3945 2149 3999 natus
2207 3942 2324 4009 est,
2375 3941 2461 4008 et,
2516 3932 2682 3995 Deus
2729 3940 2826 3994 est
2883 3932 3091 3995 homo.
3145 3930 3225 3992 At
3278 3948 3452 4005 ver0,

1961 4054 2164 4118 quum
2233 4050 2504 4115 persona
2569 4030 2760 4093 Verbi
2832 4037 2896 4092 et
2966 4047 3239 4111 persona
3309 4030 3454 4110 puri

1962 4132 2242 4197 hominis
2286 4130 2539 4193 infinite
2583 4129 2820 4191 distent
2859 4128 2924 4189 in
2969 4135 3194 4189 natura
3238 4146 3312 4189 ac
3359 4126 3454 4187 di-

346 4234 490 4297 sint
532 4233 672 4295 duae
717 4248 1003 4313 personae
1057 4248 1071 4292 :
1114 4229 1436 4304 videlicet,
1488 4231 1847 4295 inhabitans
1878 4232 1928 4295 D
1959 4232 2220 4314 gnitate,
2263 4230 2315 4292 si
2361 4246 2486 4291 non
2533 4235 2630 4291 est
2674 4227 2738 4289 in
2789 4226 3116 4290 identitate
3167 4243 3454 4308 personae

342 4330 659 4403 Verbum,
708 4338 773 4393 et
817 4329 1011 4392 homo
1066 4327 1239 4391 illius
1286 4330 1619 4412 templum.
1672 4330 1846 4404 Quod

343 4437 569 4493 autem
608 4436 705 4491 est
746 4428 887 4491 duae
934 4443 1243 4509 personae,
1285 4445 1415 4490 non
1467 4436 1563 4490 est
1606 4428 1847 4510 aliquid

346 4546 559 4591 unum
592 4534 695 4589 :et
720 4544 833 4609 per
862 4543 1261 4607 consequens
1294 4526 1505 4609 ipsum
1538 4525 1697 4588 nihil
1728 4534 1841 4589 est.

344 4626 485 4689 Ens
531 4642 809 4707 namque
857 4631 923 4687 et
968 4643 1169 4687 unum
1231 4631 1727 4703 convertuntur-3
1786 4634 1847 4687 et

341 4724 527 4808 quod
570 4723 654 4786 ab
700 4723 845 4786 aliis
892 4723 1269 4786 distinctum
1326 4729 1442 4797 est,
1492 4724 1851 4787 necessario

342 4842 557 4887 unum
600 4830 715 4885 est.
759 4823 1083 4893 Praeterea‚
1128 4840 1201 4884 ea
1241 4840 1383 4903 quae
1426 4820 1853 4885 affectualiter

342 4940 469 4985 seu
500 4920 899 4982 voluntatum
930 4919 1271 4981 concordia
1298 4937 1497 4981 unum
1528 4927 1700 4993 sunt,
1726 4939 1849 4984 non

340 5018 735 5100 simpliciter
790 5035 993 5080 unum
1051 5024 1241 5095 sunt3
1292 5036 1501 5098 neque
1550 5036 1693 5099 quae
1740 5019 1851 5081 uni

342 5116 769 5190 conveniunt,
799 5115 981 5178 alteri
1013 5122 1260 5197 queunt
1290 5116 1652 5179 convenire.
1680 5117 1853 5179 Unde

346 5216 507 5279 licet
536 5216 613 5277 de
644 5214 783 5277 viro
810 5222 875 5276 et
906 5213 1175 5277 muliere
1206 5212 1517 5296 scriptum
1548 5214 1653 5290 sit,
1686 5216 1855 5298 quod

52 5334 195 5380 um.
212 5340 315 5391 1‚a.
344 5315 486 5398 jam
518 5332 645 5377 non
674 5320 825 5376 sunt
852 5312 1125 5388 duo,sed
1154 5330 1278 5374 una
1305 5330 1469 5389 caro,
1484 5332 1611 5377 non
1645 5321 1855 5377 tamen

1961 4330 2114 4393 unio
2142 4326 2334 4391 Verbi
2366 4345 2515 4389 cum
2557 4324 2820 4388 homine
2859 4322 3046 4397 facta,
3083 4324 3284 4386 multo
3323 4342 3454 4386 am-

1960 4426 2131 4509 plius
2161 4424 2752 4489 diversificarentur
2780 4423 2846 4484 in
2877 4422 3126 4485 Christo
3164 4422 3456 4504 supposi-

1962 4534 2097 4589 tum
2144 4524 2338 4587 Verbi
2381 4530 2445 4585 ct
2489 4521 2788 4595 hominis,
2834 4540 3026 4603 quam
3070 4521 3352 4583 hominis
3394 4528 3459 4583 et

1962 4624 2160 4687 leonis
2209 4639 2223 4684 :
2270 4622 2460 4685 homo
2504 4620 2678 4683 enim
2722 4627 2786 4681 et
2828 4618 2928 4680 leo
2971 4618 3164 4681 unius
3204 4618 3458 4700 generis

1960 4722 2209 4804 species
2259 4727 2428 4794 sunt,
2482 4736 2608 4781 non
2657 4724 2870 4780 autem
2927 4717 3092 4779 Deus
3134 4724 3200 4779 et
3238 4717 3452 4791 homo.

1958 4824 2086 4886 Nec
2116 4820 2335 4902 gratiae
2381 4818 2711 4901 plenitudo
2751 4817 2903 4879 facit
2941 4815 3453 4881 convenientiam

1961 4920 2174 4989 talem,
2207 4937 2333 4999 qua
2363 4935 2564 4979 unum
2602 4916 2680 4977 de
2717 4914 2916 4977 altero
2955 4915 3275 4977 enuntiari
3316 4933 3459 4997 pos-

1960 5018 2065 5091 sit,
2124 5017 2250 5079 nisi
2315 5014 2770 5096 metaphorice,
2831 5014 3151 5094 quomodo
3207 5014 3452 5076 dictum

1962 5123 2059 5179 est
2106 5132 2120 5176 :
2168 5115 2348 5177 Petra
2389 5121 2602 5175 autem
2645 5118 2778 5175 erat
2823 5111 3129 5175 Christus.
3176 5111 3456 5186 Qualiter
3485 5138 3499 5181 1
3527 5138 3744 5187 c0r,2,;.

1962 5215 2158 5297 igitur
2188 5212 2400 5276 dicere
2431 5211 2640 5295 potuit
2667 5211 2851 5274 homo
2879 5210 2988 5273 ille
3018 5210 3128 5293 qui
3157 5219 3255 5275 est
3278 5212 3456 5275 Jesus
3508 5273 3658 5317 Ioum
3693 5285 3720 5316 ι

1965 5313 2276 5387 ChristuS,
2323 5311 2453 5392 Ego
2489 5318 2552 5371 et
2589 5310 2768 5371 Pater
2815 5328 3016 5373 unum
3065 5314 3331 5373 sumus?
3368 5318 3453 5387 et,
3483 5340 3551 5381 ιο,
3664 5305 3674 5317 ’
3725 5302 3739 5324 ’
