4300 6259
498 1951 581 1992 art.
613 1959 696 1988 xxv

465 2021 593 2052 xxvut
609 2013 653 2050 et
677 2022 712 2050 s.

476 3909 697 3964 p.274A0t
708 3921 746 3950 a.

753 461 874 529 278

1317 483 1396 532 DE
1439 482 1666 530 mmmm
1709 480 2092 529 CHRIS'HANAE
2134 479 2439 537 TummAE,
2484 480 2661 527 LIBER
2702 481 2742 527 1.
2773 499 2852 508 -·
2891 482 3031 528 ART.
3078 481 3295 528 XXXVII

753 657 948 713 tatem
1011 650 1268 715 infinite
1326 649 1795 734 superexcellit.
1859 650 1928 711 In
1995 656 2245 711 tantum
2278 648 2327 709 A
2361 667 2552 730 agens
2596 657 2907 730 quantum
2954 650 3020 712 in
3060 670 3127 714 se
3172 658 3269 714 est
3308 670 3437 714 non
3484 668 3699 732 agere,
3751 647 3876 712 sed

751 755 968 811 tamen
1026 768 1238 812 rerum
1290 749 1558 812 effluxio
1603 768 1640 810 a
1689 749 1897 830 primo
1945 747 2251 810 naturalis

755 853 872 921 est,
895 849 1065 929 quod
1095 848 1326 911 divinae
1356 856 1597 910 naturae
1627 846 2078 909 substantiales
2109 864 2250 927 per-

755 943 1086 1018 fectiones»,
1137 953 1206 1007 ut
1254 953 1404 1007 sunt
1446 965 1606 1019 esse,
1659 945 1876 1008 vivere
1918 951 1982 1006 et
2023 961 2249 1024 cogno-

755 1061 952 1118 scere,
1012 1062 1112 1106 res
1179 1051 1402 1106 creatae
1472 1043 1872 1126 participant.
1937 1043 2056 1104 Sed
2115 1043 2249 1104 haec

756 1141 1157 1224 participatio
1187 1161 1396 1224 neque
1429 1143 1493 1204 in
1524 1161 1756 1224 genere
1787 1160 1995 1223 neque
2037 1140 2250 1222 specie

756 1259 904 1303 cum
942 1240 1158 1303 divina
1197 1247 1424 1302 natura
1467 1241 1919 1313 communicat,
1955 1239 2064 1302 sed
2104 1257 2249 1300 ana-

757 1337 922 1419 logia
965 1339 1312 1401 dumtaxat.

833 1437 1128 1519 Amplius
1155 1445 1394 1512 autem,
1429 1437 1969 1518 quemadmodum
2003 1455 2254 1500 emana-

754 1535 995 1598 tionem
1029 1536 1468 1599 universorum
1489 1555 1524 1596 a
1545 1553 1800 1599 summo
1820 1537 1947 1598 Deo
1975 1543 2038 1597 et
2069 1535 2251 1609 ideis,

753 1633 1058 1696 Platonici
1089 1634 1494 1697 essentialem
1541 1634 1986 1696 emicationem
2029 1641 2092 1695 et
2136 1633 2257 1695 for-

759 1732 992 1794 malem
1026 1732 1576 1813 participationem
1612 1731 2021 1814 appellabant
2049 1732 2140 1811 (et
2180 1731 2257 1793 de

2360 747 2769 810 uniformiter
2810 749 2989 830 agit),
3031 749 3113 812 ob
3158 750 3219 812 id
3261 750 3477 831 igitur,
3524 749 3699 832 quod
3750 765 3881 829 per

2359 845 2803 907 necessitatem
2852 852 3094 910 naturae
3140 847 3291 927 agit,
3334 865 3461 910 non
3501 847 3628 908 nisi
3668 845 3879 907 unius

2359 942 2632 1005 effectus
2677 951 2884 1025 potest
2920 963 3061 1007 esse
3101 945 3391 1027 proxima
3438 963 3648 1009 causa.
3694 943 3879 1006 Ideo·

2361 1061 2485 1124 que
2514 1042 2839 1105 Avicenna
2868 1061 2997 1104 non
3028 1043 3152 1105 nisi
3192 1043 3465 1126 primam
3508 1041 3885 1122 intelligen-

2360 1141 2514 1202 tiam
2544 1141 2753 1203 aiebat
2783 1142 3149 1204 immediate
3179 1161 3216 1204 a
3246 1142 3455 1225 primo
3485 1141 3879 1223 procedere:

2363 1240 2524 1301 dixit
2570 1240 2742 1302 enim
2787 1241 3069 1322 primum
3115 1259 3230 1322 per
3271 1240 3721 1303 necessitatem
3760 1257 3887 1300 na-

2363 1344 2521 1401 turae
2564 1356 2705 1400 eam
2750 1339 3121 1420 producere.
3156 1339 3332 1411 Quod
3376 1356 3529 1401 vero
3570 1339 3665 1400 sic
3709 1337 3881 1418 agit,

2366 1454 2491 1498 non
2534 1444 2631 1499 est
2679 1436 2952 1499 liberum
3002 1455 3214 1517 agens.
3260 1437 3444 1499 Actio
3485 1436 3731 1519 quippe
3769 1442 3887 1497 est

2366 1534 2681 1616 suppositi
2710 1543 3012 1616 tanquam
3044 1534 3185 1615 ejus
3216 1535 3385 1616 quod
3416 1535 3565 1615 agit,
3590 1541 3655 1596 et
3683 1541 3883 1596 natu-

2365 1651 2451 1694 rae
2481 1639 2782 1714 tanquam
2822 1633 2962 1713 ejus
3001 1633 3171 1713 quod
3201 1640 3299 1694 est
3327 1633 3487 1696 ratio
3525 1639 3589 1694 et
3631 1631 3884 1714 princi-

2368 1730 2549 1812 pium
2607 1749 2733 1812 quo
2792 1731 3039 1811 agendi.
3094 1731 3257 1792 Dum
3307 1748 3457 1811 ergo
3505 1737 3733 1792 natura
3788 1729 3881 1790 ad

757 1830 1205 1909 hujuscemodi
1247 1831 1581 1912 positionis
1631 1830 2076 1912 reprobatione
2121 1830 2255 1910 jam
2294 1835 2340 1896 B
2367 1829 2683 1909 agendum
2715 1828 3078 1892 necessitati
3109 1829 3419 1908 subjacet,
3440 1847 3633 1910 agens
3665 1827 3885 1889 libere

699 1959 730 1998 ι,
757 1935 900 2002 ante
933 1929 996 1989 in
1031 1928 1248 1990 multis
1277 1929 1563 1990 articulis
1593 1928 1976 2010 disputatum
2005 1929 2142 2009 est),
2164 1926 2260 1989 fu-

756 2032 945 2088 erunt
977 2025 1241 2107 proinde
1280 2026 1564 2107 quidam,
1600 2027 1709 2107 qui
1753 2045 1966 2087 rerum
2008 2044 2258 2107 proces·

757 2122 1004 2185 sionem
1042 2142 1079 2184 a
1116 2123 1349 2204 prim0,
1399 2141 1525 2186 non
1577 2124 1836 2206 proprie
1886 2123 2254 2198 factionem,

759 2221 869 2282 sed
903 2220 1230 2282 dumtaxat
1262 2221 1592 2283 formalem
1627 2221 2102 2301 generationem
2147 2239 2258 2284 no-

764 2318 1130 2379 minandam
1172 2318 1500 2380 finxerunt
1532 2337 1545 2381 :
1577 2337 1654 2381 ex
1701 2337 1967 2401 quorum
2001 2319 2257 2401 positio-

760 2435 841 2478 ne
872 2415 1132 2479 haeresis
1160 2423 1296 2479 orta
1324 2425 1442 2478 est.
1476 2417 1786 2480 Dixerunt
1814 2436 2068 2499 nempe,
2101 2418 2194 2479 sic
2222 2437 2259 2479 a

760 2521 984 2576 natura
1014 2514 1216 2576 divini
1249 2514 1512 2576 luminis
1545 2514 1918 2578 naturaliter
1945 2515 2255 2577 mundum

758 2610 1050 2685 effluere,
1085 2619 1154 2673 ut
1182 2631 1220 2673 a
1263 2612 1402 2675 luce
1443 2612 1678 2686 radiuS,
1718 2620 1782 2674 et
1825 2633 1862 2674 a
1907 2612 2114 2676 calore
2160 2632 2260 2675 ca·

758 2709 873 2772 lor.
919 2710 994 2771 Et
1032 2718 1128 2772 est
1178 2711 1408 2792 positio
1459 2711 1578 2773 ista
1628 2711 1856 2793 partim
1908 2712 2254 2785 Platonem,

759 2811 992 2891 partim
1039 2810 1430 2873 Avicennam
1474 2812 1902 2892 sequentium.
1938 2810 2029 2874 Ob
2072 2812 2257 2892 cujus

758 2907 1279 2983 destructionem,
1342 2908 1670 2991 symbolus
1737 2909 1892 2971 fidei
1950 2909 2257 2971 factorem

2367 1944 2493 1988 non
2536 1926 2687 2007 agit,
2721 1926 2829 1988 sed
2876 1926 3352 2000 inevitabiliter,
3396 1945 3595 2007 quum
3640 1932 3887 1987 natura

2366 2025 2509 2087 talis
2548 2025 2969 2087 necessariam
3020 2033 3085 2087 et
3131 2024 3681 2107 indispergibilem
3725 2041 3887 2084 cau-

2367 2122 2631 2185 salitatis
2672 2122 3111 2186 habitudinem
3150 2123 3381 2186 habeat
3414 2123 3491 2184 ad
3531 2121 3875 2184 effectum.

2368 2221 2612 2302 Nempe
2664 2220 2861 2284 libere
2909 2221 3059 2301 agit,
3102 2221 3211 2303 qui
3264 2239 3453 2283 causa
3491 2221 3590 2282 sui
3632 2228 3695 2282 et
3738 2236 3877 2280 non

2368 2319 2629 2381 alterius
2671 2319 2821 2400 agit,
2868 2320 3019 2381 dum
3065 2319 3365 2382 videlicet
3406 2339 3595 2381 causa
3635 2317 3875 2398 agendi

2370 2425 2467 2480 est
2496 2418 2560 2479 in
2591 2426 2836 2499 agente.
2872 2418 2934 2481 Si
2967 2418 3162 2499 igitur
3199 2425 3297 2480 est
3332 2437 3524 2499 agens
3564 2416 3881 2479 naturali-

2370 2523 2467 2577 ter
2515 2534 2801 2590 causanS,
2854 2534 2981 2578 non
3030 2522 3127 2578 est
3174 2517 3387 2598 ipsum
3434 2533 3627 2596 agens
3677 2533 3885 2576 causa

2371 2615 2470 2676 sui
2502 2634 2661 2696 pure
2691 2622 2755 2676 et
2784 2615 3186 2696 simpliciter,
3219 2615 3329 2677 sed
3361 2632 3549 2677 causa
3580 2631 3879 2676 necessa·

2373 2713 2479 2776 riae
2509 2712 2902 2775 habitudinis
2933 2714 3008 2775 ad
3040 2712 3345 2776 effectum
3380 2721 3443 2776 et
3472 2712 3554 2774 ob
3584 2730 3883 2774 necessa-

2370 2813 2529 2873 riam
2563 2811 3120 2873 concomitantiam
3162 2812 3353 2874 unius
3392 2811 3469 2873 ad
3509 2809 3702 2873 aliud.
3738 2810 3879 2872 Hoc

2370 2909 2611 2990 quippe
2657 2909 2842 2970 modo
2886 2909 3086 2971 Deum
3130 2927 3315 2990 agere
3359 2909 3424 2971 in
3468 2927 3681 2970 rerum
3728 2925 3879 2990 pro·

760 3005 1050 3069 omnium
1080 3006 1360 3088 appellat
1393 3007 1604 3069 Deum.
1623 3006 1731 3068 Est
1759 3007 1998 3089 quippe
2031 3007 2261 3088 positio
2297 3011 2339 3075 C
2370 3007 2668 3069 ductione
2698 3007 2823 3068 dici
2856 3025 2979 3069 non
3016 3015 3240 3088 potest.
3258 3006 3559 3069 Liberum
3589 3023 3877 3088 namque

760 3103 896 3165 haec
936 3102 1093 3165 falsa
1133 3103 1418 3178 omnin0,
1452 3111 1516 3166 et
1550 3123 1586 3165 a
1623 3104 2028 3186 philosophia
2067 3105 2258 3168 etiam

760 3201 984 3264 aliena.
1020 3202 1226 3275 Quum
1257 3202 1430 3264 enim
1465 3202 1747 3284 primum
1778 3221 1970 3283 agens
2001 3204 2083 3265 sit
2115 3204 2260 3265 infi-

765 3300 913 3363 nitae
962 3317 1220 3380 prorsus
1267 3299 1701 3374 fecunditatiS,
1751 3309 1812 3363 et
1862 3301 2259 3363 sublimitate

766 3397 1022 3460 infinita
1078 3415 1268 3460 omne
1329 3400 1684 3461 secundum
1744 3401 2255 3481 supergredienS,

765 3495 1029 3576 cogitari
1070 3513 1196 3558 non
1239 3503 1444 3578 potest
1482 3497 1802 3578 quomodo
1840 3497 2013 3559 aliud
2057 3499 2259 3560 deter-

768 3593 1081 3655 minatum
1112 3594 1177 3655 in
1210 3594 1601 3676 perfectione
1640 3603 1704 3656 et
1742 3595 1956 3676 specie
2001 3595 2080 3658 ab
2120 3597 2261 3678 ipso

767 3691 1072 3773 prodiret,
1105 3691 1228 3754 nisi
1261 3693 1398 3774 ipse
1429 3693 1836 3756 donationem
1881 3713 2061 3756 suam
2103 3713 2262 3775 prae-

771 3788 1105 3869 intelligat,
1138 3796 1202 3852 et
1231 3789 1309 3852 ad
1341 3791 1756 3871 capacitatem
1790 3791 1959 3853 finiti
1989 3791 2263 3854 effectus

773 3888 1254 3951 determinando
1299 3888 1549 3962 limitet,
1592 3896 1663 3950 ut
1706 3890 1842 3952 vult
1883 3890 2259 3953 Avicebron.

767 3984 895 4050 Nec
927 3994 1094 4048 esset
1135 3986 1292 4048 ratio
1337 4005 1451 4048 cur
1489 3994 1680 4050 tantae
1720 3988 2132 4069 perfectionis
2173 4007 2265 4051 es·

766 4093 863 4147 set
901 4092 1126 4146 natura
1170 4103 1496 4158 emananS,
1540 4086 1754 4167 potius
1801 4105 1993 4168 quam
2037 4086 2263 4168 ampli-

2370 3113 2486 3179 est,
2520 3113 2591 3166 ut
2618 3105 2707 3167 ait
2744 3106 3134 3180 AristoteleS‚
3170 3106 3339 3187 quod
3380 3113 3477 3168 est
3514 3123 3705 3167 causa
3740 3105 3871 3167 sui.

2373 3203 2653 3266 Primum
2681 3210 2895 3265 autem
2937 3222 3129 3285 agens
3173 3210 3270 3266 est
3309 3203 3639 3285 potissime
3678 3221 3878 3265 causa

2372 3301 2493 3377 sui,
2526 3321 2726 3382 quum
2758 3301 2833 3362 ad
2876 3301 3126 3364 nullum
3167 3301 3595 3364 secundorum
3638 3299 3877 3364 habeat

2372 3400 2861 3481 dependentiam
2932 3419 3045 3462 seu
3117 3400 3541 3463 necessariam
3612 3399 3871 3462 relatio-

2372 3516 2519 3559 nem
2547 3513 2560 3558 :
2587 3498 2737 3578 quia
2764 3497 2885 3559 sibi
2920 3516 3034 3579 per
3064 3517 3151 3570 se,
3185 3517 3262 3560 ex
3293 3516 3382 3571 se,
3416 3505 3481 3560 et
3510 3498 3869 3560 secundum

2372 3615 2461 3670 se,
2486 3603 2581 3658 est
2610 3595 2799 3677 plene
2831 3594 3405 3677 sufficienS,quum
3436 3596 3517 3658 sit
3542 3596 3643 3677 (ut
3672 3615 3871 3677 supra

2372 3701 2699 3756 ostensum
2741 3693 2866 3773 est)
2908 3692 3287 3775 simpliciter
3326 3693 3391 3755 in
3431 3712 3498 3755 se
3542 3694 3683 3776 ipso
3724 3712 3869 3776 per·
3898 3729 4000 3766 m,
4025 3738 4101 3766 n,

2374 3791 2632 3854 fectum.
2657 3791 2940 3854 Primum
2971 3809 3120 3871 ergo
3148 3792 3410 3854 omnino
3440 3792 3712 3854 liberum
3744 3799 3865 3866 est,

2370 3898 2503 3952 tam
2554 3890 2619 3951 in
2668 3891 2936 3952 essendo
2987 3908 3177 3971 quam
3228 3890 3293 3951 in
3352 3891 3614 3970 agendo.
3664 3891 3868 3972 Agere

2374 3989 2612 4052 etenim
2670 3988 2962 4069 sequitur
3016 3989 3095 4051 ad
3150 4007 3309 4062 esse,
3362 4008 3479 4053 nec
3538 3990 3605 4053 in
3654 3991 3867 4072 primo

2374 4086 2892 4150 diversificantur
2933 4106 3072 4150 esse
3115 4094 3179 4149 et
3218 4105 3423 4168 agere.

764 4183 892 4245 oris
925 4181 1025 4245 vel
1057 4182 1322 4244 minoris
1347 4182 1544 4244 :nihil
1577 4202 1852 4264 namque
1883 4184 2268 4246 determinat
2294 4189 2343 4251 D
2452 4186 3017 4258 Praeterea,natura
3044 4187 3403 4249 necessario
3430 4203 3865 4268 operanS,non

762 4299 831 4343 se
880 4279 1094 4361 ipsum
1142 4280 1220 4342 ad
1269 4278 1752 4343 substantialem
1801 4281 2264 4362 perfectionem

763 4385 826 4441 et
874 4377 1177 4460 speciem.
1223 4376 1342 4438 Sed
1390 4377 1584 4457 hujus
1634 4379 1972 4460 positionis
2022 4380 2265 4444 falsitas

761 4475 1080 4559 posterius
1113 4473 1354 4556 patebit
1385 4474 1684 4556 ampliuS,
1719 4477 1873 4538 dum
1903 4478 1981 4540 de
2014 4477 2265 4541 liberta-

759 4583 824 4638 te
854 4573 1048 4658 primi
1077 4572 1322 4653 agentis
1352 4581 1416 4635 et
1445 4573 1794 4655 exemplari
1823 4575 2262 4641 universorum

760 4674 1005 4736 ratione
1049 4672 1115 4734 in
1159 4672 1300 4754 ipso
1341 4679 1581 4752 agetur.

1068 4899 1556 4965 ARTICULUS
1603 4899 1952 4964 XXXVII.

988 5024 1084 5083 De
1143 5022 1443 5080 libertate
1491 5022 1709 5098 primi
1763 5023 2037 5098 ayentiS.

770 5153 1200 5354 QUONIAM
1229 5163 1507 5245 denique
1539 5172 1764 5226 natura
1801 5171 1898 5227 est
1937 5165 2015 5227 ad
2055 5183 2259 5227 unum

935 5262 1263 5324 dumtaxat
1302 5262 1457 5342 (non
1506 5262 1678 5324 enim
1721 5269 1930 5345 potest
1967 5261 2255 5326 naturale

2374 4291 2471 4346 est
2502 4284 2565 4346 in
2595 4283 2837 4365 optima
2866 4283 2966 4346 sui
3003 4283 3419 4366 dispositione
3448 4284 3503 4346 si
3532 4303 3658 4348 non
3697 4293 3863 4366 agat,

2373 4402 2573 4464 quum
2624 4381 2715 4444 nil
2759 4381 2961 4464 possit
2998 4400 3225 4463 expers
3269 4382 3403 4445 fore
3440 4383 3711 4446 naturali
3749 4403 3867 4446 sua

2372 4479 2739 4562 operatione
2773 4496 2787 4541 t
2821 4479 2950 4542 imo
2981 4498 3098 4542 nec
3128 4498 3267 4542 esse
3313 4487 3519 4562 potest
3558 4481 3680 4544 nisi
3717 4500 3869 4564 ope-

2372 4586 2564 4642 retur.
2600 4578 2663 4641 Si
2698 4576 2889 4658 igitur
2918 4578 3199 4660 primum
3229 4597 3421 4660 agens
3451 4599 3567 4662 per
3595 4581 3871 4643 necessi-

2370 4684 2563 4739 tate-m
2624 4682 2856 4757 ageret,
2908 4694 3035 4738 non
3088 4675 3251 4739 bene
3299 4696 3367 4740 se
3414 4677 3677 4741 habere-t
3734 4696 3865 4741 non

2371 4774 2779 4857 producendo
2807 4773 2883 4835 ad
2916 4781 3112 4846 extra,
3148 4782 3409 4856 propter
3434 4776 3701 4838 inditam
3733 4797 3869 4841 suae

2370 4871 2667 4936 bonificae
2699 4878 2938 4936 naturae
2967 4873 3317 4935 naturalem
3350 4874 3872 4956 inseparabilem·

2369 4989 2495 5052 que
2552 4970 2627 5032 ad
2698 4969 3194 5032 diffundendum
3254 4990 3322 5034 se
3380 4973 3861 5054 proprietatem.

2366 5069 2585 5150 Itaque
2652 5067 2901 5130 bonitas
2965 5067 3403 5149 dispositionis
3461 5070 3663 5132 divini
3722 5090 3865 5135 esse

2367 5166 2603 5249 pendet
2632 5184 2746 5248 per
2767 5165 2962 5238 aliud,
2986 5173 3049 5228 et
3078 5184 3194 5247 per
3211 5167 3501 5230 ordinem
3531 5168 3607 5230 ad
3640 5187 3869 5232 secun-

2366 5263 2687 5327 dum.Hoc
2716 5271 2929 5326 autem
2961 5262 3195 5326 falsum
3214 5272 3309 5327 est
3330 5282 3343 5327 :
3365 5267 3668 5348 quoniam
3688 5287 3865 5332 nunc
