4300 6259
875 507 1002 571 228

1450 525 1873 571 ELEMENTATIO
1913 521 2311 568 THEOLOGKCA.
2357 537 2437 548 —··
2480 521 2557 565 DE
2600 518 2926 566 FRUCTIBUS
2970 519 3423 566 smfflwALlBus

885 693 1127 776 quippe
1168 700 1265 756 est
1305 692 1510 756 virtus
1556 691 1812 756 moralis
1857 690 2221 774 passionem
2267 689 2376 753 irae
2403 686 2455 750 A
2485 707 2612 770 qua
2640 688 2923 770 sequitur
2952 687 3187 751 mentis
3216 686 3647 770 tranquillitas
3685 688 3749 750 in
3796 705 3887 763 se,
3918 694 3978 750 et

883 790 1212 853 refrenans
1273 808 1289 853 z

880 896 981 952 est
1029 889 1157 953 irae.
1203 889 1432 953 Contra
1482 889 1742 952 delicias
1789 906 2042 970 quoque
2091 884 2376 949 carnales

587 1006 859 1060 autimas.
885 987 1180 1050 subditur
1225 988 1408 1050 tertia
1456 987 1782 1050 beatitudo
1835 1005 1848 1049 :
1899 986 2072 1048 Beati
2121 985 2235 1066 qui
2282 985 2377 1045 lu-

1352 791 1752 872 impatientia
1805 807 1958 852 vero
2015 788 2377 871 propinqua

881 1093 1032 1168 gent
1076 1102 1090 1148 :
1132 1105 1246 1148 sua
1287 1093 1396 1148 aut
1437 1085 1709 1149 aliorum
1753 1092 2012 1166 peccata
2053 1082 2373 1156 deflende,
2426 1161 2440 1173 ·

880 1191 990 1246 aut
1026 1201 1104 1246 ex
1142 1183 1285 1246 aliis
1323 1183 1810 1247 rationabilibus
1848 1182 2102 1264 piisque
2141 1180 2371 1243 causiS.

880 1282 1206 1356 Praeterea‚
1238 1301 1318 1344 ne
1346 1283 1412 1344 in
1452 1281 1553 1344 his
1591 1281 1840 1343 actibus
1884 1280 2188 1343 virtuosis
2231 1277 2375 1341 effi-

879 1381 1128 1444 ciamur
1156 1380 1432 1454 remissi,
1455 1379 1693 1461 frigidi,
1718 1379 2169 1452 inconstantes,
2202 1377 2375 1440 addi-

661 1497 780 1543 Ibid.
808 1500 848 1542 ο.
878 1485 984 1540 tur
1027 1479 1351 1542 beatitudo
1394 1485 1618 1559 quarta
1659 1495 1672 1538 ε
1714 1477 1886 1539 Beati
1932 1477 2040 1558 qui
2085 1476 2379 1538 esuriunt

877 1583 944 1638 et
989 1576 1214 1638 sitiunt
1257 1576 1594 1656 justitiam.
1648 1575 1965 1649 Attamen,
2007 1593 2087 1636 ne
2130 1573 2199 1635 in
2238 1572 2377 1655 ipso

877 1675 1121 1737 zelante
1140 1674 1455 1755 justitiam
1489 1673 1885 1754 relinquatur
1914 1671 2372 1744 misericordia,

663 1790 783 1835 nia.
807 1793 847 1834 ⁷.
879 1791 1026 1836 mox
1092 1772 1382 1854 sequitur
1447 1772 1672 1854 quinta
1737 1770 2062 1834 beatitudo
2125 1789 2140 1832 ε
2201 1769 2375 1832 Beati

2486 787 2847 868 procuratio
2912 785 3087 869 pacis
3154 793 3347 868 atque
3406 786 3759 850 concordiae
3819 787 3980 849 inter

2486 885 2684 964 alios3
2737 886 2905 948 unde
2952 885 3227 967 septima
3276 883 3604 948 beatitudo
3650 884 3977 966 subjungi·

2484 991 2589 1044 tur
2622 1001 2635 1045 :
2669 983 2842 1045 Beati
2873 983 3426 1065 pacifici.Verum,
3459 1002 3659 1065 quum
3688 982 3975 1046 laboran·
3998 1003 4212 1056 uncias.

2482 1089 2580 1144 tes
2636 1100 2754 1165 pro
2803 1081 3076 1144 aliorum
3134 1081 3621 1144 concordatione
3676 1088 3739 1144 et
3799 1099 3973 1162 pace,

2486 1179 2686 1242 multa
2714 1179 2953 1242 soleant
2981 1179 3114 1261 pati
3140 1178 3542 1259 adversa,adj
3552 1179 3813 1260 ungitur
3842 1177 3979 1240 bea-

2484 1277 2688 1340 titudo
2737 1283 2957 1340 octava
3008 1295 3022 1339 :
3074 1277 3246 1340 Beati
3296 1276 3409 1359 qui
3466 1277 3975 1358 persecutionem
4002 1297 4172 1341 aaa.

2485 1376 2816 1457 patiuntur
2858 1383 3121 1456 propter
3159 1374 3497 1455 justitiam.

2563 1474 2779 1556 Itaque
2807 1472 3235 1536 beatitudines
3276 1473 3413 1535 istoe
3452 1481 3603 1535 sunt
3641 1480 3825 1535 actus
3865 1473 3980 1535 vir-

2484 1578 2805 1650 tutum3et
2834 1579 2906 1633 ut
2932 1571 3189 1634 videtur
3207 1570 3781 1652 quibusdam,sunt
3808 1579 3981 1633 actus

2486 1669 2938 1732 excellentium
2971 1668 3357 1751 (praesertim
3395 1668 3833 1749 heroicarum)
3868 1668 3985 1731 vir-

2485 1775 2719 1842 tutum,
2760 1786 2960 1850 quum
3005 1768 3335 1831 beatitudo
3373 1769 3456 1830 sit
3492 1767 3779 1850 operatio
3828 1767 3985 1850 opti-

877 1871 1342 1934 misericordeS.
1380 1870 1501 1933 Sed
1532 1889 1731 1952 quum
1763 1870 1928 1932 Deus
1967 1869 2375 1950 omnipotens
2403 1864 2450 1926 B
2487 1884 2609 1928 ma.
2643 1865 3037 1947 Adaptantur
3079 1866 3274 1927 etiam
3320 1866 3523 1928 donis.
3562 1865 3841 1928 Extense
3882 1885 3985 1928 au-

877 1969 1168 2033 cordium
1227 1969 1309 2030 sit
1368 1968 1708 2050 inspector,
1760 1986 1875 2029 nec
1935 1986 2013 2029 ex
2071 1966 2374 2048 operibus

877 2066 1232 2129 forinsecus
1277 2065 1579 2128 exhibitis
1617 2064 1943 2128 beatificet
1985 2082 2375 2147 quemquam

879 2164 1004 2226 nisi
1048 2164 1291 2245 puritas
1333 2163 1497 2225 adsit
1538 2163 1768 2235 cordiS,
1803 2169 1974 2224 recte
2014 2162 2379 2224 annectitur

663 2281 782 2326 ma.
811 2285 853 2325 e.
882 2268 1058 2324 sexta
1099 2260 1424 2324 beatitudo
1467 2277 1480 2322 :
1522 2260 1695 2322 Beati
1743 2259 1985 2323 mundo
2033 2260 2241 2323 corde.
2287 2260 2378 2322 Ex

2486 1973 2615 2026 tem
2686 1963 3026 2045 loquendo,
3100 1963 3403 2045 quaelibet
3466 1962 3633 2026 actio
3702 1963 3985 2028 virtuosa

2487 2068 2695 2145 potest
2723 2061 3049 2124 beatitudo
3078 2061 3315 2135 vocari,
3348 2069 3413 2124 et
3440 2068 3649 2143 potest
3686 2080 3983 2143 unaquae·

2486 2179 2611 2243 que
2657 2160 2821 2223 actio
2867 2160 3013 2223 talis
3060 2161 3139 2223 ad
3185 2160 3469 2242 aliquam
3513 2159 3980 2222 beatitudinum

2488 2257 2894 2340 praefatarum
2937 2258 3177 2321 reduci.

1494 2707 1638 2791 DE
1719 2705 2374 2793 FRUCTIBUS
2460 2703 3365 2791 SPIRITUALIBUS

1226 3047 1746 3113 PROPOSITIO
1796 3047 2018 3111 CLVI.

957 3242 1389 3309 Duodecim
1428 3241 1617 3306 sunt
1662 3238 1971 3305 fruetus
2016 3237 2068 3304 S
2074 3238 2371 3317 pti-itus

877 3342 976 3408 ab
1003 3339 1393 3421 apostolo
1423 3339 1828 3416 assignati.

958 3438 1135 3512 Quod
1164 3445 1282 3512 est,
1315 3437 1618 3520 quoniam
1662 3435 1909 3498 fructus
1957 3434 2233 3516 Spiritus
2278 3442 2373 3496 est

878 3535 1216 3600 delectatio
1281 3553 1393 3597 seu
1460 3533 1731 3596 dulcedo
1790 3533 1854 3595 in
1913 3539 2058 3595 actu
2116 3531 2372 3594 virtutis

792 3707 802 3716 ⁸
876 3634 1252 3707 consistens,
1285 3651 1397 3695 seu
1442 3632 1582 3713 ipsa
1618 3631 1783 3693 actio
1827 3631 2108 3692 virtuosa
2143 3629 2375 3710 jucun-

876 3734 976 3808 da,
1009 3751 1086 3796 ex
1116 3731 1317 3813 gratia
1346 3729 1619 3812 Spiritus
1651 3728 1864 3792 Sancti
1904 3728 2276 3810 procedenS,
2311 3737 2375 3790 et

875 3850 952 3894 ex
1009 3830 1240 3913 spiritu
1299 3827 1590 3891 rationali
1648 3826 1863 3889 elicita
1919 3833 1983 3888 et
2043 3826 2366 3907 producta.

873 3929 1033 3991 Hinc
1070 3926 1396 3990 distinctio
1433 3944 1504 3988 ac
1553 3943 1860 3986 numerus
1910 3922 2237 3985 fructuum
2285 3929 2373 3986 at-

872 4027 1222 4089 tenduntur
1253 4043 1447 4106 penes
1480 4023 1942 4085 ordinationem
1977 4029 2038 4083 et
2065 4021 2372 4103 tranquil-

855 4125 1175 4188 ·lationem
1209 4123 1439 4185 mentis
1472 4121 1537 4183 in
1567 4119 1724 4182 Deo.
1759 4120 1934 4193 Quod
1973 4120 2183 4200 primo
2223 4137 2368 4181 con-

2406 3041 2449 3104 C
2481 3041 2756 3104 tristitias
2786 3040 3005 3103 sedare
3046 3058 3121 3101 ac
3163 3039 3530 3102 reformare.
3564 3039 3836 3103 Patienti
3878 3039 3979 3102 de—

2484 3159 2661 3202 mum
2693 3138 3124 3202 necessarium
3152 3146 3249 3200 est
3276 3157 3357 3201 ne
3386 3157 3464 3200 ex
3496 3139 3801 3201 diuturna
3830 3138 3981 3200 dila-

2482 3239 2654 3301 tione
2698 3237 2851 3301 boni
2893 3237 3092 3319 optati
3131 3236 3511 3320 praemiique
3548 3238 3787 3320 sperati
3827 3237 3978 3318 deji-

2483 3336 2712 3399 ciatur:
2729 3335 2966 3398 idcirco
2988 3334 3250 3417 quintus
3276 3333 3519 3398 fructus
3544 3336 3979 3416 longanimitas

2483 3441 2908 3516 nuncupatur.
2953 3433 3215 3496 Interim
3258 3450 3515 3515 quoque
3556 3434 3744 3496 debet
3791 3435 3979 3498 homo

2483 3532 2832 3596 benevolus
2882 3550 3021 3594 esse
3068 3531 3146 3594 ad
3196 3531 3523 3613 proximos
3576 3550 3590 3593 ε
3643 3540 3979 3615 propterea

2484 3631 2731 3694 bonitas
2764 3630 3021 3711 ponitur
3049 3628 3296 3692 fructus
3328 3638 3787 3713 sextus;atque
3820 3631 3977 3693 hanc

2483 3729 2687 3810 ipsam
2719 3727 3232 3791 benevolentiam
3264 3745 3455 3809 opere
3487 3729 3789 3811 prosequi
3822 3737 3976 3792 tem-

2482 3844 2635 3908 pore
2683 3842 3010 3906 congruo:
3045 3825 3267 3906 sicque
3314 3825 3673 3906 benignitas
3718 3827 3979 3908 ponitur

2481 3925 2793 4006 septimus
2824 3922 3089 3986 fructus.
3126 3923 3249 3986 Sed
3286 3942 3404 3986 nec
3444 3942 3523 3985 ex
3570 3925 3977 4007 improbitate

2480 4031 2543 4085 et
2574 4021 3025 4103 ingratitudine
3055 4021 3325 4084 aliorum
3358 4021 3549 4084 debet
3577 4022 3763 4084 irasci
3790 4042 3805 4085 :
3828 4023 3979 4085 hinc

2480 4120 2899 4182 mansuetudo
2948 4119 3182 4182 dicitur
3231 4118 3479 4182 fructus
3528 4128 3788 4183 octavus
3804 4138 3823 4199 ;
3864 4140 3979 4184 nec

871 4223 1054 4304 tingit
1084 4240 1198 4302 per
1227 4217 1822 4282 dilectionemtideo
1849 4218 2096 4299 primus
2128 4217 2369 4280 fructus
2398 4219 2447 4281 D
2479 4217 2788 4300 proximis
2828 4218 2974 4281 dolo
3014 4235 3243 4280 nocere
3276 4234 3289 4278 :
3324 4216 3405 4280 ob
3445 4217 3563 4280 hoc
3599 4236 3806 4282 nonus
3847 4219 3978 4280 fru-

833 4371 845 4390 ‚
875 4321 1136 4404 ponitur
1165 4318 1413 4390 caritas,
1432 4317 1494 4378 id
1525 4323 1621 4378 est
1647 4315 1914 4377 actualis
1944 4316 2202 4377 dilectio
2230 4315 2365 4389 Dei,

876 4419 941 4481 in
973 4435 1100 4499 quo
1133 4415 1266 4479 solo
1307 4414 1597 4477 consistit
1631 4432 1783 4475 vera
1820 4432 1943 4495 pax
1986 4414 2232 4492 cordis3
2267 4414 2370 4476 de-

875 4517 1021 4578 inde
1068 4533 1184 4598 per
1231 4511 1630 4594 spiritualem
1677 4510 2162 4573 exsultationem
2210 4512 2367 4573 cari-

861 4615 985 4678 ·tati
1016 4631 1329 4676 annexam
1357 4628 1372 4672 ε
1397 4611 1547 4672 hinc
1578 4609 1897 4672 secundus
1929 4609 2175 4671 fructus
2213 4610 2367 4671 dici-

871 4723 976 4776 tur
995 4710 1322 4795 gaudium.
1341 4710 1414 4771 Et
1445 4727 1526 4772 ne
1554 4707 1860 4790 gaudium
1883 4707 2052 4770 istud
2073 4707 2369 4770 turbetur

870 4812 950 4875 ab
997 4811 1164 4884 aliis,
1207 4808 1436 4871 tertius
1477 4807 1724 4868 fructus
1763 4824 1884 4888 pax
1930 4804 2297 4867 nominatur
2348 4823 2362 4866 τ

775 4927 782 4936 ·
857 4930 992 4993 pax
1025 4925 1304 4989 namque
1345 4914 1441 4968 est
1467 4906 1771 4986 gaudium
1806 4903 2361 4985 imperturbatum.

863 5010 1208 5088 Quumque
1253 5003 1607 5066 inordinata
1651 5001 1910 5065 tristitia
1953 5001 2369 5083 tranquillita-

870 5107 917 5168 ti
948 5104 1180 5167 mentis
1221 5101 1568 5183 plurimum
1605 5100 1791 5175 obsit,
1827 5108 2087 5182 quartus
2125 5099 2367 5162 fructus

870 5201 1179 5288 patientia
1226 5198 1594 5273 collocatur,
1641 5199 1827 5279 cujus
1871 5204 1968 5260 est
2005 5199 2367 5280 passionem

621 4339 773 4383 Galat.
801 4353 829 4382 v

583 4405 652 4452 22.
665 4406 735 4447 2³.

2479 4325 2618 4379 ctus
2661 4316 2923 4398 ponitur
2960 4315 3146 4389 fides,
3194 4315 3257 4377 id
3300 4323 3397 4377 est
3438 4315 3739 4392 fidelitas,
3782 4337 3979 4400 quan·

2478 4434 2668 4497 quam
2724 4433 2841 4496 per
2900 4413 3121 4489 fidem,
3196 4413 3353 4477 fidei
3409 4415 3723 4477 certitudo
3776 4417 3979 4497 possit

2480 4512 2769 4593 intelligi.
2804 4514 3072 4593 Insuper
3100 4511 3547 4595 tranquillitati
3577 4520 3641 4575 et
3676 4513 3977 4577 ordinati-

2477 4610 2587 4674 oni
2632 4609 2862 4673 mentis
2902 4610 2967 4671 in
3010 4609 3160 4683 De0,
3202 4626 3463 4691 prorsus
3510 4612 3979 4674 contrariantur

2480 4708 2857 4789 inquietudo
2901 4715 2964 4770 et
3005 4707 3401 4771 turbulentia
3444 4709 3510 4770 in
3553 4710 3974 4773 exterioribus

2479 4806 2673 4887 gestis
2716 4822 2731 4868 ε
2774 4806 2919 4868 ideo
2965 4805 3255 4868 decimus
3312 4804 3561 4868 fructus
3616 4807 3978 4889 appellatur

2482 4903 2822 4982 modestia3
2866 4903 3131 4966 interior
3178 4920 3434 4985 quoque
3487 4904 3861 4968 irrefrenata
3908 4905 3976 4967 li-

2480 5002 2654 5076 bido,
2679 5002 2813 5064 sive
2842 5003 2921 5064 ad
2952 5002 3341 5065 contoralem
3373 5003 3508 5066 sive
3536 5003 3617 5066 ad
3646 5002 3921 5067 alienam
3954 5022 3969 5065 :

2480 5101 2631 5162 hinc
2692 5101 2945 5162 castitas
3004 5109 3067 5162 et
3126 5101 3521 5164 continentia
3578 5101 3827 5165 fructus
3870 5119 3972 5166 vo-

2481 5207 2725 5261 cantur.
