4300 6259
805 469 923 538 154

1326 491 1751 542 nummario
1790 490 2188 540 mnomelca.
2235 509 2316 521 —
2355 491 2433 540 DE
2474 489 2890 540 Pnonucrlomt
2929 490 3138 538 mun
3179 491 3224 540 A
3240 539 3246 544 ,
3263 490 3382 538 ΠΕΟ

1389 914 1534 999 DE
1604 913 2430 1000 PRODUGTIONE
2499 913 2912 1000 RERUM
2967 913 3038 998 A
3093 912 3314 998 DEO

1174 1252 1694 1319 PROPOSITIO
1739 1253 1915 1317 LIV.

882 1447 1344 1528 'temporale
1386 1445 1715 1512 initium
1753 1445 2303 1526 productionis

801 1545 1258 1612 visibilium
1301 1546 1384 1612 et
1428 1543 1971 1610 invisibilium
2000 1545 2302 1610 creatu-

805 1659 1101 1724 rarum,
1134 1643 1491 1725 Spiritus
1532 1642 1871 1709 Sanctus
1909 1657 2051 1723 per
2092 1643 2300 1722 Moy·

543 1757 651 1802 oen.
676 1773 704 1811 ι,
738 1763 775 1804 1.
804 1757 946 1809 sen
1000 1743 1553 1822 compendiose
1612 1741 2106 1821 deprompsit
2146 1759 2163 1805 ε
2207 1741 2303 1805 In

804 1840 1204 1923 principio
1256 1839 1683 1922 (inquiens)
1735 1841 2046 1907 creavit
2089 1839 2303 1905 Deus

803 1940 1097 2006 coelum
1139 1941 1222 2006 et
1260 1941 1583 2008 terram.

884 2037 1059 2110 Quod
1091 2043 1208 2110 est,
1242 2037 1394 2118 quia
1432 2036 1511 2098 de
1550 2035 1775 2098 mundi
1816 2035 2158 2116 principi0‚
2193 2035 2304 2097 du-

801 2135 1065 2208 ratione,
1106 2153 1316 2208 causa,
1351 2134 1729 2197 formatione
1771 2142 1835 2196 et
1872 2133 2301 2206 distinctione,

803 2232 993 2294 multi
1025 2232 1192 2294 inter
1232 2232 1643 2314 philosophos
1682 2238 1747 2293 et
1786 2238 2004 2312 poetas
2044 2230 2307 2293 fuerunt

803 2347 1069 2392 errores.
1090 2329 1356 2404 Quidam
1386 2330 1557 2392 enim
1590 2329 1907 2403 dixerunt,
1943 2330 2303 2392 machinam

2331 1250 2382 1312 A
2409 1267 2620 1331 neque
2659 1267 2738 1312 ex
2778 1249 3160 1331 praejacente
3199 1247 3467 1312 materia
3494 1247 3750 1328 editus;
3799 1248 3924 1312 sed

2411 1347 2779 1410 immediate
2827 1346 2908 1409 ab
2961 1365 3091 1410 uno
3142 1363 3400 1410 summo
3439 1347 3571 1410 Deo
3617 1347 3698 1412 de
3746 1363 3930 1410 novo

2412 1453 2680 1508 creatus,

2807 1651 3328 1718 PROPOSITIO
3373 1653 3513 1716 LV.

2491 1835 2956 1904 Auctoritas
2983 1838 3163 1917 ista,
3197 1836 3292 1902 In
3325 1835 3725 1918 principio
3751 1851 3926 1903 cre·

2412 1937 2589 2002 avit
2633 1936 2843 2002 Deus
2889 1935 3183 2002 coelum
3226 1936 3309 2001 et
3347 1936 3674 2016 terram,
3713 1935 3926 2001 mul-

2410 2032 2807 2114 tipliciter
2848 2035 3113 2114 potest
3153 2035 3468 2114 exponi.

2491 2131 2667 2205 Quod
2726 2140 2843 2204 est,
2895 2132 3046 2214 quia
3097 2132 3267 2213 quod
3319 2131 3523 2194 fertur
3580 2131 3645 2193 in
3697 2149 3794 2204 ea,
3843 2131 3926 2193 In

2413 2229 2757 2311 principio,
2808 2228 3151 2311 tripliciter
3198 2229 3596 2312 explanatur.
3649 2229 3923 2294 Primo:

2412 2329 2482 2390 In
2515 2327 2856 2409 principie,
2891 2328 2954 2390 id
2987 2335 3084 2391 est
3111 2335 3257 2391 ante
3287 2334 3520 2401 cetera,
3542 2345 3623 2390 ne
3653 2334 3928 2409 putetur

805 2428 1031 2491 mundi
1061 2437 1252 2511 atque
1282 2435 1623 2510 perpetuas
1655 2427 2303 2510 incorruptibilesque
2330 2424 2377 2487 B
2411 2426 2626 2507 aliqua
2667 2433 2954 2489 creatura
2995 2433 3140 2490 ante
3186 2424 3557 2489 sensibilem
3599 2426 3926 2490 mundum

803 2526 1191 2590 substantias
1237 2545 1365 2590 non
1414 2545 1553 2589 esse
1606 2534 1845 2589 creatas
1908 2544 2116 2608 neque
2171 2544 2307 2608 pro-

803 2625 1108 2688 ductas-a
1149 2641 1403 2687 summo
1446 2642 1521 2686 ac
1563 2641 1715 2687 vero
1758 2625 1907 2698 Deo,
1939 2624 2051 2686 sed
2090 2631 2304 2686 tamen

803 2722 1167 2804 dependere
1195 2721 1276 2785 ab
1305 2739 1382 2785 eo
1413 2721 1479 2783 in
1513 2722 1966 2803 permanendO,
1992 2721 2305 2784 movendo

802 2839 876 2882 ac
926 2820 1248 2901 operando
1299 2837 1312 2881 :
1359 2820 1529 2900 quod
1578 2819 1887 2882 Henricus
1937 2819 2001 2881 in
2051 2819 2305 2893 Quodli-

803 2919 969 2981 betis
1007 2919 1378 3000 frequenter
1415 2917 1818 2981 Aristotelem
1849 2916 2135 2979 affirmat
2165 2936 2304 2980 sen-

804 3015 981 3079 sisse.
1040 3017 1493 3078 Verumtamen
1559 3015 1725 3077 infra
1782 3014 2180 3098 probabitur,
2241 3016 2304 3078 id

802 3114 1208 3178 Aristotelem
1253 3133 1380 3178 non
1426 3115 1720 3178 sensisse.
1757 3114 1946 3178 Porro
1990 3115 2305 3196 Epicurus

803 3212 1118 3275 confinxit
1160 3211 1661 3274 innumerabiles
1705 3230 1844 3274 esse
1889 3212 2184 3285 mundOS,
2226 3232 2305 3274 ex

803 3311 1066 3374 fortuito
1095 3318 1454 3374 atomorum
1486 3328 1800 3373 concursu
1834 3309 2156 3373 formatos.
2194 3311 2305 3372 De-

806 3409 1112 3472 mocritus
1157 3426 1413 3490 quoque
1457 3409 1575 3470 hoc
1618 3408 1779 3470 dixit
1821 3409 1900 3470 de
1944 3407 2064 3469 isto
2109 3408 2304 3470 sensi-

804 3507 922 3570 bili
970 3506 1227 3569 mundo.
1264 3506 1681 3588 Empedocles
1725 3506 1987 3568 demum
2032 3513 2304 3587 quatuor

2414 2543 2553 2586 esse
2592 2523 2922 2606 producta,
2974 2543 3116 2606 quae
3157 2524 3471 2587 mundum
3519 2525 3718 2587 ist'um
3765 2542 3926 2606 pro-

2413 2623 2686 2696 duxerit,
2748 2630 2818 2684 ut
2875 2622 3406 2685 sceleratissimus
3460 2623 3651 2686 Arius
3719 2622 3926 2686 haere-

2414 2719 2660 2781 siarcha
2711 2719 3014 2782 mentitus
3071 2726 3188 2794 est,
3238 2738 3529 2783 asserens
3586 2739 3928 2784 summum

2414 2818 2614 2880 Deum
2662 2817 3029 2880 immediate
3068 2824 3133 2880 et
3171 2817 3283 2880 diu
3323 2824 3472 2881 ante
3513 2818 3688 2881 hunc
3733 2837 3928 2882 mun-

2414 2916 2568 2978 dum
2639 2934 2888 2979 creasse
2959 2923 3239 2978 mentem
3309 2916 3654 2998 quamdam
3721 2917 3927 2980 subli-

2415 3033 2608 3087 mem,
2649 3020 2713 3076 et
2763 3013 2936 3076 illam
2989 3014 3400 3096 postmodum
3449 3014 3578 3078 Deo
3619 3014 3924 3096 jubente,

2415 3112 2726 3175 mundum
2772 3130 3038 3175 creasse.
3088 3112 3382 3175 Secundo
3425 3111 3519 3174 sic
3565 3131 3580 3174 :
3625 3113 3697 3176 ln
3739 3114 3928 3196 prin·

2414 3211 2606 3292 cipio,
2660 3210 2722 3272 id
2781 3217 2877 3272 est
2935 3210 3000 3271 in
3050 3208 3258 3272 Verbo
3316 3217 3575 3283 interno,
3625 3212 3796 3294 quod
3849 3213 3924 3274 in

2414 3308 2752 3390 Evangelio
2813 3315 3198 3390 protestatur
3246 3326 3261 3370 :
3314 3308 3445 3389 Ego
3495 3310 3916 3392 principium.
3952 3332 4220 3376 Jmnmffl.
4299 3316 4300 3321 ’

2412 3405 2637 3469 Omnia
2667 3405 2909 3489 quippe
2941 3425 3056 3487 per
3098 3407 3313 3488 ipsum
3352 3406 3520 3470 facta
3555 3415 3708 3470 sunt
3737 3425 3753 3469 :
3783 3425 3920 3472 non

2413 3504 2585 3584 quod
2644 3521 2770 3566 non
2841 3504 2972 3567 sint
3033 3503 3404 3568 immediate
3459 3504 3630 3567 facta
3683 3523 3722 3568 a
3784 3506 3924 3568 Deo

802 3605 1118 3668 elementa
1160 3605 1431 3668 asseruit
1472 3604 1761 3668 omnium
1803 3603 2300 3685 compositorum
2333 3601 2376 3664 C
2414 3604 2613 3675 Patre,
2673 3603 2782 3665 sed
2842 3602 3145 3683 quoniam
3203 3603 3537 3684 unigenito
3591 3601 3750 3667 Filio
3805 3622 3922 3686 ap-

804 3703 1158 3767 materialia
1214 3722 1352 3766 esse
1405 3702 1760 3785 principia3
1813 3702 1989 3764 litem
2039 3720 2193 3765 vero
2241 3711 2305 3765 et

799 3802 1151 3865 amicitiam
1201 3819 1340 3864 esse
1390 3801 1707 3883 principia
1755 3818 1968 3863 rerum
2011 3800 2306 3863 formalia

801 3900 1120 3964 effectiva.
1157 3899 1353 3979 Cujus
1395 3917 1677 3962 errorem
1719 3897 2145 3980 impiissimus
2184 3899 2305 3961 Ma-

802 3999 1086 4063 nichaeus
1136 4005 1200 4061 et
1246 3997 1523 4060 Marcion
1576 3997 1809 4079 partim
1869 3997 2073 4060 secuti
2132 4004 2303 4068 sunt,

802 4097 1214 4180 perhibentes
1256 4096 1413 4159 duos
1454 4113 1594 4158 esse
1638 4095 1822 4170 Deos,
1856 4115 2054 4158 unum
2096 4114 2309 4158 essen-

800 4195 1040 4257 tialiter
1085 4194 1326 4256 bonum
1369 4213 1444 4255 ac
1492 4193 1801 4266 lucidum,
1848 4194 2044 4255 alium
2098 4212 2310 4256 essen-

801 4292 1039 4354 tialiter
1096 4291 1335 4353 malum
1396 4298 1459 4353 et
1516 4290 1947 4353 tenebrosum.
2004 4291 2308 4353 Nonnulli

802 4389 1045 4473 opinati
1092 4395 1264 4462 sunt,
1302 4388 1505 4451 Deum
1538 4389 1905 4451 immediate
1944 4407 2071 4452 non
2105 4408 2309 4451 creas-

804 4507 873 4552 se
918 4486 1041 4550 nisi
1090 4505 1283 4548 unam
1331 4485 1817 4567 intelligentiam
1862 4504 1973 4549 seu
2026 4495 2304 4552 mentem

804 4585 1284 4669 splendifluam,
1331 4604 1368 4647 a
1415 4604 1541 4665 qua
1588 4592 1797 4647 cetera
1848 4593 2061 4648 essent
2103 4594 2312 4649 creata

806 4683 1177 4746 immediate
1207 4690 1317 4744 aut
1345 4682 1637 4745 mediate.
1661 4683 1783 4745 Hos
1815 4682 2312 4766 consimilesque

2414 3699 2782 3785 propriatur
2823 3701 2982 3763 ratio
3028 3700 3438 3782 exemplaris,
3472 3702 3634 3776 idea,
3666 3721 3792 3776 ars,
3826 3721 3926 3765 sa-

2414 3798 2676 3882 pientia.
2742 3798 3130 3880 Certumque
3187 3807 3306 3872 est,
3368 3799 3539 3880 quod
3604 3799 3784 3862 Pater
3852 3801 3924 3862 in

2415 3897 2725 3979 sapientia
2784 3903 2848 3958 et
2913 3903 3049 3959 arte
3114 3916 3230 3960 sua
3298 3915 3414 3979 per
3480 3897 3922 3980 exemplarem

2416 3994 2818 4076 idealemque
2858 3995 3171 4056 rationem
3213 3995 3503 4058 condidit
3542 3994 3776 4059 omnia.
3811 3995 3928 4060 Ce-

2415 4101 2626 4156 terum
2685 4092 2863 4155 Pater
2919 4100 2984 4154 et
3040 4091 3238 4155 Filius
3297 4100 3448 4156 sunt
3504 4112 3670 4155 unus
3726 4093 3922 4168 DeuS,

2417 4209 2619 4252 unum
2686 4189 3082 4272 principium
3150 4199 3215 4253 et
3280 4210 3449 4254 unus
3509 4190 3924 4254 immediatus

2419 4289 2642 4351 mundi
2689 4295 2982 4351 creator:
3025 4307 3138 4371 per
3180 4290 3353 4371 quod
3395 4289 3758 4353 excluditur
3798 4288 3926 4353 hae-

2421 4387 2579 4450 resis
2622 4387 3136 4462 Manichaeorum,
3168 4388 3328 4450 duos
3368 4388 3748 4470 ponentium
3784 4407 3924 4451 cre-

2420 4493 2650 4559 atoreS,
2718 4505 2920 4547 unum
2992 4486 3444 4559 invisibilium,
3507 4487 3708 4550 alium
3770 4486 3922 4550 visi-

2418 4584 2651 4647 bilium
2710 4585 3356 4668 corruptibiliumque
3413 4603 3651 4650 rerum.
3710 4587 3926 4650 Tertio

2420 4683 2514 4745 sic
2559 4700 2572 4745 :
2608 4683 2676 4744 ln
2718 4682 3059 4765 principio,
3101 4682 3165 4745 id
3207 4690 3305 4746 est
3343 4682 3409 4745 in
3458 4684 3720 4747 exordio
3759 4691 3924 4746 tem-

806 4799 1053 4846 errores
1083 4780 1357 4844 exclusit
1394 4780 1729 4843 exordium
1770 4781 1939 4843 istud
1970 4781 2313 4864 Scripturae
2340 4783 2390 4845 D
2420 4780 2594 4864 poris
2654 4800 2727 4843 ac
2784 4781 2980 4843 simul
3039 4799 3188 4843 cum
3240 4788 3554 4864 tempore,
3597 4790 3786 4865 atque
3855 4783 3924 4846 in

806 4879 1129 4944 canonicae
1164 4897 1178 4941 :
1211 4880 1280 4941 In
1327 4878 1653 4962 principio
1694 4879 1933 4941 creavit
1976 4881 2141 4942 Deus
2190 4898 2313 4943 coe-

809 4978 943 5040 lum
988 4984 1052 5040 et
1094 4984 1351 5040 terram.
1394 4977 1720 5059 Tanquam
1766 4977 1935 5040 dicat
1980 4994 1993 5038 :
2041 4977 2312 5040 Mundus

808 5094 937 5140 non
988 5083 1085 5140 est
1131 5083 1405 5140 aeternus
1454 5093 1573 5137 nec
1622 5074 1963 5150 increatuS,
2017 5093 2135 5138 nec
2184 5075 2315 5138 Deo

810 5174 1081 5239 creatori
1126 5181 1499 5246 coaeterum,
1531 5191 1740 5255 neque
1784 5173 1864 5236 ab
1907 5173 2123 5256 aliquo
2167 5181 2314 5236 ente

814 5273 974 5336 citra
1012 5280 1077 5336 et
1118 5271 1285 5334 infra
1312 5272 1515 5334 Deum
1553 5270 1899 5335 exsistente
1940 5272 2312 5354 productuS‚

2424 4879 2638 4962 primo
2709 4879 3017 4961 temporis
3092 4879 3383 4954 instanti,
3445 4880 3687 4944 creavit
3753 4882 3926 4944 Deus

2423 4978 2660 5041 coelum
2692 4983 2757 5040 et
2794 4984 3051 5040 terram.
3087 4977 3335 5041 Creatio
3377 4997 3658 5061 namque
3697 4979 3924 5042 mundi

2422 5077 2824 5139 instantanea
2882 5074 3007 5137 fuit
3065 5093 3080 5138 :
3131 5077 3438 5158 quoniam
3496 5077 3926 5160 superglorio-

2423 5173 2678 5238 sissimo
2730 5173 3166 5256 Omnipotenti
3221 5193 3295 5236 ac
3347 5192 3608 5256 prorsus
3652 5174 3927 5240 infinita

2424 5271 2726 5355 potentiae
2765 5272 2894 5336 Deo
2935 5271 3236 5336 convenit
3273 5290 3459 5353 agere
3499 5273 3566 5336 in
3611 5272 3872 5337 instanti
3907 5291 3924 5336 :

3955 3399 4030 3439 25.

3959 3458 4083 3501 [bid.
4113 3472 4142 3504 ι,
4163 3461 4202 3498 3.
4299 3518 4300 3525 ¹
