4300 6259
858 445 982 514 202

1472 465 1896 514 ELEMENTA‘rlo
1937 464 2335 512 Tmtotoch.
2382 483 2459 499 ---
2500 465 2581 511 ΒΕ
2624 462 3079 511 ΙΝΩΑΒΝΔΤΙΟΝΕ
3121 461 3359 510 CHRISTI

854 633 1243 719 Certumque
1271 643 1389 711 est,
1403 637 1574 720 quod
1601 636 2046 719 hujuscemodi
2073 635 2356 699 actiones
2384 633 2439 702 A
2468 634 2663 698 ceteri
2704 634 2891 698 electi
2928 640 2994 698 et
3028 632 3460 716 praedestinati
3501 631 3799 696 dicuntur
3836 631 3939 696 ele-

853 753 930 798 ac
969 735 1320 817 passioneS‚
1353 735 1586 800 divinae
1632 743 1952 818 nequeant
1993 735 2204 798 inesse
2245 741 2356 797 aut

852 833 1198 896 convenire
1229 841 1490 908 naturae,
1522 853 1640 897 nec
1679 835 1912 897 divinae
1953 850 2240 916 personae
2275 852 2354 895 ex

853 938 1032 1014 parte
1063 940 1298 996 naturae
1327 931 1578 996 divinae.
1612 931 2149 996 IdcircoVerbum
2180 939 2355 995 aeter-

852 1047 1010 1092 num
1038 1030 1386 1112 assumpsit
1413 1037 1708 1092 naturam
1736 1030 2084 1092 humanam
2113 1029 2181 1092 in
2212 1029 2355 1091 uni-

851 1132 1047 1189 tatem
1107 1143 1391 1208 personae
1455 1135 1520 1190 et
1583 1129 1953 1192 societatem
2009 1128 2352 1211 quamdam

853 1231 1046 1306 atque
1102 1225 1624 1288 communionem
1684 1225 2153 1309 personalitatis
2210 1243 2355 1306 pro-

855 1323 1031 1405 priae,
1078 1331 1150 1386 ut
1197 1324 1264 1386 in
1311 1342 1385 1386 ea
1432 1331 1497 1386 et
1544 1344 1657 1407 per
1699 1343 1841 1387 eam
1888 1332 2194 1406 tanquam
2239 1341 2354 1404 per

851 1420 1352 1484 instrumentum
1381 1421 1506 1484 sibi
1537 1422 1906 1485 immediate
1935 1421 2353 1502 conjunctum

851 1518 1458 1602 suppositaliterque
1487 1519 1742 1582 unitum
1772 1527 2096 1582 exerceret
2123 1528 2355 1582 nostrae

853 1615 1316 1699 redemptionis
1367 1618 1766 1700 mysterium,
1811 1618 2353 1700 quemadmodum

853 1714 1068 1777 anima
1099 1723 1313 1778 nostra
1343 1735 1458 1798 per
1489 1734 1722 1800 corpus
1760 1735 1949 1778 suum
1984 1715 2357 1797 exsequitur

2466 735 2552 796 cti
2582 740 2647 796 et
2678 731 3106 816 praedestinati
3138 731 3203 794 in
3246 732 3386 814 ipso
3419 748 3433 792 :
3468 731 3621 815 quia
3658 729 3937 794 divinitus

2464 840 2562 895 est
2588 833 2916 894 decretum
2955 837 3026 893 ut
3052 830 3360 894 effectum
3394 828 3939 913 praedestinationis

2466 938 2939 1012 consequantur
3004 947 3121 1010 per
3181 929 3415 1010 ipsum.
3478 929 3741 1010 Propter
3790 927 3937 1009 quod

2464 1027 2935 1111 praedestinatio
2976 1026 3209 1090 Christi
3251 1026 3489 1089 dicitur
3530 1025 3853 1107 exemplar
3886 1033 3939 1087 et

2464 1145 2655 1189 causa
2713 1132 2944 1190 nostrae
3003 1125 3579 1208 praedestinationis
3634 1141 3651 1184 ε
3708 1130 3771 1186 et
3814 1123 3935 1195 hoc,

2464 1232 2776 1307 quantum
2824 1224 2902 1286 ad
2952 1222 3260 1286 effectum
3311 1229 3377 1285 et
3416 1221 3765 1285 terminum
3808 1239 3939 1302 prae-

2464 1322 2928 1396 destinationi8‚
2962 1339 3089 1384 non
3133 1321 3342 1403 quoad
3388 1317 3939 1402 praedestinationis

2464 1428 2699 1494 actum,
2751 1420 2864 1502 qui
2922 1427 3019 1482 est
3076 1419 3213 1502 ipse
3260 1419 3427 1481 Deus
3485 1425 3758 1480 aeternus
3804 1435 3939 1498 prae-

2464 1519 2809 1582 destinanS.
2844 1518 3003 1580 Hinc
3040 1518 3119 1579 ad
3160 1517 3477 1580 Romanos
3516 1515 3674 1590 dicit
3699 1514 3944 1597 Aposto-

2466 1617 2566 1679 lus
2602 1636 2615 1679 :
2650 1616 2765 1690 Qui
2817 1615 3304 1698 praedestinatus
3346 1621 3443 1676 est
3486 1613 3685 1676 Filius
3734 1612 3837 1674 Dei
3885 1611 3943 1673 in
3970 1629 4178 1677 nomm.

2464 1715 2719 1778 virtute.
2773 1714 2950 1788 Quod
3000 1713 3262 1796 quidam
3310 1713 3404 1775 sic
3461 1717 3884 1794 exposuerunt
3926 1727 3941 1771 t

853 1831 1002 1876 suos
1061 1821 1262 1877 actus.
1316 1815 1606 1897 Insuper,
1657 1815 1823 1878 sicut
1868 1814 2083 1876 anima
2140 1821 2357 1876 nostra
2389 1814 2435 1877 B
2465 1815 2600 1896 qui,
2660 1812 2961 1877 videlicet
3018 1812 3327 1884 Christus,
3389 1811 3703 1874 exsistens
3766 1807 3947 1872 Filius

855 1910 1064 1974 efficit
1101 1912 1303 1976 multa
1343 1931 1458 1995 per
1495 1913 1745 1975 diversa
1785 1913 2231 1987 instrumenta,
2264 1929 2357 1974 se·

856 2017 1094 2090 parata,
1141 2010 1530 2084 eommunia,
1578 2017 1648 2072 ut
1693 2029 1806 2093 per
1850 2010 2153 2084 securim,
2197 2016 2357 2072 tere·

853 2105 1120 2180 bellum,
1175 2109 1561 2190 pugionem3
1607 2108 1694 2171 ita
1741 2117 1807 2170 et
1851 2108 2131 2172 Verbum
2180 2115 2355 2172 aeter-

852 2223 1009 2266 num
1050 2223 1165 2285 per
1201 2205 1484 2268 diversas
1522 2214 1864 2280 creaturaS,
1895 2215 2025 2270 tam
2063 2206 2353 2268 visibiles

851 2321 1042 2383 quam
1077 2302 1456 2376 invisibiles,
1481 2305 1681 2366 multa
1710 2311 2028 2387 operatur,
2050 2313 2353 2387 tanquam

855 2419 970 2482 per
999 2410 1285 2483 separata
1315 2410 1379 2464 et
1409 2401 1774 2465 communia
1805 2402 2245 2465 instrumenta.

1209 2682 1728 2748 PROPOSITIO
1777 2682 2015 2746 CXIX.

932 2893 1187 2961 Multa
1225 2897 1707 2962 conveniunt
1744 2895 2069 2964 christo
2109 2894 2347 2961 ratio-

2465 1913 2576 1976 Dei
2626 1913 2690 1975 in
2731 1911 2991 1986 virtute,
3024 1911 3087 1974 id
3127 1917 3226 1973 est
3262 1910 3460 1973 Filius
3500 1909 3614 1971 Dei
3658 1906 3947 1970 naturalis

2464 2011 2891 2093 omnipotenS‚
2939 2009 3425 2093 praedestinatus
3472 2015 3569 2071 est
3608 2008 3946 2070 secundum

2466 2117 2759 2172 naturam
2814 2115 3233 2189 assumptam,
3286 2107 3453 2170 sicut
3501 2113 3565 2170 et
3622 2123 3839 2188 passus
3888 2111 3953 2166 et

2467 2214 2756 2271 mortuus
2811 2206 3016 2269 fertur
3071 2206 3427 2268 secundum
3474 2204 3783 2268 eamdem.
3832 2201 3949 2264 Alii

2464 2307 2686 2368 dicunt
2728 2322 2843 2386 per
2893 2303 3162 2385 gratiam
3206 2303 3465 2366 unionis
3518 2309 3841 2385 peractum
3884 2307 3952 2360 ut

2462 2404 2641 2466 filius
2696 2403 2976 2484 Virginis
3044 2401 3129 2463 sit
3188 2402 3302 2465 Dei
3365 2401 3564 2463 Filius
3628 2397 3945 2462 naturalis.

2463 2503 2551 2564 De
2608 2502 2729 2564 hoc
2786 2519 2981 2583 super
3034 2500 3299 2562 tertium
3360 2497 3831 2563 Sententiarum
3890 2503 3951 2557 et
3978 2511 4199 2568 catum.

2462 2618 2657 2681 super
2702 2597 3038 2680 epistolam
3090 2598 3169 2660 ad
3216 2597 3531 2661 Romanos
3576 2596 3821 2659 dictum
3862 2577 4197 2691 est{¹}³1¹¹}{f
4241 2573 4242 2584 ’

2462 2696 2735 2780 plenius.
3977 2703 4146 2746 τινα..

2541 2795 2856 2877 AmpliuS,
2909 2793 3216 2857 Dominus
3265 2800 3330 2856 et
3374 2793 3661 2856 Salvator
3718 2791 3953 2853 ratione

2459 2900 2802 2975 assumptae
2858 2900 3101 2957 naturae
3152 2891 3514 2974 appellatur
3562 2891 3855 2953 sacerdos
3896 2895 3955 2950 et

847 3006 950 3057 ne
990 2993 1295 3059 naturae
1334 2995 1787 3074 assumptae‚
1819 2995 1911 3060 ut
1946 3008 2118 3059 esse
2159 3007 2344 3073 prae-
2389 2996 2432 3061 C
2461 2993 2668 3055 hostia
2714 3009 2728 3054 ε
2776 2991 3079 3074 quoniam
3127 2992 3317 3071 (teste
3362 2989 3693 3073 Apostolo)
3732 2996 3953 3052 semet·
3981 2997 4189 3054 Erhfflss·

851 3087 1364 3170 destinatum,
1437 3102 1606 3155 esse
1691 3089 2184 3156 sacerdotem
2262 3091 2345 3155 et

850 3185 1359 3268 sacrificium,
1382 3202 1550 3254 esse
1581 3187 2078 3268 advocatum,
2101 3187 2361 3292 inter--

850 3299 1245 3352 cessorem
1275 3287 1356 3352 et
1385 3287 1926 3354 mediatorem.

931 3382 1106 3456 Quod
1137 3391 1253 3456 est,
1287 3384 1590 3465 quoniam
1623 3384 2057 3466 praedestinari
2097 3392 2163 3447 et
2192 3403 2348 3466 prae-

850 3481 1132 3544 ordinari
1180 3482 1259 3543 ad
1307 3481 1506 3544 vitam
1554 3481 1828 3556 beatam,
1875 3482 2012 3545 haec
2053 3490 2150 3546 est
2198 3502 2351 3565 prae·

850 3579 1189 3642 destinatio
1218 3581 1488 3662 passiva.
1510 3579 1734 3643 Activa
1762 3598 1913 3643 vero
1946 3582 2350 3662 praedestina-

850 3677 963 3752 tio,
996 3685 1094 3740 est
1123 3679 1569 3761 praeordinatio
1598 3679 1832 3741 mentis
1864 3679 2097 3742 divinae
2127 3697 2350 3742 eorum

851 3795 994 3858 quae
1042 3795 1157 3858 per
1196 3776 1464 3858 gratiam
1509 3785 2016 3840 consummatam
2061 3785 2211 3840 sunt
2252 3797 2354 3859 ge-

852 3875 1048 3936 renda
1087 3875 1153 3937 in
1192 3882 1500 3956 tempore.
1536 3876 1874 3958 Quumque
1915 3894 2028 3957 per
2066 3876 2352 3939 divinam

852 3973 1153 4056 pietatem
1185 3981 1251 4036 et
1287 3974 1815 4048 misericordiam,
1848 3993 1990 4056 quae
2031 3974 2352 4038 interdum

849 4071 1220 4135 nominatur
1255 4073 1456 4153 gratia
1495 4073 1794 4146 increata,
1828 4081 2018 4154 atque
2063 4092 2179 4154 per
2219 4092 2355 4154 gra-

2462 3091 2676 3172 ipsum
2736 3090 2972 3153 obtulit
3028 3090 3157 3152 Deo
3214 3089 3381 3153 Patri
3445 3089 3837 3152 oblationem
3897 3094 3959 3149 et

2462 3189 2736 3252 hostiam
2769 3188 2834 3250 in
2864 3188 3121 3251 odorem
3155 3188 3505 3250 suavitatis.
3537 3187 3781 3268 Jugiter
3808 3203 3957 3268 quo-

2463 3307 2588 3370 que
2648 3287 2985 3350 intercedit
3042 3305 3159 3368 pro
3226 3285 3434 3361 nobiS,
3493 3293 3717 3368 estque
3774 3286 3957 3348 advo·

2463 3394 2641 3448 catus
2700 3392 2915 3448 noster
2971 3385 3143 3467 apud
3194 3385 3467 3459 Patrem,
3526 3383 3633 3446 cui
3688 3383 3961 3448 ostendit

2464 3487 2628 3548 latus
2659 3493 2721 3548 et
2751 3484 3038 3559 vulnera,
3074 3484 3204 3547 imo
3232 3484 3429 3547 totius
3463 3483 3960 3547 conversationis

2462 3603 2535 3646 ac
2566 3583 2883 3666 passionis
2924 3601 3055 3647 suae
3094 3583 3160 3644 in
3202 3581 3436 3646 saeculo
3474 3583 3598 3646 isto
3634 3582 3957 3654 meritum,

2462 3682 2729 3764 gratiam
2759 3700 2833 3744 ac
2866 3681 3168 3745 virtutem
3204 3699 3218 3742 τ
3252 3688 3317 3743 et
3346 3681 3432 3743 ita
3461 3687 3559 3744 est
3586 3680 3961 3763 propitiator

2464 3789 2528 3844 et
2573 3780 2942 3862 propitiatio
2989 3796 3105 3862 pro
3152 3780 3385 3843 nostris
3436 3779 3738 3862 peccatiS,
3784 3788 3852 3842 ut
3896 3780 3957 3842 in
3998 3795 4199 3838 umam

2464 3877 2673 3958 prima
2714 3897 2828 3940 sua
2871 3878 3187 3941 Canonica
3227 3886 3485 3940 sanctus
3534 3878 3624 3940 ait
3664 3879 3955 3941 Ioannes.
3986 3861 4021 3902 ²·

2463 3977 2552 4038 De
2596 3977 2950 4039 sacerdotio
2994 3983 3209 4038 autem
3251 3985 3315 4038 et
3357 3975 3690 4058 pontificio
3730 3975 3961 4040 Christi

2464 4074 2783 4157 spirituali
2828 4081 3021 4156 atque
3063 4083 3396 4156 perpetu0,
3428 4093 3557 4138 non
3599 4075 3812 4156 legali,
3848 4074 3964 4137 dif-

850 4169 1005 4231 tiam
1049 4169 1307 4232 unionis
1350 4178 1415 4232 et
1456 4171 1916 4252 hypostaticam
1957 4171 2351 4252 conjunctio·
2386 4172 2437 4235 D
2465 4171 2605 4234 fuse
2655 4179 2881 4235 tractat
2922 4173 3264 4255 Apostolus
3308 4173 3374 4234 in
3418 4173 3691 4255 epistola
3727 4174 3807 4235 ad
3854 4174 3966 4236 He-

850 4285 1002 4330 nem
1034 4267 1101 4329 in
1136 4276 1447 4350 tempore,
1483 4269 1724 4330 factum
1765 4269 1848 4330 sit
1876 4269 2150 4350 gratiose
2182 4271 2352 4351 quod

850 4365 1044 4428 homo
1099 4373 1198 4428 est
1245 4366 1410 4428 Deus
1460 4373 1524 4428 et
1575 4386 1827 4429 summe
1885 4366 2132 4441 beatuS,
2184 4369 2351 4431 Deus

850 4481 1108 4546 quoque
1149 4469 1248 4526 est
1289 4463 1482 4525 homo
1505 4481 1522 4542 ;
1568 4471 1814 4526 constat
1850 4466 2021 4546 quod
2065 4465 2351 4530 Christus

849 4569 1022 4626 recte
1078 4561 1562 4644 praedestinatus
1619 4571 1905 4638 vocetur,
1957 4581 2083 4626 non
2142 4566 2352 4647 quoad

847 4661 1134 4724 divinam
1165 4667 1479 4735 naturam,
1514 4661 1625 4722 sed
1666 4668 1978 4741 quantum
2019 4663 2097 4725 ad
2129 4663 2351 4725 huma-

846 4759 1112 4823 nitatem
1157 4766 1552 4841 assumptam
1599 4776 1612 4821 :
1657 4777 1784 4822 non
1830 4761 2000 4842 quod
2044 4761 2175 4836 illa,
2210 4780 2351 4844 pro-

846 4859 986 4941 prie
1030 4858 1371 4940 loquend0‚
1418 4858 1501 4921 sit
1553 4858 2020 4940 praedestinata,
2070 4860 2173 4923 vel
2223 4861 2351 4923 dici

846 4957 1050 5041 possit
1079 4957 1276 5020 Filius
1308 4957 1421 5020 Dei
1457 4975 1470 5019 :
1508 4976 1656 5020 nam
1701 4958 2138 5040 praedestinari
2182 4976 2355 5021 com-

847 5055 1009 5138 petit
1061 5055 1260 5136 magis
1318 5057 1693 5138 supposit03
1755 5057 1926 5119 unde
1983 5064 2048 5119 et
2104 5056 2353 5120 Christo

848 5153 1156 5235 competit
1205 5155 1449 5217 ratione
1508 5161 1749 5217 naturae
1805 5162 2171 5236 assumptae.
2224 5155 2353 5218 Nec

850 5250 1060 5314 solum
1117 5250 1238 5315 hoc
1289 5250 1589 5314 convenit
1636 5250 1718 5326 ei,
1771 5251 1881 5315 sed
1939 5251 2132 5315 etiam
2182 5251 2353 5335 quod

2464 4269 2689 4333 braeos.
2743 4270 3031 4352 Denique
3088 4277 3220 4334 tota
3271 4270 3401 4332 vita
3446 4278 3510 4333 et
3567 4272 3966 4335 conversatio

2465 4368 2697 4432 Christi
2729 4369 2797 4429 in
2830 4386 3019 4430 carne
3053 4369 3330 4443 mortali,
3362 4389 3399 4431 a
3430 4369 3643 4452 primo
3681 4371 3968 4432 incarna-

2463 4465 2655 4529 tionis
2690 4465 2945 4528 instanti
2981 4485 3182 4548 usque
3214 4467 3291 4529 ad
3322 4466 3568 4529 instans
3598 4486 3733 4531 suae
3760 4469 3969 4550 exspi-

2463 4563 2727 4627 rationis
2761 4565 2825 4625 in
2868 4583 3082 4639 cruce,
3114 4565 3239 4626 fuit
3277 4565 3459 4646 quasi
3502 4583 3629 4628 una
3667 4566 3971 4630 continua

2464 4663 2660 4724 missa
2702 4681 2775 4724 ac
2824 4662 3190 4736 celebratio,
3238 4683 3367 4745 qua
3414 4681 3483 4726 se
3530 4663 3970 4728 indesinenter

2463 4760 2696 4824 obtulit
2742 4760 2908 4822 Patri
2956 4779 3073 4842 pro
3130 4759 3315 4824 nobis
3372 4760 3699 4826 voluntate
3758 4781 3967 4846 prom-

2462 4858 2777 4940 ptissima,
2810 4865 2874 4920 et
2902 4858 3442 4922 affectuosissime
3480 4860 3688 4923 oravit
3719 4878 3839 4943 pro
3868 4879 3969 4924 no-

2464 4955 2564 5018 bis
2598 4972 2611 5017 :
2644 4963 2711 5019 et
2738 4955 3051 5038 quidquid
3082 4956 3433 5020 deliberata
3470 4956 3802 5021 voluntate
3834 4977 3969 5042 pre·

2463 5061 2641 5116 catus
2670 5061 2789 5129 est,
2824 5054 3210 5136 impetravit.
3246 5055 3421 5118 Unde
3459 5056 3629 5138 apud
3658 5056 3967 5120 Joannem

2464 5158 2852 5234 protestatur
2891 5153 2971 5214 ad
3012 5153 3259 5216 Patrem
3301 5170 3315 5216 :
3358 5153 3669 5227 Quoniam
3713 5173 3971 5238 semper
4016 5177 4202 5220 amm.

2466 5267 2569 5315 me
2610 5251 2813 5317 audis.
3166 5315 3169 5318 ,
3994 5243 4053 5286 ⁴³·
4241 5259 4242 5262 ’
