4300 6259
907 476 1029 540 388
1541 497 1619 543 nr.
1662 496 1889 543 Lunum
1932 495 2315 543 camsi-rme
2357 494 2657 553 rumam,
2701 496 2879 543 unt-:n
2921 498 2982 543 11.
3031 516 3112 527 —
3152 498 3291 545 Anr.
3337 500 3384 545 11

904 664 1063 729 fidei
1092 666 1423 730 veritatem
1456 668 1702 732 acutior
1732 668 1833 730 sit.
1858 667 2070 741 Porro,
2094 673 2400 749 quantum
2434 666 2486 729 A
2515 667 2820 729 sensitiva
2860 668 3182 749 agnitione
3223 670 3555 733 dumtaxat
3595 670 3810 751 vigent,
3839 688 3960 731 cum

904 764 1213 829 naturalis
1282 766 1529 829 theoria
1594 767 1672 829 ad
1742 766 2105 828 christianae
2165 765 2404 847 sophiae

903 864 1407 945 speculationem
1441 865 1661 946 prosit,
1697 865 1762 926 in
1804 863 2265 945 posterioribus
2299 882 2404 944 pa-

901 960 1081 1023 tebit.
1135 960 1354 1024 Unitas
1408 962 1579 1025 enim
1639 970 1704 1025 et
1760 962 2141 1044 simplicitas
2201 961 2402 1023 divini

901 1077 1065 1133 esse,
1117 1058 1565 1123 immortalitas
1618 1061 1871 1133 animae,
1918 1068 1981 1122 et
2034 1060 2220 1141 plura
2261 1078 2402 1141 quae

900 1158 979 1220 ad
1023 1157 1225 1221 fidem
1270 1159 1617 1240 pertinent,
1669 1160 1966 1241 superius
2017 1166 2403 1240 praeostensa

900 1263 1052 1319 sunt
1092 1256 1366 1319 naturali
1412 1258 1675 1321 ratione.
1709 1258 2162 1320 Verumtamen
2197 1256 2400 1338 philo-

900 1354 1141 1437 sophus
1200 1355 1562 1418 considerat
1610 1374 1710 1419 res
1754 1362 1996 1418 creatas
2045 1354 2402 1418 secundum

900 1473 969 1517 se
1019 1454 1212 1536 ipsaS,
1263 1461 1328 1516 et
1376 1472 1597 1517 earum
1647 1455 1907 1537 propria
1963 1454 2282 1536 principia
2328 1472 2402 1515 ac

899 1552 1227 1633 passiones
1264 1570 1278 1614 :
1312 1561 1377 1615 et
1406 1553 1548 1616 ideo
1579 1553 1934 1615 secundum
1964 1552 2399 1614 diversitatem

900 1669 1117 1713 rerum
1162 1659 1546 1725 creatarum,
1594 1652 1863 1715 diversae
1906 1650 2246 1713 traduntur
2285 1650 2402 1712 sci-

898 1749 1087 1812 entiae
1135 1750 1476 1813 naturales.
1510 1750 1867 1829 Theologus
1915 1766 2067 1812 vero
2110 1749 2399 1811 conside-

2513 766 3009 847 praecognitione
3047 769 3198 849 agit,
3231 776 3460 851 utputa
3497 788 3578 832 ex
3619 768 3964 849 imaginatio-

2513 880 2594 924 ne
2638 864 2910 944 quadam
2965 873 3074 928 aut
3127 865 3422 929 sensibili
3467 867 3964 949 praeconceptione

2513 978 2802 1041 operanS.
2837 963 3314 1039 Verumtamen,
3361 965 3514 1046 quia
3557 964 3842 1027 sensitiva
3877 982 3966 1045 po·

2512 1058 2711 1121 tentia
2759 1060 2919 1122 nihil
2975 1062 3403 1144 apprehendit
3455 1063 3580 1126 nisi
3629 1062 3738 1126 sub
3785 1062 3878 1123 hic
3917 1070 3968 1123 et

2513 1176 2717 1235 nunc;
2751 1158 2893 1221 ideo
2937 1159 3000 1220 in
3044 1160 3181 1222 istis
3224 1160 3323 1223 lex
3363 1180 3477 1223 seu
3525 1160 3844 1223 instinctus
3879 1180 3968 1222 na·

2512 1255 2735 1319 turalis
2776 1275 2904 1319 non
2937 1257 3068 1338 agit
3111 1259 3234 1321 nisi
3273 1260 3629 1323 secundum
3657 1258 3968 1341 impulsum

2513 1361 2575 1415 et
2625 1354 3107 1418 inclinationem
3155 1356 3493 1420 directoris
3539 1375 3554 1419 ε
3604 1358 3761 1420 unde
3803 1358 3967 1419 etiam

2511 1442 2957 1533 hujuscemodi
3000 1455 3172 1517 entia
3213 1456 3426 1537 potius
3464 1456 3566 1536 agi
3605 1474 3782 1537 quam
3811 1473 3968 1534 agere

2511 1550 2832 1613 dicuntur.
2881 1551 2996 1613 Hic
3040 1552 3318 1635 denique
3362 1554 3701 1616 instinctus
3739 1554 3800 1616 in
3841 1573 3971 1615 cun-

2511 1648 2630 1711 ctis
2661 1650 2854 1712 unius
2877 1651 3116 1731 speciei
3142 1650 3402 1713 entibus
3428 1651 3822 1715 uniformiter
3847 1670 3971 1735 ope·

2512 1753 2705 1808 ratur.
2758 1747 2978 1810 Omnis
3021 1768 3300 1830 namque
3348 1749 3629 1812 hirundo
3674 1750 3972 1813 conformi-

898 1856 993 1910 rat
1051 1867 1158 1911 eas
1216 1865 1345 1911 non
1398 1849 1753 1911 secundum
1807 1867 1874 1911 se
1925 1847 2237 1921 absolute,
2289 1848 2400 1910 sed
2435 1846 2480 1907 B
2511 1853 2609 1906 ter
2657 1844 2972 1921 nidificat,
3020 1854 3084 1909 et
3130 1866 3362 1909 aranea
3419 1848 3632 1911 omnis
3683 1849 3973 1931 aequaliter

896 1947 1252 2009 secundum
1303 1946 1749 2009 habitudinem
1794 1965 1986 2029 quam
2036 1946 2275 2008 habent
2321 1945 2399 2008 ad

896 2045 1259 2107 Creatorem
1294 2062 1308 2107 :
1345 2052 1595 2127 utputa,
1632 2045 1785 2127 quia
1825 2044 1883 2106 ei
1930 2043 2259 2124 subjectae,
2295 2043 2395 2105 vel

896 2144 1038 2225 ejus
1087 2143 1643 2225 repraesentativae,
1678 2162 1791 2205 seu
1840 2141 1918 2204 ab
1970 2142 2110 2223 ipso
2158 2143 2395 2223 depen-

895 2242 1138 2304 dentes,
1178 2242 1351 2304 Unde
1393 2248 1455 2304 et
1496 2240 1829 2321 theologus
1870 2260 1907 2302 a
1945 2258 2201 2302 summo
2241 2240 2397 2302 inci-

895 2339 1012 2421 pit,
1072 2358 1109 2401 a
1167 2338 1463 2402 Creatore
1521 2339 1599 2401 ad
1658 2345 1867 2401 creata
1935 2338 2396 2401 considerando

893 2438 1307 2501 descendens.
1369 2437 1791 2519 Philosophus
1848 2444 2085 2509 autem,
2151 2437 2260 2518 qui
2319 2456 2396 2498 ex

894 2535 1313 2599 sensibilibus
1360 2536 1437 2597 ad
1488 2535 1852 2597 divinarum
1913 2542 1975 2597 et
2032 2535 2396 2616 incorpore-

891 2653 1072 2697 arum
1134 2635 1460 2698 notionem
1521 2634 2061 2707 sursumducitur,
2108 2632 2190 2695 ab
2251 2632 2394 2694 infi-

894 2733 1017 2795 mis
1062 2733 1338 2808 inchoat,
1372 2741 1437 2795 et
1467 2732 1532 2795 in
1562 2750 1815 2795 summo
1846 2732 2033 2795 sistit.

1330 2942 1821 3061 ARTIoULUS
1868 2996 1956 3057 II.

1006 3132 1103 3190 De
1142 3129 1400 3203 duplici
1438 3130 1572 3203 leye
1612 3128 1942 3186 divinitus
1983 3126 2269 3201 influxa.

1028 3324 1386 3398 NICUIQUE
1418 3340 1606 3405 porro
1636 3322 1874 3404 speciei
1916 3324 2224 3403 competit
2256 3323 2386 3402 regi

1054 3423 1410 3487 secundum
1460 3422 1845 3502 exigentiam
1912 3419 2063 3482 finis
2112 3419 2237 3483 sibi
2285 3421 2388 3483 de*

885 3520 1025 3583 biti.
1098 3521 1328 3584 Divina
1395 3527 1608 3582 autem
1680 3517 2080 3600 providentia
2158 3526 2388 3580 cuncta

885 3618 1389 3701 comprehendit.
1422 3616 1685 3680 Ratione
1716 3616 1955 3677 etenim
1996 3636 2125 3679 suae
2166 3635 2385 3698 super-

884 3716 1410 3780 eminentissimae
1480 3715 1830 3797 sapientiae,
1891 3715 2128 3787 omnia,
2190 3714 2383 3777 etiam

884 3835 1027 3898 quae
1072 3815 1339 3878 minima
1377 3820 1547 3887 sunt,
1581 3813 1649 3876 in
1679 3812 1935 3875 entibus
1975 3813 2276 3894 disponit.
2311 3812 2386 3874 Et

886 3914 1189 3996 quoniam
1236 3913 1644 3995 omnipotens
1693 3919 1790 3974 est
1835 3918 1899 3973 et
1940 3911 2144 3973 virtus
2188 3912 2388 3973 virtu-

888 4020 1047 4087 tum,
1081 4032 1154 4075 ea
1184 4032 1325 4095 quae
1356 4010 1660 4093 disponit,
1695 4009 1957 4091 exsequi
2002 4009 2230 4071 idonea
2267 4016 2380 4071 est.

888 4112 1068 4174 Sicut
1123 4112 1297 4173 enim
1356 4111 1522 4172 Deus
1582 4108 1798 4171 omnia
1856 4115 2117 4190 propter
2181 4107 2385 4170 finem

2511 1942 2699 2005 telam
2741 1944 2900 2006 texit
2939 1962 2951 2005 :
2998 1944 3262 2007 rationis
3307 1946 3483 2007 enim
3527 1955 3807 2028 expertes
3845 1955 3974 2009 sunt

2510 2050 2750 2104 naturae
2790 2042 2968 2104 taleS.
3003 2042 3214 2117 Porro,
3259 2043 3598 2107 hominum
3637 2063 3826 2126 genus
3860 2053 3973 2106 arte

2509 2148 2573 2202 et
2602 2141 2844 2203 ratione
2875 2142 3119 2222 vigenS‚
3141 2142 3499 2204 secundum
3530 2141 3970 2225 Philosophum,

2509 2238 2864 2300 naturalem
2938 2238 3144 2320 legem
3217 2239 3737 2304 intellectualiter
3788 2240 3968 2303 habet„

2509 2336 2729 2399 Omnis
2773 2356 3051 2419 namque
3093 2338 3458 2401 intellectus
3492 2339 3973 2403 intellectualiter

2509 2436 2904 2498 convertitur
2931 2436 3007 2498 ad
3042 2435 3285 2499 fontem
3317 2456 3354 2499 a
3383 2454 3510 2519 quo
3543 2439 3858 2519 processit.
3873 2438 3972 2501 Na·

2509 2534 2731 2596 turalis
2777 2534 2971 2615 igitur
3025 2533 3126 2597 lex
3180 2534 3462 2598 hominis
3517 2535 3692 2599 aliud
3739 2554 3854 2599 non
3893 2546 3974 2599 est

2508 2631 2633 2693 nisi
2692 2631 2983 2713 quaedam
3042 2632 3203 2695 ratio
3269 2641 3335 2695 et
3400 2633 3622 2713 regula
3679 2635 3970 2717 operandi,

2507 2738 2698 2813 prout
2727 2730 3034 2793 naturalis
3065 2730 3220 2793 finis
3269 2730 3473 2813 ipsius
3507 2733 3784 2814 postulat
3813 2751 3826 2794 ε
3855 2752 3974 2815 quae

2508 2829 2608 2891 lex
2639 2828 2921 2911 speciem
2955 2837 3198 2892 naturai
3239 2829 3536 2894 humanae
3565 2832 3970 2913 consequitur,

2504 2935 2567 2990 et
2596 2935 2693 2989 est
2724 2927 3004 2990 naturale
3035 2926 3356 3009 quoddam
3399 2928 3722 3009 judicium
3751 2930 3894 3003 veri,
3921 2938 3974 2992 et

2425 3026 2468 3089 C
2503 3026 2891 3089 desiderium
2941 3024 3114 3089 boni.

2579 3126 2650 3186 In
2679 3124 2779 3187 his
2809 3132 3023 3186 autem
3063 3143 3206 3206 quae
3250 3124 3318 3187 in
3363 3125 3575 3207 primo
3621 3127 3786 3191 libro
3821 3128 3968 3189 inve·

2500 3222 2724 3302 stigata
2767 3230 2937 3296 sunt,
2979 3222 3223 3286 dictum
3267 3232 3366 3285 est
3408 3224 3474 3300 in
3519 3243 3651 3307 quo
3691 3227 4128 3291 naturalisntm.

2500 3320 2769 3383 felicitas
2818 3320 3096 3383 hominis
3144 3321 3478 3403 consistit;
3533 3332 3599 3386 et
3657 3324 3963 3406 probatum

2498 3426 2595 3481 est
2645 3418 2801 3492 illic,
2846 3418 3016 3500 quod
3063 3420 3226 3482 visio
3272 3420 3384 3483 illa
3436 3422 3661 3504 primae
3711 3424 3964 3486 veritatis
4005 3448 4150 3487 mun.
4200 3490 4201 3509 χ

2498 3536 2624 3598 qua
2666 3516 3026 3578 videbimus
3071 3517 3295 3591 Deum,
3345 3536 3471 3582 non
3519 3520 3654 3600 jam
3704 3540 3819 3602 per
3855 3542 3966 3585 erc-
3985 3521 4026 3550 ¹³·

2497 3623 2664 3678 atam
2710 3614 3200 3677 similitudinem
3250 3622 3314 3677 et
3364 3617 3430 3678 in
3479 3618 3834 3699 aenigmate,
3872 3620 4172 3736 sedigcloffif

2497 3712 2686 3775 sicuti
2731 3720 2826 3775 est
2870 3712 2936 3774 in
2989 3712 3262 3794 propriae
3314 3714 3476 3777 lucis
3523 3716 3818 3797 puritate,
3858 3736 4071 3802 noum,

2497 3814 2578 3875 sit
2623 3810 2931 3873 naturalis
2969 3811 3079 3873 sed
3119 3814 3624 3893 supernaturalis
3672 3814 3965 3879 beatitudo

2495 3911 2726 3973 animae
2773 3926 2789 3971 t
2837 3909 3007 3971 unde
3052 3926 3178 3972 non
3224 3912 3680 3993 correspondet
3721 3914 3966 3977 naturali

2497 4008 2813 4071 desiderio
2880 4007 3050 4088 quod
3109 4026 3186 4069 ex
3254 4008 3422 4071 dono
3495 4011 3714 4090 gratiae
3769 4014 3963 4075 oritur.

2495 4107 2606 4170 Illa
2648 4124 2799 4186 ergo
2840 4105 2941 4167 lex
2973 4124 3102 4186 qua
3143 4104 3444 4186 dirigitur
3481 4106 3677 4172 homo
3715 4110 3795 4171 ad
3833 4111 3968 4172 hanc

888 4209 1169 4291 aliquem
1209 4208 1496 4272 condidit
1536 4209 1601 4270 in
1641 4216 1951 4291 quantum
2000 4207 2215 4270 finalis
2246 4227 2389 4270 cau·
2419 4206 2468 4266 D
2499 4203 3051 4287 supernaturalem
3103 4201 3593 4279 beatitudinem,
3639 4207 3832 4270 etiam
3881 4228 3968 4269 na·

890 4326 961 4369 sa
1002 4314 1099 4369 est
1140 4324 1396 4385 rerum3
1428 4306 1521 4369 sic
1567 4306 1633 4367 in
1679 4313 1993 4388 quantum
2034 4312 2131 4368 est
2169 4324 2386 4368 exem-

889 4405 1086 4488 plaris
1116 4422 1306 4467 causa
1335 4412 1400 4466 et
1428 4404 1893 4485 sapientialiter
1921 4423 2216 4486 operans,
2250 4404 2392 4466 uni-

889 4504 1123 4586 cuique
1181 4510 1421 4566 naturae
1492 4502 1756 4584 largitus
1826 4510 1923 4565 est
1990 4502 2272 4584 speciem
2324 4510 2390 4564 et

884 4603 1213 4675 virtutem,
1247 4600 1482 4683 quibus
1526 4607 1718 4683 queat
1762 4601 2268 4683 unumquodque
2309 4600 2386 4663 fi-

885 4719 1032 4763 nem
1077 4700 1178 4762 sui
1215 4700 1505 4782 adipisci.
1541 4700 1683 4762 Haec
1724 4700 1940 4780 itaque
1975 4700 2242 4763 directio
2273 4719 2386 4763 seu

884 4798 1237 4873 inclinatio,
1282 4816 1408 4879 qua
1452 4816 1551 4859 res
1597 4796 1904 4879 quaelibet
1943 4798 2007 4858 in
2052 4798 2384 4879 proprium

884 4904 949 4962 et
996 4896 1351 4959 naturalem
1404 4894 1606 4957 finem
1655 4895 1915 4958 tendere
1964 4894 2245 4970 festinat,
2295 4896 2384 4958 di·

885 4995 1053 5057 citur
1096 4994 1197 5056 lex
1245 4993 1552 5056 naturalis
1590 5012 1602 5055 :
1637 5013 1779 5075 quae
1825 4993 1890 5055 in
1936 4992 2127 5055 rebus
2173 4994 2387 5074 cogni·

884 5094 1127 5157 tionem
1160 5111 1285 5155 non
1318 5091 1729 5165 habentibuS,
1761 5092 1935 5153 aliud
1976 5109 2103 5153 non
2134 5099 2233 5154 est
2262 5092 2385 5155 nisi

884 5191 1227 5255 instinctus
1285 5197 1549 5264 naturae,
1610 5190 1721 5272 qui
1792 5189 2113 5270 ingenitus
2174 5197 2270 5253 est
2326 5190 2386 5253 ei

888 5288 1058 5373 quod
1087 5287 1167 5351 ad
1198 5288 1399 5351 finem
1430 5286 1777 5351 ordinatur.
1811 5289 1883 5350 In
1920 5287 2021 5365 his
2063 5306 2213 5352 vero
2242 5307 2386 5372 quae

2499 4312 2706 4365 turam
2764 4300 3042 4365 hominis
3091 4302 3595 4383 supergreditur,
3643 4305 3970 4388 taliumque

2498 4401 2939 4483 operationum
2991 4407 3053 4461 et
3101 4400 3501 4481 agnitionum
3550 4403 3728 4485 origo
3776 4404 3968 4467 estad

2497 4519 2653 4583 quas
2698 4498 3060 4560 intellectus
3090 4506 3155 4561 et
3183 4498 3476 4562 voluntas
3516 4499 3822 4578 hominis,
3851 4520 3968 4586 pro·

2499 4598 2638 4681 pria
2680 4616 2809 4659 suae
2855 4595 3094 4677 speciei
3139 4602 3449 4679 potestate
3492 4606 3558 4660 et
3599 4598 3845 4664 lumine
3877 4620 3970 4664 ne·

2497 4702 2742 4778 queunt
2790 4694 3150 4775 pertingere
3195 4711 3210 4755 :
3251 4702 3316 4757 et
3362 4694 3498 4759 haec
3549 4696 3649 4759 lex
3693 4696 3858 4761 fides
3893 4707 3972 4761 est

2498 4793 2864 4867 orthodoxa,
2901 4811 3040 4873 quae
3080 4792 3424 4855 veritatum
3465 4794 3710 4858 doctrix
3742 4805 3970 4861 estnon

2497 4892 2851 4975 patentium
2893 4890 3166 4953 naturali
3207 4891 3469 4955 ratione.
3505 4892 3596 4955 Ex
3637 4896 3972 4975 cognitione

2496 4999 2710 5054 autem
2750 4990 2952 5053 oritur
2989 4989 3382 5052 desiderium
3424 4990 3524 5053 vel
3567 5010 3793 5055 amor:
3831 4995 3970 5058 unde

2498 5108 2896 5171 consequens
2937 5087 3035 5161 sit,
3071 5093 3142 5149 ut
3181 5088 3376 5150 etiam
3408 5088 3483 5151 ad
3515 5108 3738 5154 earum
3777 5112 3968 5156 rerum

2499 5188 2859 5270 appetitum
2907 5184 3072 5248 fides
3133 5192 3414 5248 mentem
3472 5190 3799 5265 accendat,
3853 5211 3970 5274 quae

2499 5305 2709 5370 neque
2777 5283 3114 5348 sensibiles
3181 5290 3349 5358 sunt,
3411 5304 3622 5369 neque
3680 5289 3967 5369 visibileS,
