4300 6259
860 463 983 530 502
1462 485 1541 532 ns
1580 484 1807 533 Lunum
1849 483 2232 532 cuaisrlANAE
2272 483 2573 540 rusorum,
2618 482 2794 530 uana
2835 484 2895 528 ιι.
2943 501 3022 512 -
3063 483 3202 530 aar.
3245 481 3364 529 xcv
4241 433 4243 500 l

862 760 967 816 tus
997 771 1147 835 ergo
1186 755 1583 836 perniciosus
1622 762 1720 818 est
1758 755 2250 817 sarracenorum
2291 771 2362 814 ac
2475 751 2708 830 minis;
2760 759 2824 814 et
2878 751 3092 814 anima
3150 750 3477 814 rationalis
3536 748 3804 831 requirit
3853 748 3948 810 de-

860 851 1218 915 Judaeorum
1248 860 1313 915 et
1340 853 1835 916 Millenariorum
1866 870 2063 926 error,
2083 853 2188 935 qui
2222 858 2365 933 post
2472 851 2826 912 terminatae
2897 857 3138 913 naturae
3209 867 3461 933 corpus.
3533 848 3802 912 Necesse
3867 853 3953 908 est

862 950 1419 1024 resurrectionem,
1476 969 1893 1015 venereorum
1950 959 2015 1012 et
2072 950 2362 1013 ciborum
2472 948 2648 1012 enim
2706 956 2919 1010 actum
2988 948 3452 1030 proportionari
3525 945 3845 1028 potentiae‚
3899 953 3955 1006 ct

862 1067 1053 1110 usum
1107 1049 1588 1130 resurgentibus
1648 1049 2024 1112 attribuunt.
2086 1048 2366 1111 Millena-
2475 1046 2745 1109 formam
2777 1047 3074 1110 materiae.
3109 1047 3379 1109 Necesse
3419 1063 3569 1127 ergo
3601 1052 3699 1107 est-
3735 1052 3804 1106 ut
3831 1060 3954 1105 cor·
4243 1075 4245 1122 !

863 1146 943 1207 rii
1002 1147 1244 1228 quippe
1310 1155 1460 1209 sunt
1517 1147 1669 1210 dicti
1733 1147 2014 1210 haeretici
2074 1147 2359 1230 quidam,
2475 1163 2628 1228 pora
2659 1145 3129 1226 resurgentium
3163 1145 3294 1207 sint
3321 1145 3567 1218 eadem,
3601 1149 3959 1222 naturaeque
4243 1129 4245 1166 ⁹

865 1245 975 1326 qui
1017 1263 1284 1326 regnum
1320 1246 1550 1308 Christi
1598 1245 1923 1328 ponebant
1963 1246 2252 1308 futurum
2296 1247 2358 1308 in
2472 1244 2762 1324 ejusdem
2819 1262 2964 1305 curn
3015 1242 3391 1325 corporibus
3441 1261 3584 1325 quae
3633 1240 3824 1303 modo
3868 1257 3962 1301 ex-

862 1343 1051 1405 terris
1115 1362 1227 1425 per
1291 1344 1468 1406 mille
1532 1363 1731 1408 annos
1797 1363 1809 1407 ε
1864 1363 1972 1407 eos
2038 1344 2147 1425 qui
2209 1352 2361 1406 tunc
2473 1342 2725 1404 sistunt.
2781 1342 2956 1405 Unde
3015 1360 3133 1404 nec
3185 1341 3355 1404 aeria
3419 1359 3629 1422 neque
3688 1337 3962 1402 coele-stia

866 1443 1350 1515 resurrexerint,
1403 1443 1689 1506 dicentes
1738 1463 1853 1525 per
1896 1451 2141 1505 tantum
2202 1451 2361 1505 tem·
2471 1447 2678 1502 erunt.
2722 1441 3056 1522 Propterea
3105 1439 3510 1522 apertissime
3547 1444 3908 1500 contestans
3945 1453 3958 1496 ε

863 1559 985 1621 pus
1018 1540 1382 1604 carnalibus
1424 1542 1635 1624 epulis
1676 1542 1814 1605 sine
1858 1541 2035 1604 omni
2081 1541 2362 1603 modera-
2472 1539 2616 1601 Scio
2661 1539 2902 1620 (inquit
2947 1538 3092 1618 Job)
3138 1539 3308 1621 quod
3357 1538 3745 1618 Redemptor
3788 1553 3960 1597 meus
3985 1560 4188 1607 names,
4245 1611 4247 1614 Α

867 1638 1061 1711 mine,
1125 1646 1189 1701 et
1248 1639 1415 1701 ultra
1476 1659 1669 1720 quam
1734 1639 1907 1702 credi
1974 1647 2203 1722 potest,
2255 1657 2360 1701 va-
2469 1637 2650 1710 vivit,
2703 1645 2766 1700 et
2814 1637 2880 1700 in
2940 1637 3291 1700 novissimo
3339 1636 3443 1699 die
3489 1637 3567 1697 de
3618 1643 3788 1698 terra
3835 1628 4041 1694 sur-²5⁵·

866 1745 1135 1800 caturos.
1191 1737 1554 1810 Enimvero,
1599 1738 1941 1820 Scripturae
1990 1738 2358 1800 testimonia
2471 1744 2761 1798 recturus
2793 1756 2958 1810 sum,
2983 1745 3045 1799 et
3075 1755 3330 1799 rursum
3363 1733 3815 1798 circumdabor
3841 1731 3962 1814 pel-

865 1855 1007 1917 quae
1045 1836 1321 1899 coelestis
1366 1836 1689 1902 felicitatis
1745 1855 2011 1917 regnum
2056 1835 2178 1898 sub
2223 1854 2356 1898 cor·
2388 1840 2433 1903 B
2472 1835 2531 1898 le
2571 1854 2740 1916 mea,
2791 1843 2856 1898 et
2911 1836 2975 1898 in
3035 1855 3223 1898 carne
3281 1854 3420 1898 mea
3479 1833 3709 1896 videbo
3771 1833 3960 1895 Deum

863 1934 1177 2015 poralium
1230 1935 1521 1998 ciborum
1582 1935 2077 2017 repromissione
2124 1934 2358 1997 descri-
2469 1933 2848 1998 salvatorem
2895 1953 3131 1998 meum.

864 656 1234 718 eorumdem
1277 656 1479 719 amori
1520 656 1849 719 intendere
1879 653 2361 718 valet.—Peni-
2390 651 2442 716 A
2471 661 2684 716 autem
2744 652 3089 726 sensibilis,
3141 659 3239 716 est
3293 653 3372 715 de
3429 650 3804 715 definitione
3845 649 3945 712 ho·

864 2031 1047 2104 bunt,
1096 2032 1515 2114 spiritualiter
1568 2032 1983 2114 intelligenda
2036 2040 2202 2094 sunt.
2254 2033 2360 2095 So·
2549 2031 2910 2108 EnimverO,
2972 2051 3340 2116 quanquam
3399 2031 3688 2095 omnium
3759 2049 3965 2092 resur-

865 2130 953 2192 let
994 2149 1228 2212 nempe
1274 2131 1602 2213 Scriptura
1644 2151 1841 2204 sacra,
1892 2131 2244 2193 invisibilia
2286 2151 2357 2194 ac
2467 2131 2753 2211 gentium
2807 2149 3072 2212 corpora
3119 2131 3410 2213 ejusdem
3459 2138 3699 2193 naturae
3761 2128 3968 2190 futura

866 2229 1295 2310 intelligibilia
1339 2230 1459 2292 sub
1509 2230 1915 2293 sensibilium
1967 2230 2357 2312 imaginibus
2469 2229 2616 2301 sint,
2651 2230 3190 2311 quemadmodum
3223 2228 3518 2291 humanae
3549 2227 3790 2310 speciei
3835 2245 3970 2309 per-
4247 2233 4249 2332 i

865 2327 1050 2389 nobis
1110 2328 1403 2390 nuntiare
1461 2345 1474 2390 :
1533 2337 1850 2410 quatenus
1909 2347 2024 2410 per
2082 2347 2158 2390 ea
2217 2347 2358 2410 quae
2468 2325 2660 2389 fectio
2700 2326 2989 2409 requirit,
3023 2335 3396 2390 nontamen
3439 2326 3583 2389 talis
3612 2325 3968 2408 dispositio-

864 2425 1162 2487 videntur
1208 2433 1271 2487 et
1318 2427 1533 2507 specie
1577 2432 1762 2489 tenus
1809 2426 2236 2498 innotescunt,
2278 2427 2356 2488 ad
2468 2425 2567 2486 nis
2618 2433 2762 2507 post
2808 2425 3339 2488 resurrectionem
3389 2425 3722 2498 exsistent‚
3765 2421 3965 2505 qualis

864 2521 1289 2584 invisibilium
1339 2524 1653 2586 desideria
1706 2524 2228 2604 agnitionemque
2271 2522 2358 2586 fc·
2463 2513 2596 2593 jam
2638 2531 2806 2595 sunt,
2849 2524 2958 2586 sed
2999 2530 3153 2585 tunc
3198 2523 3416 2586 omnia
3466 2519 3964 2604 incorruptibili-

862 2638 1098 2682 ramur.
2467 2628 2662 2683 tatem
2702 2620 3030 2684 habebunt
3063 2639 3077 2684 :
3113 2622 3283 2702 quod
3321 2640 3399 2684 ex
3444 2620 3686 2702 triplici
3729 2619 3966 2682 ratione

2466 2718 2844 2781 ostenditur.
2894 2719 3028 2782 Fiet
3071 2719 3246 2782 enim
3297 2719 3513 2782 futura
3563 2717 3962 2788 resurrecti0‚

2470 2824 2539 2879 ut
2598 2817 2882 2880 universi
2928 2818 3101 2898 juste
3147 2819 3576 2899 praemientur.
3630 2815 3964 2880 Praemium

1243 2891 1731 2956 ARTICULUS
1776 2891 1978 2956 XCV·
2469 2923 2686 2977 autem
2723 2914 3038 2978 bonorum
3072 2923 3168 2978 est
3197 2916 3512 2994 felicitas3
3545 2915 3964 2997 reproborum

860 3031 956 3090 De
1004 3038 1252 3088 natura
1296 3038 1357 3088 et
1406 3031 1830 3105 dispositione
1872 3049 2218 3105 corporum
2268 3051 2362 3091 re·
2397 3015 2439 3078 C
2471 3031 2621 3075 Vffl'o
2668 3012 3000 3094 Praemium
3049 3022 3148 3076 est
3185 3031 3372 3095 Poena
3413 3013 3620 3094 0⁰¹9ae
3665 3012 3963 3074 mortalis·

941 3121 1355 3195 sumentium
1429 3128 1555 3178 tam
1620 3121 1693 3178 in
1751 3121 1968 3178 electis
2025 3140 2220 3198 quam
2282 3123 2352 3180 in
2472 3111 2591 3173 Sed
2635 3119 2762 3172 tam
2803 3110 3076 3173 felicitas
3117 3130 3309 3192 quam
3353 3130 3543 3193 poena
3573 3111 3786 3192 culpae
3819 3129 3970 3172 mor·

949 3209 1261 3283 reprobis,
2471 3208 2615 3270 talis
2661 3216 2809 3271 sunt
2853 3217 3196 3290 perpetuae.
3231 3210 3492 3290 Semper
3533 3227 3690 3290 ergo
3733 3228 3968 3290 perma-

2473 3306 2717 3368 nebunt
2773 3325 3037 3388 corpora
3096 3309 3587 3388 resurgentium.
3641 3307 3964 3370 Praeterea.

995 3403 1121 3465 Rl'r
1160 3403 1437 3484 denique
1481 3404 1863 3465 resurrectio
1907 3411 2117 3466 nostra
2161 3423 2362 3466 resur·
2473 3403 2766 3465 reunitur
2806 3404 3018 3465 anima
3057 3405 3330 3486 corpori,
3374 3412 3443 3466 ut
3484 3413 3714 3467 natura
3753 3421 3968 3486 corpo·

1024 3501 1291 3564 rectioni
1365 3501 1594 3565 Christi
1669 3502 2046 3576 consimilis,
2108 3503 2362 3565 dicente
2473 3502 2583 3573 riS,
2623 3509 2864 3564 naturae
2915 3502 3118 3584 ipsius
3156 3503 3386 3566 animae
3425 3503 3962 3584 proportionetur,

556 3620 759 3677 Philipp.
777 3634 835 3672 m.
864 3600 1165 3682 Apostolo
1210 3617 1224 3661 :
1272 3599 1666 3662 Reformabit
1708 3618 1939 3681 corpus
1983 3600 2362 3663 humilitatis
2475 3607 2794 3681 competat
2834 3608 2899 3662 et
2939 3601 3328 3681 adaequetur,
3376 3601 3546 3662 sicut
3597 3609 3963 3683 praetactum
3990 3625 4126 3662 mxc.

542 3685 611 3726 ²¹·
864 3706 1116 3773 nostrae,
1189 3697 1661 3778 configuratum
1732 3699 1981 3779 corpori
2059 3699 2363 3761 claritatis
2475 3705 2588 3759 est.
2639 3698 2759 3760 Sed
2808 3698 3020 3760 anima
3071 3706 3378 3780 perpetua
3419 3706 3534 3760 est.
3583 3698 3968 3762 immortalia

862 3817 1011 3860 suae.
1046 3797 1167 3860 Sed
1212 3814 1444 3878 corpus
1490 3795 1720 3859 Christi
1771 3804 1913 3877 post
1957 3797 2364 3860 resurrectio·
2474 3812 2624 3877 ergo
2681 3814 2949 3877 corpora
3007 3804 3332 3859 resument
3377 3797 3629 3860 animae.
3680 3798 3970 3879 Amplius

860 3914 1009 3957 nem
1042 3895 1330 3976 ejusdem
1361 3894 1604 3956 exstitit
1628 3902 1868 3957 naturae
1889 3894 2069 3974 cujus
2101 3902 2165 3958 et
2194 3903 2358 3958 ante.
2472 3895 2566 3974 (et
2611 3895 2880 3956 sumitur
2928 3895 3088 3956 ratio
3136 3895 3271 3957 haec
3329 3914 3407 3956 ex
3465 3895 3703 3959 divinae
3763 3915 3971 3958 causa-

860 3993 1018 4056 Nam
1070 4001 1211 4074 post
1260 3992 1816 4066 resurrectionem,
1866 3993 2201 4056 veritatem
2252 3994 2364 4056 hu·
2476 3990 2668 4053 litatis
2713 3993 2948 4054 virtute
2991 3999 3055 4054 et
3098 3991 3440 4071 efficacia),
3475 3993 3662 4066 DeuS,
3709 3994 3822 4075 qui
3865 4012 3972 4054 sua

862 4111 1062 4155 manae
1111 4091 1320 4154 carnis
1372 4092 1436 4152 in
1481 4091 1827 4172 semetipso
1870 4093 2171 4164 ostendit,
2212 4093 2364 4155 visi·
2472 4097 2780 4171 potestate
2823 4107 3090 4172 corpora
3131 4090 3451 4152 destructa
3495 4091 3559 4153 in
3603 4091 3973 4154 resurrecti-

860 4190 1057 4254 bilem
1098 4189 1617 4272 palpabilemque
1660 4208 1727 4250 se
1772 4189 2101 4252 exhibens.
2137 4190 2361 4253 Nostra
2393 4195 2442 4257 D
2474 4205 2594 4250 one
2640 4188 2982 4269 reparabit,
3032 4196 3255 4270 potens
3300 4197 3398 4250 est
3441 4188 3663 4271 utique
3703 4189 3840 4270 jam
3891 4209 3974 4251 re-

858 4306 1010 4370 ergo
1067 4306 1332 4370 corpora
1390 4287 1681 4369 ejusdem
1743 4294 1984 4350 naturae
2043 4296 2232 4351 erunt
2297 4297 2360 4351 et
2476 4293 2692 4368 parata
2722 4304 2984 4368 corpora
3028 4287 3093 4348 in
3127 4295 3510 4369 perpetuum
3542 4305 3966 4351 conservare:

857 4387 1096 4470 speciei
1130 4394 1271 4468 post
1303 4386 2042 4467 resurrectionem‚cujus
2072 4395 2137 4448 et
2167 4407 2356 4464 nunc,
2474 4385 2538 4446 in
2590 4384 2775 4465 cujus
2835 4385 3133 4466 figuram,
3186 4386 3380 4447 trium
3433 4405 3782 4469 puerorum
3843 4406 3968 4451 cor·
3995 4413 4198 4454 naus-2.

858 4493 1086 4566 utputa
1122 4502 1199 4545 ex
1241 4483 1541 4546 carnibus
1580 4490 1643 4544 et
1686 4482 1938 4546 ossibus
1981 4487 2354 4547 constantia.
2473 4500 2626 4564 pora
2659 4484 2723 4544 in
2755 4482 3011 4545 fornace
3043 4483 3208 4564 ignis
3248 4485 3525 4546 servavit
3563 4484 3782 4548 illaesa.
3815 4487 3968 4548 Hinc

859 4583 1029 4646 Dixit
1086 4582 1385 4664 equidem
1446 4581 1751 4644 Dominus
1810 4581 1993 4644 Lucae
2048 4583 2278 4646 ultimo
2339 4603 2352 4647 :
2472 4581 2666 4662 igitur
2720 4580 2810 4643 ait
2863 4582 3203 4663 Apostolus
3255 4600 3268 4643 :
3319 4582 3680 4645 Seminatur
3739 4604 3970 4666 corpus
4019 4597 4198 4641 lemn.

590 4706 829 4758 Lucam,
857 4681 1109 4763 Palpate
1155 4687 1219 4742 et
1278 4680 1509 4752 videte,
1560 4679 1862 4760 quoniam
1910 4680 2176 4761 spiritus
2225 4701 2355 4743 car-
2471 4679 2767 4750 animale,
2814 4687 3029 4760 surget
3074 4687 3285 4742 autem
3337 4681 3710 4762 spirituale3
3759 4692 3826 4746 et
3866 4667 4053 4744 ite-⁴*

566 4771 633 4813 ³⁹·
859 4799 1007 4842 nem
1050 4786 1114 4842 et
1155 4796 1296 4841 ossa
1345 4794 1471 4839 non
1516 4776 1727 4850 habet,
1772 4777 1939 4839 sicut
1982 4797 2083 4840 me
2126 4780 2356 4842 videtis
2473 4796 2614 4838 rum
2671 4795 2684 4839 ε
2729 4777 2885 4841 Caro
2933 4785 2997 4839 et
3043 4779 3302 4858 sanguis
3350 4798 3617 4859 regnum
3669 4781 3784 4844 Dei
3847 4800 3965 4844 non
3998 4803 4143 4846 nsaw

857 4878 1112 4942 habere.
1159 4877 1405 4950 Adhuc,
1452 4894 1713 4938 necesse
1762 4883 1859 4938 est
1908 4876 1972 4938 in
2024 4895 2354 4958 resurgen-
2469 4875 2904 4958 possidebunt.
2938 4876 3075 4938 Non
3105 4885 3405 4958 tanquam
3436 4877 3732 4942 humanae
3761 4881 3970 4942 carnis

854 4977 1030 5040 tibus
1088 4995 1226 5038 esse
1274 4994 1349 5037 ea
1397 4993 1538 5056 quae
1595 4974 1671 5036 ad
1732 4975 2063 5036 veritatem
2114 4976 2353 5056 speciei
2468 4974 2823 5036 substantia
2854 4981 2917 5036 et
2947 4974 3180 5036 veritas
3219 4976 3618 5039 resumendae
3658 4995 3788 5040 non
3819 4979 3964 5050 sint,

856 5076 1297 5155 unitatemque
1347 5071 1663 5134 individui
1723 5071 2087 5152 exiguntur,
2140 5081 2355 5155 quate·
2468 5073 2575 5135 sed
2628 5073 2933 5154 quoniam
2994 5089 3262 5154 corpora
3320 5080 3562 5137 naturae
3619 5076 3964 5157 spirituum

856 5193 977 5235 nus
1008 5191 1234 5235 verum
1282 5170 1366 5232 sit
1394 5171 1651 5232 eosdem
1684 5188 2035 5252 resurgere,
2070 5178 2131 5233 et
2173 5171 2234 5232 in
2276 5190 2351 5235 eo
2465 5189 2577 5235 seu
2629 5170 3086 5234 immortalium
3135 5173 3496 5234 animarum
3535 5176 3968 5256 proportiona-

853 5289 1117 5354 corpore
1175 5286 1304 5351 quo
1352 5268 1651 5330 vixerunt
1707 5269 2043 5350 praemiari.
2093 5269 2351 5332 Materia
2464 5270 2704 5333 buntur
2749 5270 2812 5332 in
2858 5269 3481 5353 incorruptibilitate.
