4300 6259
835 479 956 548 ¹84
1529 500 1950 550 muniturum
1990 497 2387 547 mmmmm.
2436 517 2514 528 --
2556 499 2635 546 DE
2676 499 2876 546 annu
2916 501 3248 549 minorum

837 670 1090 736 decimo
1145 672 1611 756 Metaphysicae,
1659 670 2185 755 reprehendendo
2242 670 2335 733 di·
2362 666 2414 733 A
2441 669 2771 734 dumtaxat
2812 670 2979 735 inest
3025 679 3090 735 et
3136 671 3440 736 convenit
3484 678 3698 736 motus
3746 689 3938 744 unus,

837 777 1054 834 centes
1085 771 1254 852 quod
1285 771 1603 853 principia
1631 789 1843 834 rerum
1879 787 2006 832 non
2037 775 2189 831 sunt
2225 768 2333 830 bo-

836 886 994 931 num
1027 876 1090 931 et
1118 868 1354 942 nobile,
1388 869 1538 951 quia
1566 867 1884 951 principia
1913 875 2062 930 sunt
2102 867 2336 949 imper-

835 964 1025 1040 fecta,
1076 973 1148 1027 ut
1195 964 1439 1029 semina
1487 984 1723 1040 rerum,
1775 964 2014 1029 bonurn
2066 981 2217 1027 vero
2274 971 2339 1027 et

837 1063 1053 1127 nobile
1084 1083 1197 1126 seu
1229 1064 1582 1146 perfectum
1626 1071 1776 1127 sunt
1805 1064 1872 1126 in
1901 1063 2220 1144 generatis
2258 1081 2335 1125 ex

838 1160 990 1236 illis,
1040 1181 1182 1244 quae
1240 1168 1540 1243 generata
1586 1161 1870 1246 perfecta
1919 1168 2069 1223 sunt
2119 1160 2334 1240 entia3

838 1266 1056 1323 contra
1085 1277 1244 1343 quos
1278 1278 1292 1323 ε
1324 1260 1462 1324 Non
1493 1267 1610 1334 est,
1646 1261 1876 1342 inquit,
1911 1278 2134 1322 verum
2167 1259 2336 1341 quod

836 1358 1175 1433 aestimant,
1208 1358 1512 1441 quoniam
1544 1355 1941 1442 imperfecta,
1967 1364 2038 1420 ut
2066 1357 2333 1432 semina,

840 1474 968 1519 non
1008 1463 1157 1519 sunt
1192 1455 1483 1519 absolute
1522 1455 1842 1539 principia
1881 1455 2336 1537 perfectorum,

840 1554 952 1618 sed
1023 1554 1398 1617 econtrario.
1473 1554 1704 1636 Sicque
1773 1553 2045 1616 naturali
2116 1553 2340 1615 ordine

838 1651 1123 1735 oportuit
1164 1651 1494 1714 hominem
1527 1671 1665 1715 esse
1697 1659 1844 1715 ante
1875 1669 2130 1733 sperma
2164 1667 2178 1713 :
2212 1668 2339 1713 non
2450 1654 2547 1715 his
2580 1672 2774 1736 super
2802 1656 3156 1718 secundum
3188 1655 3659 1718 Sententiarum
3700 1655 3945 1717 dictum
3974 1677 4197 1728 dmum

841 1750 1025 1813 illum
1053 1750 1382 1814 hominem
1414 1750 1524 1832 qui
1564 1757 1904 1832 generatur
1942 1769 2020 1812 ex
2061 1767 2343 1831 sperma·

2442 776 2597 850 quot
2625 768 3018 832 firmamenti
3048 778 3159 834 aut
3189 771 3375 834 lunae.
3398 770 3651 853 Alioqui
3682 767 3943 832 infinito

2442 867 2684 929 additio
2732 866 2939 943 fieret,
2994 875 3057 932 et
3102 875 3196 933 tot
3242 877 3458 933 essent
3513 867 3945 931 revolutiones

2444 963 2586 1046 ejus
2638 965 2743 1028 cui
2793 967 3094 1029 convenit
3152 968 3362 1031 solum
3414 987 3541 1031 una
3590 968 3655 1030 in
3704 965 3943 1048 specie,

2444 1071 2601 1145 quot
2643 1065 2784 1146 ejus
2833 1066 2937 1127 cui
2987 1067 3128 1130 duae
3176 1085 3289 1130 seu
3339 1067 3575 1148 plures.
3626 1063 3945 1146 Amplius,

2443 1162 2813 1227 Aristotcles
2878 1181 3007 1227 non
3074 1166 3391 1229 concessit
3463 1163 3947 1227 multitudinem

2446 1268 2590 1322 actu
2638 1260 2983 1336 infinitam,
3030 1263 3531 1326 intellectualem
3576 1263 3767 1325 etiam
3818 1259 3953 1321 ani-

2450 1377 2620 1421 mam
2679 1359 3009 1440 perhibuit
3064 1360 3493 1425 immortalem
3558 1379 3573 1423 :
3632 1367 3742 1422 aut
3798 1375 3951 1439 ergo

2446 1457 2692 1520 animas
2723 1458 3061 1521 rationales
3092 1459 3291 1522 sensit
3316 1459 3449 1540 jam
3480 1465 3801 1541 separatas
3832 1477 3950 1518 nu-

2451 1573 2626 1617 mero
2678 1555 2985 1628 infinitaS,
3028 1565 3134 1619 aut
3183 1574 3407 1620 omnes
3456 1563 3810 1640 corruptas.
3858 1555 3949 1616 De

2448 1759 2545 1814 est
2587 1751 2860 1834 plenius.

840 1856 924 1923 te,
958 1849 1067 1912 sed
1111 1849 1311 1912 alium
1355 1867 1435 1912 ex
1480 1866 1609 1931 quo
1652 1867 1924 1930 sperma.
1959 1849 2177 1929 Itaque
2219 1847 2340 1909 hoc
2368 1845 2414 1907 B
2528 1849 2909 1932 Opinionem
2966 1869 3117 1931 ergo
3173 1841 3532 1915 Aristotelis
3588 1857 3951 1933 sequuntur

840 1946 981 2011 loco
1011 1947 1151 2028 ipsa
1179 1946 1444 2008 veritate
1488 1953 1744 2009 coactus
1785 1945 2116 2009 evidenter
2153 1952 2340 2007 testa-

838 2052 944 2107 tus
992 2051 1109 2118 est,
1155 2044 1326 2126 quod
1377 2044 1731 2106 secundum
1780 2043 2115 2106 veritatem
2162 2050 2344 2104 natu-

842 2161 1108 2224 ramque
1140 2143 1252 2216 rei,
1287 2141 1668 2223 simpliciter
1706 2159 1778 2204 ac
1821 2141 2192 2203 naturaliter
2233 2140 2341 2203 ho-

846 2259 952 2304 mo
981 2241 1161 2323 prius
1189 2239 1396 2302 sactus
1427 2240 1510 2302 sit
1537 2240 1801 2302 semine.
1839 2239 1914 2301 Et
1957 2239 2044 2301 ita
2081 2257 2344 2302 necesse

845 2347 943 2402 est
971 2355 1208 2420 ponere
1236 2336 1562 2400 hominem
1595 2337 1874 2418 aliquem
1905 2356 1942 2398 a
1970 2337 2099 2399 Deo
2128 2337 2343 2399 imme·

845 2436 1014 2499 diate
1057 2436 1464 2518 productum,
1510 2442 1620 2497 aut
1663 2453 1887 2508 unum,
1930 2442 2042 2496 aut
2084 2434 2340 2516 plures3

845 2543 911 2599 et
938 2539 1024 2597 ita
1054 2535 1132 2596 de
1161 2533 1305 2595 aliis
1336 2533 1564 2614 primis
1608 2533 1976 2614 suppositis
2011 2533 2171 2594 Hinc
2211 2551 2345 2595 rur-

845 2652 955 2695 sus
1013 2649 1182 2696 nono
1239 2631 1682 2714 Meiaphysicae
1740 2630 1946 2693 fassus
2005 2638 2122 2702 est,
2174 2630 2343 2713 quod

845 2731 1139 2815 quamvis
1171 2731 1236 2792 in
1267 2729 1492 2793 eodem
1539 2729 1824 2813 potentia
1861 2738 2074 2792 actum
2114 2748 2345 2813 praece-

848 2829 974 2902 dat,
1026 2828 1194 2891 sicut
1240 2829 1306 2890 in
1356 2828 1476 2891 hoc
1534 2845 1656 2891 ovo
1704 2827 1988 2909 potentia
2044 2827 2347 2910 praecedit

845 2935 1058 2990 actum
1089 2927 1341 3008 gallinae
1372 2933 1684 3007 generatae
1725 2944 1803 2989 ex
1843 2943 2003 3005 ovo;
2035 2925 2345 3008 simplici-

2450 1947 2668 2010 multae
2711 1947 3127 2012 difficultates
3176 1957 3242 2012 et
3288 1950 3742 2012 intricationes.
3790 1949 3951 2010 Hinc

2449 2046 2648 2127 aliqui
2700 2047 2913 2128 magni
2962 2047 3252 2110 doctores
3308 2048 3726 2129 scripserunt,
3778 2046 3954 2128 quod

2452 2151 2763 2227 repugnet
2802 2153 3042 2208 naturae
3084 2154 3196 2208 aut
3238 2146 3465 2208 rationi
3509 2153 3839 2218 creaturae,
3874 2144 3955 2207 ab

2452 2250 2687 2306 aeterno
2718 2243 2947 2322 fuisse3
2970 2251 3033 2306 et
3061 2244 3417 2307 efficaciter
3446 2243 3648 2326 possit
3674 2244 3954 2315 ostendi,

2453 2341 2623 2424 quod
2669 2341 3041 2404 universum
3088 2361 3125 2405 a
3170 2343 3299 2405 Deo
3339 2344 3417 2406 de
3457 2360 3623 2405 novo
3664 2350 3953 2405 creatum

2453 2439 2553 2501 sit.
2596 2439 2721 2502 Alii
2768 2447 2984 2502 tamen
3030 2441 3396 2523 oppositum
3440 2441 3767 2520 sentiunt;
3818 2441 3959 2523 qui-

2454 2539 2598 2600 dam
2620 2555 2769 2600 vero
2802 2536 3252 2618 imaginantur,
3267 2540 3435 2621 quod
3462 2539 3525 2600 in
3548 2539 3957 2611 successiviS,

2454 2653 2581 2698 non
2613 2635 2679 2698 in
2710 2636 3156 2717 permansiviS,
3190 2637 3539 2719 opinioilla
3560 2637 3643 2699 sit
3663 2637 3964 2720 impossi-

2455 2733 2623 2795 bilis.
2659 2733 2981 2797 Postremo
3013 2734 3077 2795 in
3119 2734 3239 2798 hoc
3276 2752 3500 2798 omnes
3542 2734 3959 2806 concordant,

2457 2832 2626 2914 quod
2673 2832 2983 2894 mundum
3039 2831 3358 2915 incepisse
3411 2833 3497 2895 ita
3541 2833 3620 2896 de
3668 2850 3839 2896 novo
3890 2841 3963 2893 ut

2456 2929 2641 2991 docet
2684 2929 3032 3011 Scriptura,
3079 2937 3229 3011 puta
3269 2930 3437 2992 infra
3474 2938 3731 3012 tempus
3772 2930 3841 2992 in
3886 2948 3965 2992 ea

846 3032 945 3090 ter
989 3033 1203 3089 tamen
1252 3032 1318 3088 et
1365 3025 1430 3086 in
1478 3024 1750 3087 diversis
1807 3033 1987 3087 actus
2045 3025 2348 3107 praecedit
2376 3021 2419 3085 C
2458 3047 2853 3110 expressum,
2888 3028 3022 3091 sola
3063 3027 3194 3090 fide
3238 3037 3544 3092 servetur.

849 3123 1219 3207 potentiam.
1253 3123 1382 3185 Nec
1412 3122 1532 3185 hoc
1564 3122 1853 3204 procedit
1884 3122 1948 3184 in
1989 3122 2344 3197 infinitum,

850 3222 1018 3285 sicut
1045 3239 1164 3284 nec
1196 3221 1262 3284 in
1294 3220 1726 3284 subordinatis
1761 3238 1775 3282 :
1812 3220 1941 3283 imo
1970 3227 2135 3282 stare
2166 3238 2349 3303 opor·

851 3328 942 3384 tet
971 3320 1034 3382 in
1067 3318 1304 3400 gallina
1331 3337 1459 3382 non
1491 3317 1765 3380 habente
1794 3336 1934 3380 esse
1963 3337 2042 3380 ex
2071 3336 2214 3392 ovo,
2238 3319 2347 3381 sed

851 3436 1044 3482 omne
1087 3435 1280 3480 ovum
1327 3416 1727 3498 praecedente
1773 3423 1837 3477 et
1879 3433 2135 3478 omnem
2176 3416 2350 3498 galli-

853 3536 1002 3579 nam
1047 3523 1415 3598 generatam
1473 3533 1550 3576 ex
1611 3532 1772 3592 ovo;
1826 3515 1918 3576 sic
1966 3533 2223 3596 quoque
2270 3517 2348 3578 de

852 3615 1135 3689 homine,
1175 3631 1363 3697 equ0,
1413 3613 1596 3677 leone
1645 3620 1709 3676 et
1765 3613 2212 3676 consimilibus
2255 3622 2352 3676 est

852 3713 1216 3776 dicendum.

931 3812 1384 3874 Verumtamen
1415 3808 1788 3872 Aristoteles
1820 3809 1990 3872 istud
2037 3825 2164 3872 non
2207 3826 2351 3871 con-

723 3929 732 3938 ·
852 3909 1168 3974 cessisset.
1205 3908 1380 3971 Unde
1424 3907 1686 3989 quidam
1727 3907 2138 3982 concludunt,
2183 3908 2351 3988 quod

851 4008 954 4072 vel
985 4025 1111 4070 non
1145 4005 1345 4069 sensit
1376 4006 1690 4068 mundum
1733 4005 1814 4067 ab
1853 4012 2089 4068 ae'terno
2128 4005 2349 4078 fuisse,

851 4105 956 4170 vel
997 4105 1168 4187 quod
1208 4103 1334 4165 sibi
1383 4103 1506 4186 ipsi
1555 4102 1910 4166 contrarius
1961 4102 2104 4164 fuit.
2148 4103 2355 4184 Siqui-

2828 3235 3348 3302 PROPOSITIO
3403 3236 3577 3300 XCI.

2535 3419 3107 3487 Diversitatem
3136 3422 3583 3487 animarum
3612 3423 3965 3488 rationa-

2456 3518 2659 3584 lium
2702 3519 2789 3584 in
2835 3518 3291 3598 aptitudine
3348 3521 3431 3585 et
3491 3521 3964 3601 capacitate,

2458 3617 2543 3682 in
2586 3616 3106 3684 inclinatione
3144 3618 3227 3682 et
3263 3619 3830 3694 ingeniositate
3862 3621 3967 3686 ad

2458 3715 2833 3780 scientias
2872 3716 2955 3780 et
2994 3714 3365 3797 virtutes,
3396 3719 3765 3784 asserunt
3790 3721 3967 3799 qui-

2459 3811 2643 3877 dam
2702 3811 3021 3878 causari
3078 3827 3176 3878 ex
3234 3813 3555 3880 diversa
3600 3819 3969 3894 corporis

2459 3908 3005 3990 dispositione,
3049 3911 3197 3976 alii
3246 3926 3344 3978 ex
3390 3911 3750 3990 ingenita
3792 3915 3969 3978 am-

2458 4021 2770 4073 marum
2813 4008 3343 4076 institutione.

2540 4105 2715 4178 Quod
2748 4113 2863 4178 est,
2898 4106 3201 4186 quoniam
3236 4105 3483 4188 species
3514 4125 3582 4169 se
3610 4106 3853 4170 habent
3894 4118 3971 4172 ut

854 4204 1001 4268 dem
1044 4203 1232 4264 tertio
1273 4200 1682 4284 Physicorum
1718 4217 1732 4263 ε
1776 4200 2181 4282 Impossibile
2210 4201 2353 4282 (ait)
2384 4204 2433 4265 D
2462 4203 2713 4266 numeri
2748 4220 2762 4264 :
2790 4203 2933 4265 ideo
2962 4202 3186 4266 formae
3214 4203 3505 4284 ejusdem
3539 4205 3776 4287 speciei
3810 4217 3971 4268 sunt

853 4309 954 4366 est
985 4299 1240 4362 infinita
1259 4317 1399 4360 esse
1421 4297 1836 4379 pertransita3
1860 4315 2009 4378 ergo
2039 4316 2165 4361 non
2200 4317 2354 4381 prae-

737 4432 744 4440 ·
855 4404 1186 4462 cesserunt
1215 4395 1380 4457 hanc
1420 4395 1590 4456 diem
1634 4394 2135 4476 hodiernamque
2174 4414 2351 4459 revo-

854 4496 1188 4568 lutionem,
1248 4492 1384 4554 dies
1443 4499 1507 4554 et
1570 4491 1997 4555 revolutiones
2055 4492 2346 4557 infinitae.

852 4597 1094 4660 Rursus
1152 4590 1475 4664 disseruit,
1528 4591 1699 4671 quod
1759 4609 1960 4652 unum
2019 4590 2349 4655 infinitum

847 4711 977 4756 non
1009 4696 1106 4754 est
1133 4688 1261 4752 alio
1292 4687 1542 4769 majus3
1573 4693 1638 4750 et
1668 4686 1844 4762 item,
1879 4689 2048 4770 quod
2091 4688 2349 4753 infinito

846 4789 988 4855 sieri
1035 4787 1260 4870 nequit
1305 4784 1586 4865 additi03
1619 4793 1684 4848 et
1721 4785 1954 4860 denuo,
1986 4787 2157 4867 quod
2204 4806 2347 4869 pars

843 4888 1055 4952 minor
1083 4893 1182 4948 est
1209 4902 1326 4948 suo
1355 4892 1486 4948 toto
1521 4903 1534 4949 :
1570 4903 1711 4966 quae
1751 4884 1968 4948 omnia
2007 4884 2167 4947 salsa
2202 4903 2347 4949 con-

841 4987 1160 5060 sisterent,
1209 4983 1262 5046 si
1313 4983 1592 5047 mundus
1639 4983 2022 5046 aeternaliter
2069 4985 2345 5046 exstitis-

841 5092 960 5158 set,
979 5102 1180 5166 quum
1210 5081 1549 5165 praeteritis
1583 5080 2090 5144 revolutionibus
2121 5089 2185 5144 et
2214 5082 2343 5144 die-

841 5183 964 5246 bus
1023 5179 1307 5263 quotidie
1379 5178 1670 5261 quaedam
1728 5178 2062 5253 addantur,
2122 5187 2342 5264 totque

2460 4319 2641 4381 aeque
2687 4299 2983 4382 perfectas
3015 4301 3079 4362 in
3112 4319 3225 4362 sua
3255 4309 3502 4374 natura,
3538 4320 3657 4364 nec
3696 4321 3824 4365 una
3864 4312 3971 4366 est

2462 4398 2527 4460 in
2558 4398 2756 4478 gradu
2785 4396 2995 4459 altiori
3025 4416 3217 4479 quam
3247 4398 3373 4460 alia
3400 4417 3477 4462 ex
3508 4399 3969 4463 essentialibus

2460 4497 2612 4558 suis.
2648 4495 2911 4568 Idcirco,
2946 4497 3113 4577 quod
3152 4515 3318 4558 unus
3348 4495 3541 4560 homo
3578 4505 3677 4560 est
3715 4497 3970 4580 ingeni-

2458 4593 2624 4656 osior
2660 4600 2724 4656 et
2763 4592 2995 4655 indolis
3038 4593 3321 4656 melioris
3368 4613 3561 4675 quam
3598 4595 3781 4668 alter,
3826 4615 3967 4660 non

2458 4691 2713 4754 videtur
2749 4708 2935 4772 posse
2980 4691 3347 4771 contingere
3386 4710 3464 4754 ex
3508 4701 3685 4775 parte
3721 4694 3966 4760 animae

2458 4796 2765 4870 quantum
2811 4789 2889 4851 ad
2935 4789 3247 4851 naturalia
3290 4809 3425 4863 sua,
3471 4791 3581 4853 sed
3621 4791 3831 4855 solum
3878 4811 3963 4855 ex

2456 4887 2709 4950 diversa
2750 4887 3035 4970 corporis
3079 4887 3518 4969 dispositione.

2536 4985 2657 5048 Sed
2697 4985 2796 5047 his
2839 4985 3102 5048 obviare
3130 4985 3405 5058 videtur,
3438 4985 3607 5067 quod
3652 4986 3963 5069 frequen-

2453 5090 2550 5146 ter
2580 5084 2872 5146 homines
2905 5083 3143 5165 pejoris
3174 5083 3637 5165 complexionis
3666 5093 3817 5148 sunt
3857 5105 3964 5150 ca-

2452 5181 2761 5264 paciores,
2807 5189 2870 5244 et
2915 5181 3147 5244 indolis
3194 5180 3497 5244 melioris.
3542 5182 3961 5266 Experientia

845 5279 1119 5344 fuisse-nt
1173 5275 1602 5340 revolutiones
1659 5275 1852 5359 primi
1911 5277 2191 5353 mobiliS,
2236 5278 2341 5341 cui
2450 5297 2705 5363 quoque
2734 5279 2988 5343 videtur
3015 5278 3264 5355 docere,
3299 5279 3469 5362 quod
3498 5280 3713 5344 anima
3752 5283 3959 5347 unius
