4300 6259
891 475 1015 540 482
1456 493 1537 540 na
1578 492 1804 540 mmm:
1847 491 2228 540 cnmsrurm
2269 489 2571 549 monim,
2613 490 2792 536 unna
2833 491 2900 536 11.
2946 508 3024 522 --
3068 491 3207 536 ΛΒΤ.
3253 488 3438 536 mxxix

2419 659 2470 724 A
2501 661 2660 723 situs
2702 661 3000 743 importat
3047 660 3336 724 ordinem
3382 659 3660 743 partium
3713 659 3976 742 corporis

2498 759 2576 821 ad
2628 759 2863 832 locum,
2913 759 3006 822 sic
3065 766 3164 822 est
3219 759 3496 841 speciale
3556 758 3979 842 praedicamen-

2499 865 2659 932 tum,
2709 859 2876 920 sicut
2917 859 3108 920 etiam
3161 859 3226 920 in
3277 857 3444 922 libro
3489 858 3610 920 Sex
3657 857 3981 940 principio-

2501 975 2644 1017 rum
2677 956 2997 1020 Gilbertus
3029 957 3405 1019 porretanus
3435 955 3714 1018 deducit.
3731 956 3982 1037 Utroque

1212 719 1703 785 ARTICULUS
1750 721 2061 785 LXXIX.

958 869 1214 930 Solutio
1265 869 1600 928 rationum
1646 887 1791 948 quae
1838 887 1919 926 ew
1960 875 2155 944 parce
2203 870 2327 928 loci

1388 958 1885 1034 objiciebantur.

2501 1063 2712 1117 autem
2755 1055 2944 1117 modo
2984 1053 3193 1117 dictus
3233 1054 3418 1128 situs,
3453 1072 3710 1135 semper
3746 1073 3783 1115 a
3813 1073 3987 1135 quan-

2498 1153 2677 1216 titate
2721 1161 3034 1215 causatur.
3071 1152 3398 1226 Quantitas
3441 1152 3684 1215 etenim
3729 1153 3833 1214 dat
3867 1171 3985 1215 cor·

2501 1251 2638 1332 pori
2681 1269 2820 1314 esse
2859 1257 3194 1332 quantum,
3228 1257 3292 1313 et
3329 1250 3525 1312 etiam
3565 1268 3706 1312 esse
3746 1250 3812 1312 in
3842 1249 3982 1314 loco.

2500 1349 2576 1410 Et
2606 1368 2642 1410 a
2673 1349 2882 1431 primo
2911 1349 3116 1411 oritur
3153 1347 3314 1411 situs
3356 1349 3568 1430 primo
3607 1348 3798 1410 modo
3835 1367 3987 1411 sum-

2500 1455 2646 1530 ptus
2681 1466 2697 1528 3
2758 1467 2795 1509 a
2860 1448 3143 1510 secundo
3199 1454 3439 1522 autem,
3501 1448 3665 1509 situs
3732 1447 3840 1529 qui
3903 1456 3987 1510 est

2495 1546 3067 1626 generalissimum.
3117 1545 3428 1619 Quoniam
3479 1545 3677 1626 igitur
3721 1544 3986 1608 Christus

1023 1151 1078 1216 X
1124 1153 1225 1215 his
1272 1158 1488 1214 autem
1547 1152 1825 1215 rationes
1884 1172 2025 1235 quae
2080 1172 2158 1215 ex
2210 1159 2388 1235 parte

610 1272 863 1328 amanet
1053 1251 1173 1314 loci
1218 1249 1713 1331 objiciebantur,
1746 1251 2064 1314 solvendae
2109 1259 2277 1313 sunt.
2315 1251 2390 1312 Et

598 1349 635 1379 ⁸·
890 1350 1150 1433 quidem
1184 1349 1391 1432 prima
1420 1348 1852 1431 illarum,quae
1885 1349 2156 1431 inquirit
2181 1367 2392 1431 quem—

886 1449 1233 1511 admodum
1273 1447 1339 1510 in
1377 1454 1507 1509 tam
1549 1446 1798 1509 modica
1843 1448 2194 1529 quantitate
2241 1464 2388 1510 con-

884 1547 1078 1610 tineri
1122 1546 1322 1630 possit
1365 1546 1685 1626 integrum
1730 1563 1962 1628 corpus
2008 1545 2264 1621 Christi,
2309 1565 2387 1608 ex

885 1645 1297 1727 praeinductis
1355 1644 1563 1707 soluta
1627 1650 1743 1706 est.
1807 1642 1986 1706 Ratio
2052 1643 2228 1706 enim
2304 1644 2386 1706 ob
2497 1644 2564 1707 in
2630 1645 3039 1708 Sacramento
3095 1644 3461 1706 continetur
3515 1662 3668 1706 cum
3727 1643 3987 1727 perfecta

882 1761 1074 1824 quam
1110 1760 1342 1825 corpus
1375 1743 1654 1806 locatum
1687 1748 1750 1802 et
1781 1740 1958 1802 locus
1988 1749 2139 1804 sunt
2178 1761 2385 1824 aequa-
2497 1761 2610 1804 sua
2640 1743 3014 1824 quantitate,
3037 1739 3452 1803 manifestum
3485 1748 3582 1802 est
3611 1749 3824 1823 partes
3853 1741 3988 1822 ipsi·

883 1839 987 1912 lia,
1032 1847 1131 1902 est
1173 1839 1549 1902 eorumdem
1593 1838 2133 1901 commensuratio
2182 1856 2196 1900 :
2243 1858 2385 1921 quae
2419 1841 2466 1903 B
2497 1859 2572 1902 us
2633 1840 2866 1903 habere
2925 1840 3216 1903 ordinem
3277 1840 3342 1901 in
3399 1847 3557 1914 toto,
3609 1857 3740 1902 non
3791 1848 3986 1903 autem

880 1953 959 1998 ex
1014 1955 1090 1999 eo
1149 1936 1499 2017 consurgit,
1554 1937 1721 2018 quod
1781 1935 2138 1998 substantia
2197 1935 2383 1998 locati
2498 1957 2612 2020 per
2668 1947 3032 2021 respectum
3093 1938 3171 2000 ad
3233 1938 3470 2012 locum,
3535 1946 3730 2020 prout
3792 1938 3988 2020 expla-

880 2051 1010 2095 non
1056 2053 1169 2116 per
1211 2035 1623 2115 semetipsam
1671 2034 2065 2108 immediate,
2100 2033 2211 2096 sed
2259 2053 2386 2096 me·
2494 2045 2714 2100 natum
2766 2045 2880 2100 est.
2934 2037 3036 2100 Sic
3086 2037 3282 2118 igitur
3329 2036 3620 2099 Christus
3681 2037 3750 2098 in
3795 2037 3987 2100 Sacra·

878 2131 1095 2194 diante
1125 2133 1383 2214 propria
1412 2131 1814 2194 dimensione
1858 2139 2192 2214 coaptatur
2219 2132 2378 2194 loco.
2495 2143 2714 2198 mento
2762 2135 3000 2197 dicitur
3047 2153 3188 2198 esse
3246 2141 3548 2216 quantuS,
3601 2135 3736 2198 imo
3793 2143 3986 2196 tantus

881 2229 1089 2302 Quum
1126 2230 1341 2310 igitur,
1388 2230 1744 2292 secundum
1791 2229 2156 2310 praehabita,
2191 2247 2418 2313 oppo-.
2493 2235 2661 2296 sicut
2693 2235 2757 2296 in
2789 2253 2982 2296 cruce
3011 2233 3364 2316 pendebat3
3399 2250 3526 2295 non
3557 2241 3780 2297 tamen
3809 2253 3987 2316 quan-

882 2327 1005 2389 sito
1050 2328 1238 2390 modo
1284 2345 1515 2408 corpus
1557 2327 1788 2390 Christi
1836 2328 1919 2390 sit
1964 2328 2028 2389 in
2075 2328 2215 2391 loco
2253 2345 2382 2410 quo

881 2425 1243 2500 conficitur,
1277 2432 1503 2508 utputa
1539 2425 1896 2488 substantia
1936 2427 2222 2508 corporis
2253 2426 2380 2509 pri-

880 2543 1007 2600 m0,
1053 2533 1115 2588 et
1159 2543 1272 2607 per
1312 2544 1455 2587 eam
1498 2525 1700 2607 ipsius
1744 2524 2062 2588 dimensio
2105 2545 2183 2587 ex
2233 2543 2378 2588 con-

878 2625 1247 2687 comitantia
1292 2624 1589 2706 quadam,
1624 2623 1775 2704 quia
1807 2624 1945 2686 sine
1976 2623 2378 2687 dimensione

876 2740 1109 2804 corpus
1164 2741 1304 2785 esse
1358 2723 1623 2802 nequit3
1670 2721 1823 2783 hinc
1868 2723 2077 2803 palam
2122 2729 2241 2796 est,
2288 2742 2380 2784 ra-

874 2821 1116 2883 tionem
1157 2821 1321 2882 hanc
1364 2838 1491 2882 non
1531 2821 1879 2902 praevalere
1924 2821 1989 2882 in
2034 2819 2234 2883 fidem
2280 2839 2378 2884 or-

876 2918 1237 2982 thodoxam.
1300 2919 1498 2992 Unde,
1560 2919 1728 2980 sicut
1796 2918 2175 2995 substantia,
2236 2939 2377 3002 quae

2492 2332 2760 2407 titative,
2799 2333 2910 2396 sed
2955 2331 3437 2395 indivisibiliter
3481 2349 3496 2394 :
3536 2350 3616 2402 eo
3657 2333 3830 2414 quod
3871 2351 3981 2394 non

2493 2439 2898 2512 comparetur
2925 2432 3002 2494 ad
3036 2431 3250 2493 locum
3290 2449 3405 2513 per
3440 2432 3774 2513 propriam
3803 2451 3982 2514 quan·

2493 2529 2762 2591 titatem.

2571 2628 2687 2690 Pro
2725 2627 3020 2690 secundae
3058 2627 3443 2708 objectionis
3483 2628 3806 2691 solutione
3851 2646 3979 2691 con-

2490 2725 2931 2808 templandum
2981 2733 3099 2801 est,
3151 2727 3321 2808 quod
3379 2726 3547 2789 sicut
3605 2745 3712 2789 res
3768 2727 3978 2790 consti-

2489 2825 2692 2886 tuitur
2723 2825 2788 2886 in
2819 2825 3032 2906 specie
3064 2843 3178 2906 per
3207 2825 3636 2898 naturam‚sic
3668 2826 3978 2888 ordinatur

2489 2922 2554 2984 in
2587 2922 2726 2985 loco
2758 2941 2872 3004 per
2909 2922 3405 2985 dimensionem.
3438 2921 3973 2996 Quemadmodum

876 3017 1231 3079 secundum
1296 3036 1365 3080 se
1420 3017 1617 3097 (sicut
1685 3017 1896 3098 primo
1962 3016 2376 3100 physicorum
2411 3022 2456 3086 C
2490 3020 2685 3102 igitur
2731 3021 2783 3083 si
2832 3021 3001 3083 idem
3051 3020 3319 3084 haberet
3375 3021 3664 3084 diversas
3715 3029 3973 3094 natum,

875 3114 965 3176 ait
1018 3115 1469 3198 Philosophus)
1515 3114 1931 3178 indivisibilis
1981 3123 2099 3190 est,
2150 3124 2216 3178 et
2264 3135 2379 3198 per

876 3230 1274 3295 consequens
1313 3231 1433 3276 nec
1476 3213 2173 3296 circumscriptibiliter
2213 3214 2376 3277 loca-

879 3310 1048 3386 bilis,
1070 3312 1386 3374 mediante
1415 3312 1768 3394 quantitate
1805 3312 2211 3387 distenditur,
2235 3332 2374 3395 par-

875 3410 1031 3471 titur
1070 3417 1261 3492 atque
1306 3411 1589 3489 locatur3
1636 3411 1731 3473 sic
1789 3411 1854 3472 in
1897 3410 2104 3474 hostia
2157 3411 2373 3474 altaris

875 3525 1075 3589 quum
1125 3509 1445 3590 quantitas
1488 3508 1722 3572 Christi
1774 3527 1899 3572 non
1940 3509 2023 3572 sit
2070 3510 2192 3572 nisi
2243 3529 2376 3573 me-

873 3605 1085 3668 diante
1134 3606 1507 3681 substantia,
1559 3626 1700 3690 quae
1751 3608 2101 3670 secundum
2160 3627 2228 3670 se
2274 3611 2374 3690 (ut

873 3721 1044 3765 nunc
1073 3702 1435 3784 dicebatur)
1464 3704 1877 3787 impartibilis
1907 3713 2025 3780 est,
2059 3705 2203 3768 ideo
2234 3707 2373 3788 ipsa

872 3818 1127 3884 quoque
1185 3801 1668 3865 indivisibiliter
1727 3804 1792 3864 in
1850 3804 1970 3866 hoc
2020 3803 2160 3866 loco
2207 3805 2372 3867 exsi-

872 3901 1002 3962 stit.
1050 3901 1140 3962 Ex
1188 3919 1315 3982 quo
1368 3901 1697 3976 elucescit,
1745 3920 1976 3985 corpus
2022 3903 2256 3967 Christi
2306 3905 2372 3966 in

872 3999 1279 4062 Sacramento
1308 4017 1435 4062 non
1465 3999 1701 4062 habere
1731 4001 1923 4062 situm
1959 4003 2069 4084 qui
2101 4010 2199 4064 est
2236 4021 2374 4084 spe-

873 4098 1033 4160 ciale
1065 4098 1634 4180 praedicamentum
1660 4116 1677 4178 3
1710 4099 1901 4162 habet
1930 4106 2143 4162 tamen
2175 4101 2368 4163 situm

2489 3128 2715 3202 utputa
2761 3119 3042 3182 hominis
3090 3127 3156 3182 et
3200 3120 3423 3195 leonia,
3469 3129 3645 3184 esset
3689 3140 3803 3204 per
3852 3121 3976 3182 illas

2489 3218 2554 3279 in
2613 3218 2884 3280 diversis
2944 3217 3305 3300 speciebuS,
3357 3218 3642 3281 humana
3701 3219 3978 3282 videlicet

2487 3323 2550 3378 et
2599 3316 2891 3396 leonina3
2944 3317 3036 3378 sic
3093 3334 3297 3397 quum
3347 3334 3579 3398 corpus
3631 3317 3865 3381 Christi
3907 3317 3977 3377 sit

2488 3415 2576 3492 in,
2613 3414 2883 3477 diversis
2941 3413 3270 3488 altaribuS‚
3333 3433 3460 3478 non
3521 3433 3640 3497 per
3707 3417 3977 3499 proprias

2486 3512 2942 3586 dimensioneS‚
2974 3513 3085 3576 sed
3117 3513 3531 3588 extrinsecaS,
3554 3515 3846 3596 corporis
3873 3514 3978 3575 sci—

2486 3611 2636 3674 licet
2681 3611 2850 3693 quod
2897 3611 2962 3673 in
3010 3611 3218 3694 ipsum
3261 3629 3648 3674 conversum
3693 3620 3810 3686 est,
3839 3612 3974 3673 hinc

2485 3709 2792 3791 possibile
2850 3717 2946 3773 est
3004 3710 3215 3793 ipsum
3284 3709 3405 3774 sub
3476 3718 3567 3773 tot
3635 3711 3972 3774 hostiarum

2485 3808 2822 3890 speciebus
2867 3808 3204 3883 contineri,
3240 3815 3396 3891 quot
3439 3808 3504 3871 in
3549 3810 3766 3892 ipsum
3807 3809 3971 3891 panis

2483 3906 2855 3969 substantiae
2911 3923 3233 3970 conversae
3305 3906 3564 3982 suerint,
3627 3927 3830 3990 quum
3889 3906 3972 3968 di·

2485 4006 2848 4068 mensiones
2907 4005 3032 4068 illae
3089 4005 3631 4068 diversificentur.
3697 4007 3816 4069 Sed
3873 4023 3974 4087 per

2482 4102 2772 4185 proprias
2832 4102 3264 4166 dimensiones
3324 4103 3393 4165 in
3463 4120 3592 4165 uno
3662 4104 3974 4167 dumtaxat

872 4196 983 4278 qui
1032 4204 1129 4259 est
1173 4197 1420 4279 species
1468 4198 1859 4278 quantitatis.
1907 4198 2077 4261 Situs
2130 4199 2372 4282 quippe
2403 4204 2452 4266 D
2483 4201 2621 4263 loco
2659 4191 2954 4264 exsistit:
2992 4219 3198 4282 neque
3241 4201 3417 4262 enim
3462 4201 3677 4264 locum
3720 4202 3787 4264 in
3827 4201 3973 4264 eoelo

872 4294 1007 4356 sive
1048 4295 1301 4377 positio,
1336 4312 1465 4358 uno
1508 4296 1697 4358 modo
1738 4305 2061 4379 acceptus,
2095 4305 2193 4360 est
2233 4317 2372 4381 spe-

871 4393 1000 4454 cies
1050 4395 1461 4475 quantitatis3
1512 4395 1639 4457 alio
1688 4396 1877 4458 modo
1925 4403 2021 4458 est
2070 4397 2370 4479 praedica—

870 4499 1180 4554 mentum.
1236 4492 1408 4556 Situs
1458 4511 1759 4575 namque,
1807 4494 2097 4556 ordinem
2144 4515 2366 4577 quem-

866 4591 1007 4652 dam
1038 4590 1311 4672 partium
1342 4591 1657 4674 importat.
1683 4592 1796 4654 Hic
1828 4593 2019 4672 igitur
2042 4594 2198 4656 ordo
2229 4613 2366 4675 par-

868 4689 1027 4751 tium
1077 4690 1425 4752 attenditur
1470 4690 1573 4752 vel
1619 4691 1685 4752 in
1734 4691 1957 4753 ordine
2004 4692 2081 4753 ad
2132 4699 2360 4767 totum,

861 4787 965 4851 vel
1025 4787 1090 4849 in
1149 4788 1373 4850 ordine
1430 4789 1509 4850 ad
1568 4789 1781 4851 locum
1846 4807 1859 4850 ε
1913 4788 2081 4851 sicut
2138 4789 2364 4871 quinto

862 4887 1307 4969 Metaphysicae
1350 4887 1628 4949 ostendit
1668 4887 1997 4950 Averroes.
2042 4888 2104 4950 Si
2154 4889 2363 4970 primo

866 4985 1077 5061 modo,
1139 4987 1232 5047 sic
1288 4987 1449 5048 situs
1508 4992 1605 5048 est
1662 4985 1909 5067 species
1967 4987 2358 5067 quantitatis,

864 5084 1029 5146 Dicit
1058 5102 1291 5167 nempe
1332 5084 1395 5144 in
1424 5083 1936 5147 Praedicamentis
1966 5085 2358 5161 AristoteleS,

863 5183 1035 5266 quod
1066 5183 1495 5265 quantitatum
1535 5182 1632 5246 hae
1671 5183 1932 5266 quidem
1974 5183 2358 5264 positionem

860 5280 1119 5356 habent,
1181 5281 1305 5344 illae
1362 5299 1513 5344 vero
1571 5281 1859 5344 minime.
1922 5281 2085 5348 Dum
2144 5290 2357 5345 autem

2482 4299 2769 4362 Christus
2829 4299 3084 4373 deserit,
3141 4299 3294 4361 dum
3350 4299 3413 4360 in
3473 4299 3657 4362 altari
3709 4319 3846 4363 θεεθ
3891 4299 3974 4362 in·

2481 4397 2654 4480 cipit.
2700 4397 3052 4460 Dicendum
3095 4397 3290 4478 igitur
3331 4414 3458 4459 non
3497 4415 3638 4460 esse
3680 4397 3971 4480 possibile

2479 4503 2550 4558 ut
2597 4496 2678 4558 sit
2725 4496 2896 4558 idem
2950 4497 3010 4558 in
3062 4495 3333 4557 diversis
3377 4495 3536 4558 locis
3582 4515 3700 4578 per
3741 4515 3830 4572 se,
3871 4495 3968 4558 sed

2479 4613 2592 4677 per
2619 4595 2916 4657 accidens
2947 4594 3066 4656 hoc
3097 4593 3367 4656 accidit:
3403 4593 3590 4674 cujus
3620 4596 3782 4658 ratio
3811 4613 3970 4656 nunc

2476 4693 2619 4755 data
2662 4701 2778 4755 est.
2823 4694 3042 4755 Denuo
3085 4692 3569 4765 advertendum,
3614 4693 3786 4774 quod
3831 4693 3966 4754 licet

2476 4809 2706 4873 corpus
2757 4790 2988 4853 Christi
3039 4790 3158 4852 sub
3217 4789 3557 4872 speciebus
3617 4793 3802 4873 panis
3845 4808 3962 4852 non

2474 4889 2821 4952 definiatur
2869 4888 3172 4962 localiter,
3219 4887 3529 4951 definitur
3571 4899 3786 4953 tamen
3829 4888 3962 4952 sub·

2472 4988 2872 5062 stantialiter,
2925 4995 2989 5049 et
3033 4988 3111 5049 ad
3163 4987 3374 5049 locum
3435 4987 3628 5051 talem
3676 4989 3960 5051 determi-

2472 5094 2660 5148 natur
2705 5085 3086 5167 aliqualiter.
3135 5085 3404 5146 Definiri
3451 5087 3754 5168 equidem
3797 5085 3960 5149 aliud

2471 5201 2600 5246 non
2658 5191 2756 5245 est
2820 5184 2946 5246 nisi
3015 5183 3343 5246 terminari
3413 5191 3478 5246 et
3532 5182 3736 5246 finiri.
3797 5183 3958 5247 Unde

2471 5282 2766 5347 definitio
2804 5281 2885 5345 ab
2924 5281 3260 5345 Aristotele
3303 5281 3530 5363 quinto
3567 5282 3792 5347 Primae
3835 5281 3960 5368 phi·
