4300 6259
589 2941 651 2985 De
685 2941 824 2986 Divin.

562 3017 678 3048 nom.
701 3019 738 3050 c.
767 3019 825 3049 iv-

845 485 967 552 326

1408 503 1488 549 m!
1529 503 1758 550 mmm:
1799 501 2185 548 cumsrlANAE
2226 500 2529 557 mmmm,
2576 499 2753 545 LIBER
2794 500 2833 545 1.
2880 517 2961 527 -·
3002 499 3141 545 Am.
3188 498 3395 544 mvn

847 676 928 738 de
957 675 1182 738 eodem
1225 673 1440 748 simul,
1473 691 1550 736 eo
1592 673 1761 755 quod
1801 673 1954 735 dum
1998 689 2088 745 οε,
2121 671 2244 734 scit
2278 677 2343 734 te
2370 669 2423 732 A
2454 669 2674 744 ralem,
2698 676 2809 731 aut
2837 667 3294 748 voluntariam3
3316 667 3525 730 omnis
3554 673 3762 729 autem
3791 683 3913 726 cau-

848 792 1012 848 esse,
1037 779 1256 856 postea
1283 779 1497 834 autem
1529 771 1650 833 scit
1679 777 1739 833 te
1777 788 1905 833 non
1934 787 2113 832 esse:
2141 788 2341 852 quum

847 879 1062 934 tamen
1093 871 1184 932 nil
1224 871 1389 932 scire
1434 869 1721 950 incipiat,
1755 869 1866 931 sed
1903 876 2108 930 totum
2149 865 2343 929 simul

849 970 1025 1032 sciat.
1063 969 1214 1050 Ejus
1242 968 1416 1031 enim
1447 967 1736 1041 scientia,
1759 965 2054 1049 quamvis
2085 965 2169 1028 sit
2198 965 2345 1028 sim-

849 1067 997 1150 plex
1044 1075 1108 1130 et
1166 1067 1516 1139 inextensa,
1568 1082 1758 1128 omne
1813 1072 2028 1127 tamen
2085 1071 2343 1146 tempus

849 1165 1354 1248 comprehendit,
1389 1165 1557 1226 sicut
1596 1171 1660 1225 et
1701 1163 2038 1227 aeternitaS.

927 1263 1021 1325 Ad
1078 1261 1431 1324 secundum
1483 1261 1652 1342 quod
1704 1260 1858 1322 illuc
1907 1257 2345 1323 introduceba-

846 1367 972 1433 tur,
1005 1359 1372 1432 dicendum,
1406 1359 1575 1441 quod
1607 1358 1810 1421 virtus
1851 1377 1991 1438 quae
2029 1376 2106 1419 ex
2145 1357 2343 1419 sensi-

848 1457 1088 1520 bilibus
1127 1456 1557 1538 cognitionem
1599 1455 1850 1537 recipit,
1884 1472 2012 1517 non
2051 1455 2177 1517 nisi
2220 1473 2345 1516 me—

848 1556 1062 1618 diante
1100 1554 1396 1635 organica
1438 1554 1720 1634 potentia
1768 1553 2116 1615 materialia
2158 1569 2345 1633 agno—

847 1653 986 1716 scit.
1020 1652 1182 1715 Deus
1213 1669 1365 1714 vero
1397 1652 1695 1713 universa
1725 1651 2192 1732 contemplatur
2234 1668 2349 1731 per

849 1770 1106 1814 causam
1157 1758 1221 1814 et
1267 1750 1614 1832 exemplar.
1655 1750 1855 1812 —Ad
1904 1757 2202 1831 quartum
2253 1749 2345 1810 di-

2452 786 2521 829 sa
2580 766 2886 829 naturalis
2946 773 3010 828 et
3065 765 3422 829 voluntaria
3486 763 3803 828 reducitur
3849 762 3915 824 ad

2452 866 2710 947 aliquod
2769 866 3027 929 coeleste
3087 865 3479 948 principium
3542 881 3557 925 :
3618 879 3763 943 ergo
3821 861 3917 922 im-

2456 964 2895 1047 pedimentum
2938 964 3296 1027 coelestium
3335 962 3690 1025 effectuum
3732 976 3919 1042 proce-

2456 1063 2549 1125 dit
2605 1082 2682 1126 ex
2733 1062 3068 1145 principiis
3114 1061 3499 1144 quibusdam
3558 1056 3919 1128 coelestibus‚

2454 1161 2532 1223 ad
2563 1181 2704 1243 quae
2738 1161 3035 1224 videlicet
3070 1160 3398 1223 reducitur
3427 1177 3619 1221 causa
3646 1155 3923 1219 naturalis

2455 1268 2519 1322 et
2547 1258 2923 1322 voluntaria.
2956 1259 3021 1321 Si
3054 1275 3203 1340 ergo
3236 1257 3713 1320 consideremus
3741 1259 3921 1316 totum

2454 1358 2744 1422 ordinem
2790 1357 3149 1420 coelestium
3194 1373 3535 1439 corporum
3578 1352 3785 1424 simul,
3823 1351 3923 1412 im-

2458 1455 2762 1539 possibile
2791 1455 2913 1516 erit
2942 1454 3248 1517 effectum
3278 1453 3481 1535 ipsius
3510 1469 3783 1533 unquam
3811 1467 3926 1510 cas-

2456 1554 2601 1617 sari.
2622 1555 2833 1627 Porro,
2852 1554 2930 1616 ad
2962 1553 3424 1616 ostendendum
3458 1551 3631 1634 quod
3658 1548 3925 1612 voluntas

2456 1652 2646 1715 etiam
2699 1651 3009 1714 subdatur
3057 1650 3303 1714 coelesti
3354 1648 3631 1732 corpori,
3677 1647 3760 1708 ita
3802 1662 3926 1727 pro-

2458 1749 2643 1812 cedit.
2680 1749 2922 1812 Asserit
2958 1767 3214 1831 nempe,
3248 1748 3417 1830 quod
3460 1755 3525 1810 et
3564 1765 3778 1809 omnes
3806 1743 3927 1826 pbi-

849 1851 1147 1922 cendum,
1194 1849 1363 1931 quod
1408 1848 1698 1911 omnium
1741 1849 2076 1921 virtutum,
2127 1846 2347 1910 volun·
2383 1850 2429 1912 B
2460 1849 2707 1930 losophi
2738 1848 3035 1910 meliores
3066 1847 3464 1911 concorditer
3490 1846 3685 1918 aiunt,
3716 1843 3925 1906 coelum

847 1949 997 2011 tatis
1040 1948 1232 2010 etiam
1277 1954 1341 2009 et
1381 1946 1764 2018 intellectuS‚
1805 1953 2013 2009 motus
2052 1953 2116 2008 et
2153 1945 2347 2008 actio-

851 2065 965 2108 nes
994 2045 1230 2108 divinae
1261 2045 1391 2106 luci
1424 2052 1663 2127 patent,
1696 2052 1759 2107 et
1789 2044 2205 2126 providentiae
2236 2044 2349 2106 Dei

849 2143 1231 2206 subduntur.
1253 2142 1435 2204 -Ad
1459 2142 1756 2222 quintum
1789 2142 2156 2216 dicendum,
2179 2142 2349 2223 quod

851 2240 905 2302 si
936 2240 1202 2302 scientia
1232 2239 1344 2302 Dei
1374 2259 1410 2302 a
1441 2239 1652 2302 scibili
1686 2248 1896 2302 creato
1936 2240 2347 2322 dependeret,

850 2346 960 2401 aut
1018 2338 1070 2400 si
1127 2345 1410 2400 creatum
1468 2338 1714 2411 scibile,
1776 2338 2010 2400 divinae
2067 2338 2351 2400 scientiae

851 2436 1184 2518 proprium
1227 2435 1552 2516 objectum
1596 2436 1778 2508 foret,
1813 2436 1972 2498 ratio
2017 2436 2351 2498 conclude-

851 2542 988 2612 ret3
1030 2534 1164 2614 jam
1206 2541 1419 2596 autem
1466 2535 1834 2615 oppositum
1867 2542 2195 2597 ostensum
2228 2542 2346 2596 est.

850 2632 1052 2695 Omne
1100 2649 1356 2714 quoque
1404 2650 1516 2694 ens
1554 2632 2077 2694 assimilationem
2132 2652 2352 2714 quam-

852 2730 998 2792 dam
1046 2718 1235 2792 babet
1272 2749 1420 2791 cum
1459 2729 1677 2791 divina
1721 2729 2198 2811 superbonifica
2246 2749 2351 2792 na-

853 2836 997 2890 tura
1023 2845 1036 2889 :
1062 2827 1247 2908 cujus
1277 2827 1528 2890 bonitas
1559 2827 1649 2889 nil
1682 2847 1812 2890 suae
1846 2827 2215 2891 diffusionis
2246 2847 2351 2890 ex-

856 2945 1002 3008 pers
1041 2925 1321 3006 reliquit,
1354 2926 1707 2987 secundum
1740 2925 2133 3008 Dionysium.
2160 2926 2351 2988 -Ad

2458 1947 2811 2009 animatum
2858 1965 3018 2009 esse.
3071 1945 3345 2027 Ideoque
3397 1952 3605 2007 motus
3661 1942 3795 2006 coeli
3846 1947 3931 2003 est

2458 2045 2539 2107 ab
2596 2044 2832 2118 anima,
2884 2044 3237 2106 secundum
3297 2062 3467 2106 eum.
3521 2043 3590 2104 In
3645 2047 3927 2123 quantum

2458 2151 2673 2205 autem
2704 2149 2801 2205 est
2828 2150 3008 2204 actus
3039 2142 3346 2224 corporiS‚
3378 2141 3573 2203 babet
3598 2137 3931 2202 efficaciam

2458 2240 2923 2304 transmutandi
2972 2239 3275 2302 inferiora
3317 2257 3587 2321 quaeque
3631 2254 3877 2318 corpora
3918 2253 3931 2296 :

2462 2339 2876 2402 conformiter
2908 2340 3122 2420 igitur,
3149 2339 3213 2400 in
3245 2345 3558 2419 quantum
3588 2343 3682 2400 est
3708 2334 3783 2397 ab
3810 2334 3933 2396 ani-

2465 2457 2587 2512 ma,
2651 2437 3083 2500 causalitatem
3145 2436 3409 2499 habebit
3465 2453 3660 2517 super
3712 2432 3937 2495 animas

2464 2535 2796 2599 inferiores
2826 2553 3067 2598 omnes.
3086 2535 3401 2598 Coelorum
3432 2533 3705 2615 denique
3730 2531 3939 2594 animae

2464 2654 2499 2697 a
2530 2635 2926 2717 philosophis
2967 2634 3215 2696 nobiles
3254 2633 3336 2696 ob
3374 2640 3615 2695 naturae
3653 2629 3942 2693 excellen-

2464 2733 2617 2794 tiam
2650 2731 2984 2813 appellatae
3015 2740 3183 2794 sunt.
3218 2731 3421 2804 Quum
3457 2748 3609 2810 ergo
3638 2726 3942 2791 rationalis

2462 2832 2675 2893 anima
2718 2830 2825 2891 tali
2869 2830 3101 2892 animae
3142 2829 3515 2892 naturaliter
3554 2828 3813 2891 inferior
3846 2825 3941 2894 sit,

2464 2929 2720 2991 videtur
2748 2929 2929 3010 sequi
2963 2929 3133 3009 quod
3175 2929 3377 3010 ipsius
3420 2925 3818 3008 impressioni
3849 2944 3946 3006 pa·

857 3031 1106 3085 sextum
1139 3022 1506 3096 dicendum,
1537 3023 1706 3104 quod
1740 3023 1901 3085 mala
1939 3031 2002 3085 et
2042 3024 2355 3105 privativa
2386 3024 2428 3087 C
2465 3036 2598 3090 reat
2628 3027 3003 3090 necessario.
3038 3026 3255 3108 Itaque
3290 3027 3401 3088 fiet
3439 3025 3717 3088 coelestis
3752 3023 3949 3085 anima

857 3137 986 3182 nou
1037 3128 1187 3181 sunt
1225 3119 1431 3181 ideata
1477 3140 1514 3181 a
1562 3121 1712 3193 De0,
1755 3121 1864 3182 sed
1916 3140 2032 3202 per
2080 3122 2353 3203 positiva

856 3226 922 3281 et
950 3217 1299 3280 habitualia
1329 3218 1487 3300 ipsis
1524 3219 1816 3300 opposita
1858 3229 2350 3300 cognoscuntur.

854 3352 936 3362 —
962 3315 1172 3378 Tertia
1215 3323 1277 3378 et
1322 3316 1551 3378 ultima
1595 3316 1755 3378 ratio
1798 3335 1940 3397 quae
1984 3316 2118 3379 illic
2163 3336 2355 3398 pone-

854 3414 1107 3486 bantur,
1143 3414 1207 3475 in
1238 3413 1358 3476 hoc
1387 3413 1658 3476 articulo
1703 3433 1870 3475 nunc
1915 3414 2136 3478 solutae
2180 3424 2349 3477 sunt.

1172 3676 1661 3740 ARTICULUS
1709 3677 2046 3740 LXXVII.

937 3819 1033 3877 De
1085 3817 1403 3892 positione
1455 3816 1830 3884 sz‘cennoe‚
1879 3818 2279 3877 Albumasar

1061 3913 1122 3964 et
1163 3905 1453 3966 Achindi
1492 3905 1668 3962 circa
1709 3905 2153 3979 proeinducta.

1003 4099 1340 4163 VICENNA
1371 4105 1583 4160 autem
1615 4106 1678 4160 et
1705 4098 1953 4180 Algazel
1986 4101 2358 4164 rationalem

2465 3145 2655 3188 causa
2711 3125 3096 3187 electionum
3156 3131 3219 3186 et
3278 3124 3675 3186 voluntatum
3735 3120 3949 3183 anima*-

2466 3231 2713 3286 nostrae.
2750 3223 2827 3285 Et
2869 3223 3020 3284 huic
3064 3222 3359 3305 positioni
3399 3221 3781 3284 Albumasar
3816 3237 3949 3282 con-

2468 3340 2609 3384 cors
2638 3328 2752 3383 est.
2787 3320 3045 3382 Alkindi
3091 3338 3346 3402 quoque
3387 3328 3795 3381 astronomus
3826 3335 3950 3400 pes—

2468 3419 2704 3482 simum
2768 3435 3051 3480 errorem
3114 3437 3190 3480 ex
3254 3417 3357 3480 his
3423 3417 3703 3498 collegit,
3754 3416 3953 3479 omnia

2468 3535 2609 3598 quae
2649 3516 2713 3578 in
2752 3516 2872 3578 hoc
2904 3516 3145 3577 mundo
3177 3515 3577 3595 contingunt,
3612 3512 3951 3576 inevitabili

2468 3613 2843 3676 necessitate
2874 3613 3181 3676 coelorum
3212 3611 3683 3675 influxionibus
3710 3610 3954 3675 obedire

2468 3711 2821 3774 affirmans.

2550 3809 2660 3870 Est
2706 3815 2916 3870 autem
2969 3807 3202 3889 positio
3250 3808 3383 3871 haec
3434 3824 3695 3888 prorsus
3753 3807 3955 3869 incon-

2470 3907 2754 3969 veniens.
2791 3905 3034 3969 Coelum
3068 3924 3366 3988 namque,
3400 3905 3696 3987 quamvis
3734 3905 3959 3968 anima—

2471 4013 2609 4067 tum
2650 4012 2836 4079 esset,
2872 4021 2996 4066 non
3038 4004 3166 4084 agit
3204 4011 3415 4066 tamen
3456 4003 3523 4065 in
3562 4003 3738 4066 hunc
3782 4022 3957 4066 mun-

2473 4102 2626 4164 dum
2658 4102 2779 4164 nisi
2813 4101 3125 4184 corporali
3157 4100 3513 4164 influxione
3538 4118 3551 4162 :
3576 4121 3727 4163 nam
3757 4101 3959 4162 anima

1031 4199 1310 4260 animam
1344 4196 1793 4270 immortalem,
1828 4196 2268 4280 incorpoream
2300 4207 2364 4262 et
2392 4203 2441 4265 D
2474 4200 2616 4263 coeli
2663 4217 2787 4261 non
2834 4206 3051 4262 causat
3094 4199 3157 4259 in
3192 4199 3311 4261 hoc
3344 4198 3605 4272 mundo,
3637 4199 3761 4260 nisi
3796 4205 3957 4260 motu

865 4302 1143 4358 creatam
1188 4293 1550 4356 fatebantur
1591 4311 1604 4354 ε
1649 4294 2066 4375 quamobrem
2111 4297 2361 4359 nullum

863 4392 1190 4474 corporale
1249 4410 1441 4473 agens
1507 4409 1622 4473 per
1683 4392 1986 4456 virtutem
2045 4412 2363 4476 corporeae

863 4499 1106 4555 naturae
1137 4489 1436 4552 dicebant
1465 4507 1652 4572 posse
1681 4508 1867 4570 agere
1898 4498 1962 4553 et
1993 4491 2363 4573 imprimere

863 4591 928 4653 in
989 4607 1128 4651 eam
1190 4587 1542 4650 secundum
1593 4587 2092 4651 intellectualem
2150 4598 2215 4653 et
2271 4591 2362 4652 di-

861 4689 1077 4752 vinam
1111 4686 1251 4767 ejus
1282 4685 1999 4768 portionemAvicenna
2031 4687 2245 4769 itaque
2278 4689 2363 4750 ita

861 4788 1106 4858 dicem,
1139 4784 1412 4848 effectus
1452 4801 1675 4846 omnes
1713 4784 1907 4864 hujus
1953 4787 2199 4859 mundi,
2232 4794 2359 4849 tam

862 4884 1181 4948 naturales
1222 4902 1412 4966 quam
1456 4882 1870 4956 voluntariOS,
1911 4903 1948 4945 a
1987 4884 2363 4966 corporibus

864 4982 1231 5046 coelestibus
1281 5001 1430 5044 cum
1482 4981 1858 5043 necessitate
1902 4983 2177 5063 quadam
2222 5002 2365 5064 pro-

863 5081 1106 5153 venire,
1154 5081 1246 5142 sic
1293 5086 1771 5160 argumentatus
1821 5087 1917 5142 est
1966 5079 2031 5141 in
2081 5099 2197 5142 sua
2242 5082 2363 5143 Me-

863 5178 1306 5261 taphysicazsi
1335 5178 1401 5239 ef
1403 5176 1606 5239 fectus
1637 5177 1994 5239 coelestium
2027 5196 2363 5260 corporum

871 5276 1276 5358 impediatur,
1308 5276 1430 5337 hoc
1460 5275 1582 5337 erit
1607 5282 1718 5337 aut
1745 5293 1860 5357 per
1889 5294 2142 5338 causam
2184 5285 2363 5342 natu-

2473 4305 2534 4360 et
2574 4296 3042 4360 subservientia
3086 4296 3185 4359 sui
3228 4296 3417 4358 orbis.
3466 4296 3777 4369 Quoniam
3822 4313 3963 4377 ergo

2473 4396 2819 4477 corporalis
2852 4395 3188 4476 impressio
3219 4413 3346 4457 non
3375 4393 3617 4456 directe
3648 4394 3873 4458 incidit
3904 4396 3961 4456 in

2474 4493 2961 4556 immaterialem
3021 4493 3348 4565 virtutem,
3399 4500 3471 4554 ut
3524 4501 3624 4555 est
3680 4493 3967 4575 superior

2472 4593 2702 4655 animae
2750 4591 2978 4672 portio,
3031 4590 3427 4672 impossibile
3474 4598 3573 4653 est
3619 4600 3688 4654 ut
3734 4592 3961 4656 coelum

2477 4691 2540 4752 in
2572 4689 2809 4751 virtute
2838 4706 2968 4750 suae
2996 4689 3225 4751 animae
3266 4689 3330 4749 in
3369 4689 3649 4750 animam
3691 4699 3963 4752 nostram

2473 4795 2632 4868 agat.
2668 4787 2995 4858 Praeterea,
3022 4785 3372 4847 secundum
3398 4785 3813 4862 Avieenmm,
3840 4807 3967 4852 eor-

2476 4905 2595 4966 pus
2640 4884 2897 4947 coeleste
2936 4890 3033 4945 est
3069 4883 3251 4964 quasi
3298 4883 3795 4947 instrumentum
3844 4905 3969 4950 mo-

2474 4982 2653 5044 tricis
2709 4981 2957 5044 animae.
3019 4981 3157 5044 Non
3216 4988 3312 5042 est
3368 4989 3580 5043 autem
3644 4984 3968 5064 possibile,

2476 5079 2830 5162 principale
2888 5097 3080 5160 agens
3137 5077 3379 5159 aliquid
3450 5078 3724 5143 influere
3788 5083 3969 5146 alteri

2476 5198 2589 5262 per
2634 5179 3155 5250 instrumentum,
3188 5176 3313 5238 uisi
3354 5177 3521 5240 actio
3564 5177 3967 5244 instrumenti

2474 5277 2785 5359 attingere
2828 5275 3035 5340 valeat
3078 5275 3139 5338 id
3184 5275 3288 5338 cui
3330 5273 3413 5338 fit
3454 5275 3813 5358 impressio.
3858 5280 3967 5343 Ne-
