4300 6259
1488 518 1776 567 uris-rom
1819 518 2287 565 nuncupa-roma
3370 500 3449 565 15

337 710 514 757 nunc
566 708 822 775 gerens,
861 694 939 755 ut
981 708 1116 757 non
1165 691 1382 755 minor
1429 689 1745 773 potentia,
1787 690 1877 753 ita
1921 707 2041 755 nec
2087 690 2363 755 inferior
2414 708 2487 755 es
2528 690 2771 756 virtute
2810 708 2887 755 ac
2934 690 3199 774 pietate.
3232 689 3452 770 Atque

338 801 594 865 utinam
631 800 850 864 cuncti
889 799 958 863 id
987 798 1326 880 Principes
1363 797 1780 861 imitarentur
1820 816 1834 859 :
1877 798 1992 877 qui
2023 814 2156 861 non
2192 797 2391 862 modo
2420 798 2727 879 patriam,
2768 815 2999 862 verum
3041 797 3241 860 etiam
3278 794 3455 859 bona

340 907 586 987 omnia,
645 908 842 988 atque
905 907 1068 970 adeo
1133 922 1374 987 corpus
1427 906 1494 970 et
1546 905 1776 981 vitam,
1827 921 1947 985 pro
2001 904 2150 983 fide,
2208 922 2327 987 pro
2384 904 2509 969 Dei
2564 906 2845 987 legibus,
2895 921 3015 986 pro
3082 902 3454 968 obedientia

337 1013 676 1095 Ecclesiae,
705 1030 825 1095 pro
855 1014 1244 1094 dogmatum
1287 1012 1350 1077 et
1390 1014 1718 1077 sectarum
1757 1010 2113 1091 impiarum
2150 1012 2645 1094 exstirpatione,
2692 1013 2756 1075 et
2791 1013 2876 1075 ad
2920 1013 3291 1077 extremum
3331 1026 3451 1091 pro

334 1121 614 1201 justitiae
667 1120 1144 1199 incolumitate,
1201 1118 1512 1183 deberent
1556 1134 1904 1201 exponere.
1939 1118 2132 1192 Quod
2179 1136 2387 1199 quum
2440 1119 2523 1182 ad
2566 1136 2819 1197 omneS,
2864 1118 3195 1201 praecipue
3230 1118 3452 1181 tamen

341 1229 425 1292 ad
487 1227 964 1292 ecclesiasticos
1017 1227 1302 1310 pertinet
1363 1247 1379 1288 z
1439 1226 1682 1307 quibus
1737 1225 1844 1289 vel
1903 1224 2050 1288 ideo
2119 1242 2278 1308 opes
2334 1226 2749 1307 ditionesque
2804 1226 3103 1305 terrenae,
3158 1223 3455 1305 potentia

342 1352 606 1417 quoque
656 1335 722 1399 et
769 1332 1024 1414 judicia
1071 1332 1346 1415 profana
1387 1334 1543 1397 sunt
1597 1332 1910 1411 admissa,
1957 1332 2032 1394 ut
2088 1348 2207 1413 pro
2264 1331 2525 1396 Christo
2574 1333 2803 1397 eadem
2850 1331 3184 1412 simulque
3230 1330 3455 1393 omnia

342 1440 822 1505 administrent.
861 1439 1112 1504 Verum
1162 1439 1408 1521 quotus
1457 1440 1558 1503 est
1594 1438 1792 1503 bodie
1839 1438 2133 1519 illorum,
2185 1439 2300 1521 qui
2337 1439 2477 1503 zelo
2523 1439 2763 1503 domus
2804 1439 2925 1503 Dei
2968 1454 3306 1517 accensae,
3346 1436 3451 1500 vel

342 1564 616 1611 aureum
674 1563 1026 1611 nummum
1081 1545 1240 1629 (non
1295 1562 1336 1609 a
1395 1545 1712 1626 subjectis
1769 1544 2157 1627 extortum),
2206 1563 2289 1609 ne
2332 1545 2549 1609 dicam
2608 1546 2902 1627 corporis
2966 1545 3273 1623 salutem,
3332 1561 3451 1626 pro

343 1654 628 1733 Christo,
681 1672 800 1736 pro
855 1653 1246 1718 reducendis
1300 1652 1559 1731 ovibuS,
1615 1652 1730 1715 aut
1775 1668 1894 1735 pro
1943 1651 2070 1717 fide
2116 1668 2250 1715 non
2305 1652 2705 1732 temeranda,
2758 1668 3009 1735 proque
3056 1652 3454 1733 incorruptis

342 1760 640 1827 moribus
673 1760 1098 1825 restituendis
1143 1759 1548 1841 exponeret?
1577 1760 1844 1841 paratus
1885 1760 2151 1824 interim
2190 1776 2309 1841 pro
2346 1759 2556 1841 gloria
2595 1762 2850 1823 terrena
2885 1761 3001 1823 aut
3038 1759 3106 1821 in
3142 1758 3454 1841 profanos

341 1886 506 1933 usus
539 1868 732 1953 (pene
767 1868 1051 1932 dixerim
1087 1866 1316 1949 luxus)
1355 1868 1579 1931 omnia
1618 1865 2038 1948 profundere.
2073 1866 2323 1931 Verum
2360 1866 2419 1931 si
2457 1867 2696 1931 desunt
2731 1866 3095 1950 Principe8‚
3136 1867 3196 1930 si
3231 1866 3455 1931 minus

341 1976 654 2041 Ecclesiae
709 1992 1012 2057 proceres
1066 1977 1265 2057 atque
1319 1974 1649 2039 antistites
1697 1974 2088 2055 Imperatori
2147 1974 2659 2056 vigilantissimo
2720 1974 3065 2054 adsistant,
3118 1990 3251 2037 non
3306 1974 3456 2038 dor-

343 2083 562 2147 miunt
595 2085 819 2147 tamen
855 2082 970 2145 alii
1007 2084 1150 2145 tum
1188 2082 1283 2163 pii
1321 2084 1468 2145 tum
1504 2080 1680 2145 docti
1723 2100 1738 2143 t
1781 2082 1896 2161 qui
1935 2098 2086 2145 cum
2127 2081 2433 2163 piissimo
2465 2081 2659 2163 juxta
2696 2098 2771 2145 ac
2808 2081 3101 2146 maxime
3130 2081 3453 2145 catholico

342 2190 746 2272 Imperatore
776 2189 858 2253 ad
893 2206 1184 2271 pugnam
1215 2189 1484 2270 egressi,
1511 2204 1712 2269 prava
1741 2187 2203 2253 haereticorum
2236 2188 2545 2270 dogmata
2582 2188 2687 2253 vel
2726 2189 3101 2252 orationum
3130 2190 3237 2253 vel
3268 2189 3455 2253 lucu-

343 2296 721 2360 brationum
778 2295 930 2359 telis
983 2294 1394 2359 confodiunt.
1446 2294 1702 2359 Prodiit
1759 2293 1938 2358 enim
1996 2288 2193 2357 factio
2244 2293 2359 2357 illa
2407 2294 2806 2376 jampridem
2858 2294 2983 2358 sub
3038 2294 3335 2377 principe
3390 2295 3457 2359 et

345 2403 772 2483 antesignano
815 2418 938 2466 suo
977 2401 1268 2465 Luthero
1307 2402 1375 2464 in
1413 2418 1722 2482 campum
1764 2422 1779 2464 :
1821 2418 1970 2483 quae
2009 2396 2162 2465 fidei
2208 2401 2589 2483 puritatem,
2629 2401 2941 2466 Ecclesiae
2988 2401 3453 2479 obedientiam,

345 2509 878 2573 caerimoniarum
907 2508 1352 2583 devotionem,
1370 2508 1572 2571 ritum
1611 2508 2231 2589 ecclesiasticorum,
2262 2508 2599 2591 pietatem,
2624 2508 3071 2587 sobrietatem,
3098 2510 3450 2588 orationeS,

338 2617 616 2698 Jejunia,
677 2618 876 2697 atque
933 2616 1096 2679 adeo
1160 2617 1553 2696 castitatem,
1607 2616 1673 2680 et
1730 2614 2055 2697 quidquid
2113 2617 2230 2679 aut
2270 2616 2472 2689 ,carni
2528 2616 2913 2679 adversatur
2973 2618 3089 2681 aut
3145 2616 3455 2698 spiritum

342 2723 629 2801 roborat,
681 2739 1080 2805 expugnare,
1131 2724 1566 2803 prosternere,
1611 2722 2080 2802 contaminare,
2131 2722 2389 2786 vastare
2438 2721 2681 2803 satagit
2725 2738 2801 2785 ac
2854 2722 3161 2787 demoliri
3206 2743 3221 2783 ε
3257 2723 3455 2804 idque

341 2832 610 2895 nomine
649 2830 996 2912 Evangelii
1046 2829 1453 2910 machinanS,
1497 2831 1688 2911 quasi
1735 2828 2171 2911 Evangelium
2208 2830 2297 2893 sit
2341 2828 2548 2911 (quod
2596 2828 2773 2911 apud
2821 2845 2935 2893 eos
2980 2846 3125 2893 esse
3172 2828 3455 2911 constat)

341 2938 663 3021 quidquid
721 2937 1050 3001 honestati
1105 2954 1182 3000 ac
1235 2937 1466 2999 virtuti
1533 2938 1938 3001 adversatur.
1987 2936 2203 3017 Unde,
2262 2953 2469 3017 quum
2537 2936 2708 3000 nihil
2770 2936 2993 3001 minus
3058 2937 3194 3001 sint
3255 2954 3457 3019 quam

341 3043 725 3127 evangelici,
753 3044 898 3108 sine
935 3044 1149 3108 fronte
1185 3046 1408 3108 tamen
1444 3044 1715 3126 indigne
1741 3044 1870 3109 sibi
1907 3045 2034 3109 hoc
2069 3061 2312 3109 nomen
2350 3044 2672 3125 usurpant
2706 3063 2721 3107 ε
2764 3043 2963 3127 idque
2991 3046 3173 3108 tanto
3205 3044 3459 3126 jactan-

341 3153 498 3234 tiuS,
543 3154 790 3235 quanto
845 3151 990 3215 sine
1041 3152 1365 3216 virtutum
1421 3151 1730 3235 operibus
1779 3152 2122 3234 Evangelii
2170 3168 2413 3215 nomen
2468 3151 2611 3215 solo
2664 3150 2734 3213 in
2790 3168 2901 3215 ore
2961 3152 3454 3217 circumferunt.

341 3260 550 3324 Multa
595 3260 676 3323 de
713 3258 952 3341 spiritu
987 3258 1372 3340 loquuntur,
1424 3276 1632 3341 quum
1671 3276 1870 3341 opera
1905 3259 2147 3344 {eorum
2188 3258 2323 3321 sint
2368 3258 2436 3321 in
2482 3274 2697 3322 carne.
2745 3258 2826 3321 Et
2874 3258 3181 3341 quamvis
3226 3274 3457 3325 eorum

341 3368 479 3431 vita
515 3366 787 3431 omnino
825 3383 908 3430 ex
945 3365 1268 3429 diametro
1309 3382 1462 3429 cum
1491 3366 1614 3429 Dei
1652 3366 1851 3430 verbo
1890 3368 2159 3449 pugnet,
2202 3364 2449 3448 ubique
2486 3367 2707 3429 tamen
2749 3365 2949 3429 etiam
2987 3365 3047 3430 si
3088 3366 3455 3447 detrahant,

342 3475 400 3539 si
437 3474 804 3553 mordeant,
843 3474 903 3537 si
932 3474 1241 3536 moveant
1277 3472 1670 3537 seditionem
1709 3475 1825 3537 aut
1859 3472 2311 3551 rebellionem,
2351 3472 2411 3537 si
2448 3472 2731 3553 denique
2768 3472 3123 3553 Scripturas
3162 3475 3227 3537 et
3262 3473 3461 3538 verba

343 3583 410 3646 et
443 3597 714 3645 sensum
750 3580 1197 3661 corrumpant,
1228 3578 1473 3643 audent
1510 3579 1833 3661 quidquid
1869 3579 2190 3661 garriunt,
2231 3580 2355 3645 Dei
2398 3578 2675 3644 verbum
2721 3579 3065 3643 nominare
3100 3600 3114 3641 ε
3149 3581 3276 3644 hoc
3315 3580 3459 3645 solo

343 3686 688 3771 (quoniam
723 3686 894 3750 nihil
927 3686 1088 3750 boni
1124 3703 1314 3768 agere
1343 3686 1520 3768 apud
1558 3686 1740 3767 ipsos
1776 3687 2090 3751 sanctitas
2127 3684 2253 3769 est)
2284 3686 2595 3751 omnibus
2624 3685 3009 3750 hominibus
3038 3686 3455 3768 insigniores,

345 3795 522 3878 quod
569 3795 707 3857 vita
761 3810 991 3857 eorum
1045 3811 1158 3858 eos
1202 3793 1592 3875 flagitiosoS,
1644 3792 2048 3875 foedifragoS,
2100 3794 2457 3875 apostatas,
2508 3793 2844 3857 adulteros
2894 3794 2959 3857 et
3022 3794 3207 3857 omni
3263 3810 3459 3875 opere

345 3900 520 3965 malo
576 3901 810 3982 plenos
865 3900 1182 3981 loquitur.
1237 3900 1385 3974 Qua
1439 3900 1618 3964 enim
1674 3901 1966 3965 versutia
2011 3901 2142 3963 alia
2189 3900 2700 3981 congruentiori,
2756 3901 3135 3963 sanctorum
3186 3900 3461 3964 Patrum

345 4008 735 4073 calumniari
782 4008 1054 4089 possent
1099 4008 1328 4087 vitam,
1376 4023 1544 4089 quos
1599 4010 1714 4071 aut
1759 4008 2062 4089 martyrii
2115 4009 2232 4071 aut
2286 4006 2755 4070 miraculorum
2809 4007 3020 4087 gloria
3068 4006 3229 4070 olim
3278 4006 3462 4071 Deus

346 4116 656 4197 dignatus
701 4115 823 4196 est,
855 4130 1272 4195 quorumque
1319 4115 1560 4196 placita
1606 4132 1682 4178 ac
1717 4114 2060 4179 sententiae
2107 4113 2191 4177 ab
2230 4113 2524 4177 Ecclesia
2576 4113 2731 4177 sunt
2774 4116 3077 4195 receptae,
3118 4129 3315 4195 quam
3358 4113 3463 4197 (ut

349 4223 742 4288 Sanctorum
770 4238 940 4302 quos
975 4222 1221 4285 imitari
1261 4222 1518 4300 nolunt,
1561 4222 1789 4303 glorioe
1818 4220 2191 4305 detrahant)
2227 4222 2442 4285 dicere
2481 4220 2739 4284 nullum
2777 4237 2923 4284 esse
2959 4220 3241 4285 liberum
3278 4220 3457 4285 arbi-

350 4330 578 4409 trium,
627 4330 810 4393 nulla
861 4331 1120 4409 merita,
1160 4328 1354 4412 :nulla
1407 4328 1580 4393 bona
1635 4346 1834 4411 opera
1873 4328 1956 4393 ad
2001 4329 2285 4393 salutem
2331 4328 2589 4392 homini
2636 4327 3026 4407 necessaria,
3076 4344 3161 4392 ne
3214 4329 3461 4394 sanctis

349 4438 657 4503 Patribus
701 4438 1048 4501 videantur
1085 4437 1212 4520 ipsi
1249 4438 1617 4518 inferiores,
1657 4455 1865 4519 quum
1908 4436 1994 4500 ab
2029 4436 2213 4501 omni
2254 4452 2449 4517 opere
2491 4433 2665 4499 bono
2696 4435 2955 4518 egregie
2991 4436 3207 4517 vacui,
3247 4437 3463 4501 omni-

351 4563 479 4627 que
506 4545 752 4609 virtute
787 4544 922 4608 sint
955 4545 1210 4625 nudati,
1251 4547 1316 4610 et
1351 4562 1392 4608 a
1425 4546 1666 4627 spiritu
1710 4545 1834 4610 Dei
1867 4561 2139 4627 prorsus
2184 4543 2383 4607 alieni
2406 4543 2437 4605 ‘f
2467 4542 2789 4617 Quamvis
2831 4560 2965 4607 non
3002 4560 3238 4625 parum
3267 4544 3461 4625 jacti-

351 4655 492 4717 tent
535 4670 608 4717 se
657 4650 968 4733 spiritum
1019 4651 1282 4733 habere,
1321 4652 1477 4716 licet
1525 4669 1659 4715 non
1708 4669 1860 4716 eum
1910 4651 2189 4715 fortasse
2245 4650 2363 4731 qui
2410 4667 2608 4733 super
2646 4650 3024 4731 jejunantes
3080 4651 3145 4714 et
3199 4652 3461 4716 orantes

349 4759 708 4844 Apostolos
753 4759 1100 4841 requievit.

483 4868 731 4933 Contra
757 4868 905 4946 hos,
937 4868 1233 4949 inquam,
1265 4868 1684 4933 serenissime
1710 4869 2100 4948 Imperator,
2131 4866 2352 4931 tecum
2382 4865 2577 4929 multi
2604 4865 2739 4929 tuis
2768 4867 3023 4930 suntin
3050 4868 3305 4949 castris,
3336 4884 3457 4951 pro

352 4978 552 5043 domo
587 4976 712 5041 Dei
749 4975 1061 5041 excubias
1090 4977 1427 5040 servantes
1460 4996 1474 5038 :
1509 4976 1626 5057 qui
1655 4992 1956 5040 carneam
1994 4974 2265 5037 illorum
2300 4972 2705 5054 impietatem
2738 4976 3131 5055 versutaque
3168 4976 3455 5058 ingenia,

355 5090 597 5171 quibus
633 5085 833 5153 verbo
871 5086 994 5150 Dei
1031 5087 1098 5149 et
1131 5085 1474 5149 mendacia
1502 5086 1566 5148 et
1601 5084 2038 5149 detractiones
2061 5082 2259 5164 Juxta
2285 5080 2739 5161 commiscent,
2770 5082 3071 5163 potenter
3100 5082 3453 5165 fregerunt.

357 5199 441 5261 Et
505 5213 630 5260 nos
693 5210 980 5276 quoque,
1039 5193 1391 5275 postquam
1458 5192 1726 5273 proprio
1789 5193 1998 5256 marte
2071 5208 2363 5274 pugnare
2425 5188 2816 5269 desivimuS,
2873 5189 3459 5270 vigilantissimum

359 5305 654 5390 pugilem
689 5301 1090 5385 optimisque
1126 5301 1330 5364 armis
1374 5300 1792 5381 instructum,
1837 5301 1902 5364 et
1938 5301 2120 5365 omni
2154 5297 2490 5381 pugnandi
2526 5298 2665 5361 arte
2701 5313 2836 5360 non
2880 5296 3101 5363 minus
3137 5297 3459 5365 invictum
