4300 6259
643 500 1067 548 nummulo
1107 500 1564 549 Pultosm‘mm.
1610 518 1689 529 -
1733 500 1810 545 DE
1853 500 2288 545 susss'rAN'rmm
2330 500 2648 548 CORPORUH
2688 498 3127 547 conroslrlomt
3354 480 3433 544 43

313 691 478 737 nem
528 672 908 747 doctrinam,
947 670 1304 735 substantia
1351 671 1418 733 in
1469 670 1824 745 materiam,
1851 669 1904 734 A
1935 669 2084 733 titas
2121 668 2625 753 simplicissima,
2658 688 2775 754 per
2814 669 3011 733 totius
3051 668 3436 733 actualitatis

311 770 604 835 formam
648 779 712 835 et
751 771 1178 853 compositum
1225 789 1303 833 ex
1347 776 1620 851 utroque
1665 768 1827 833 divi-

311 869 522 944 ditur,
563 878 754 953 atque
797 870 1060 933 materia
1109 888 1256 951 pars
1304 867 1662 932 essentialis
1711 887 1823 931 seu

309 968 764 1033 substantialis
795 968 996 1051 ipsius
1027 968 1364 1050 compositi
1395 976 1820 1051 nuncupatur,

311 1066 407 1129 ita
437 1068 614 1150 quod
645 1074 865 1129 natura
893 1065 1200 1149 specifica
1228 1066 1652 1129 materialium
1684 1064 1826 1128 sub-

308 1166 704 1229 stantiarum
772 1166 1044 1229 includit
1113 1166 1446 1229 materiam
1519 1172 1820 1247 tanquam

311 1272 574 1347 partem
603 1265 702 1327 sui
734 1264 1174 1342 essentialem;
1197 1264 1451 1326 videtur
1479 1262 1622 1326 aliis
1652 1261 1822 1344 quod

312 1363 594 1426 materia
623 1381 878 1445 quoque
907 1363 986 1425 ad
1017 1362 1360 1425 essentiam
1393 1360 1823 1424 materialium

311 1468 574 1542 spectet
637 1478 850 1523 rerum
914 1468 1218 1542 tanquam
1289 1459 1580 1523 essentiae
1652 1477 1820 1541 pars,

309 1558 622 1639 quamvis
665 1558 880 1621 minus
927 1556 1320 1640 principalis
1354 1558 1512 1621 Nam
1549 1557 1669 1621 etsi
1710 1574 1826 1639 per

309 1674 384 1717 se
433 1656 522 1717 sit
570 1656 820 1738 passiva
867 1656 1170 1738 potentia,
1204 1673 1332 1719 non
1363 1674 1668 1719 emanans
1705 1674 1822 1718 nec

309 1772 628 1817 exserens
670 1772 832 1827 esse,
877 1761 1153 1817 attamen
1195 1762 1266 1816 ut
1309 1754 1442 1836 jam
1482 1761 1730 1817 actuata
1759 1762 1823 1817 et

1932 787 2009 831 ac
2054 767 2460 832 formalitatis
2504 768 2943 832 exclusionem
2978 786 2992 830 ε
3030 767 3173 831 ideo
3214 785 3329 849 per
3368 784 3437 829 se

1933 874 2279 950 sumptam,
2343 867 2482 930 sine
2542 866 2747 931 forma
2808 867 2872 929 in
2936 884 3151 929 rerum
3211 872 3437 928 natura

1931 964 2266 1028 actualiter
2294 984 2455 1040 6556,
2476 964 2873 1047 impossibile
2904 972 3257 1048 reputatur,
3278 982 3437 1047 prae-

1932 1062 2155 1125 sertim
2187 1063 2339 1146 quia
2368 1063 2623 1125 divinus
2654 1062 2995 1146 Dionysius
3026 1068 3431 1145 protestatur,

1934 1179 2050 1243 per
2097 1179 2166 1223 se
2206 1160 2446 1224 bonum
2494 1161 2682 1224 etiam
2728 1180 2765 1224 a
2812 1179 2939 1224 non
2988 1168 3135 1223 ente
3180 1159 3433 1243 partici-
3490 1180 3552 1223 ne
3572 1179 3712 1225 niun.

3460 1256 3638 1287 nom-0·
3656 1256 3712 1285 lv.

1935 1259 2096 1341 pari,
2131 1258 2195 1321 id
2227 1266 2321 1321 est
2364 1279 2401 1323 a
2444 1259 2729 1333 materia,
2764 1266 2835 1321 ut
2876 1259 3269 1341 expositores
3300 1258 3432 1321 elu-

1935 1356 2150 1419 cidant
2178 1373 2193 1419 :
2222 1358 2393 1439 quod
2424 1358 2593 1420 Plato
2623 1375 2881 1440 quoque
2908 1358 3153 1420 asserit.
3175 1357 3437 1439 Propter

1934 1454 2106 1537 quod
2137 1454 2395 1519 Procius
2424 1456 2823 1538 deprompsit
2847 1456 3141 1519 :Materia
3172 1455 3435 1537 quidem

1935 1572 2011 1615 ex
2045 1570 2173 1616 uno
2203 1553 2579 1627 subsistens,
2613 1554 2780 1617 entis
2825 1554 3177 1617 secundum
3224 1572 3291 1615 se
3330 1572 3435 1615 ex·

1935 1670 2082 1734 pers
2141 1660 2237 1715 est
2286 1652 2545 1734 speciei.
2602 1652 2761 1714 Hinc
2809 1652 3203 1733 Augustinus
3251 1670 3438 1733 ange·

1935 1750 2070 1811 lum
2121 1768 2321 1832 prope
2367 1751 2591 1824 Deum,
2646 1750 2975 1814 materiam
3026 1768 3223 1833 prope
3273 1750 3436 1813 nihil
3492 1747 3499 1765 ¹

311 1850 664 1915 fecundata
691 1870 730 1914 a
758 1851 984 1927 forma,
1008 1860 1310 1935 stansque
1345 1853 1407 1915 in
1439 1853 1580 1933 ejus
1609 1860 1820 1915 conta-
1850 1850 1898 1913 B
1933 1848 2253 1911 conditam
2294 1846 2547 1911 fatetur.
2582 1849 2898 1931 AmpliuS,
2931 1848 3137 1911 forma
3165 1857 3264 1911 est
3292 1867 3433 1930 quae

309 1958 453 2025 ctu,
487 1958 552 2013 et
591 1970 732 2013 esse
773 1950 853 2014 ab
897 1950 1036 2031 ipsa
1077 1949 1284 2015 forma
1325 1952 1566 2025 sortita,
1601 1968 1822 2033 coope-

311 2056 502 2111 ratur
533 2048 1020 2131 necessarioque
1061 2050 1382 2112 concurrit
1421 2058 1612 2131 atque
1649 2048 1820 2111 coin·

309 2144 472 2209 fluit
529 2146 608 2209 ad
665 2164 806 2209 esse
864 2146 1356 2228 quidditativum
1411 2145 1815 2227 specificum.

307 2244 650 2317 Praeterea,
673 2244 838 2307 sicut
869 2244 1134 2307 materia
1159 2262 1286 2308 non
1317 2244 1509 2307 habet
1536 2262 1676 2307 esse
1695 2245 1821 2307 nisi

307 2363 346 2405 a
411 2343 644 2415 forma,
697 2343 784 2405 ita
831 2362 948 2406 nec
993 2342 1200 2406 forma
1245 2342 1562 2424 (rationali
1609 2344 1824 2407 anima

309 2443 611 2524 dempta)
641 2442 808 2505 valet
837 2442 1144 2505 exsistere
1174 2442 1312 2505 sine
1343 2442 1620 2517 materia,
1637 2443 1820 2523 cujus

310 2548 416 2603 est
447 2540 674 2603 formae
713 2539 1002 2603 substare
1041 2548 1106 2603 et
1137 2558 1276 2603 eam
1325 2539 1554 2603 fulcire
1582 2559 1654 2604 ac
1687 2560 1823 2603 sus-

311 2646 588 2701 tentare.
645 2638 816 2700 Hanc
875 2637 1260 2720 positionem
1317 2638 1612 2711 ThomaS,
1661 2639 1822 2719 AEgi·

309 2736 466 2798 dius
516 2755 590 2797 ac
636 2735 746 2797 alii
797 2736 1014 2818 plures
1061 2744 1438 2819 sequuntur,
1489 2754 1822 2817 argumen-

311 2842 530 2897 tantes
579 2852 658 2897 ex
705 2834 846 2907 hoc,
891 2835 1043 2915 quia
1087 2835 1361 2897 essentia
1401 2842 1498 2897 est
1545 2835 1606 2897 id
1649 2836 1818 2917 quod

309 2951 434 3015 per
502 2931 946 2996 definitionem
1016 2933 1458 3013 significatum
1527 2931 1822 2995 definitio

1932 1946 2038 2009 dat
2068 1966 2209 2010 esse
2242 1965 2255 2009 :
2290 1948 2459 2029 quod
2490 1947 2641 2010 dum
2676 1966 2775 2010 res
2814 1946 3105 2029 suscipit,
3138 1947 3428 2030 produci,

1933 2045 2135 2107 creari
2193 2046 2565 2125 generarive
2629 2045 3045 2128 perhibetur3
3106 2046 3433 2127 corrumpi

1933 2160 2106 2217 vero,
2139 2144 2293 2206 dum
2338 2142 2549 2226 ipsum
2594 2161 2733 2207 esse
2776 2143 3032 2206 amittit.
3067 2142 3309 2205 Idcirco
3345 2143 3434 2205 as-

1933 2239 2199 2305 firmant
2254 2241 2641 2325 complureS,
2692 2241 2863 2326 quod
2914 2242 3244 2305 materiam
3294 2244 3431 2305 sine

1933 2339 2140 2403 forma
2198 2358 2339 2403 esse
2396 2340 2674 2414 realiter,
2725 2340 3291 2403 contradictionem
3350 2341 3432 2403 sit

1933 2438 2276 2521 implicans
2310 2456 2324 2500 :
2360 2438 2449 2501 ita
2485 2438 2657 2520 quod
2699 2458 2817 2502 nec
2858 2438 2939 2503 ab
2982 2436 3429 2521 Omnipotente

1931 2534 2074 2598 fieri
2121 2544 2331 2618 queat.

2013 2634 2247 2697 Verum
2288 2635 2388 2697 his
2436 2634 2545 2697 alii
2596 2635 3061 2710 contradicunt,
3104 2644 3173 2699 ut
3214 2636 3429 2700 Henri-

1931 2750 2044 2795 cus
2097 2750 2110 2795 :
2159 2733 2438 2814 Oportet,
2489 2734 2809 2816 inquiens,
2860 2734 3083 2798 falsam
3131 2752 3429 2818 quorum·
3484 2758 3723 2809 Quocum.

3456 2834 3498 2876 q.
3524 2824 3588 2863 ¹0.

1931 2830 2074 2893 dam
2123 2832 2645 2912 imaginationem
2690 2833 3051 2906 excludere,
3098 2834 3209 2915 qui
3252 2832 3426 2895 affir-

1933 2938 2108 2991 mant
2139 2929 2471 2992 materiam
2503 2931 2579 2993 de
2612 2949 2678 2993 56
2708 2948 2835 2995 non
2866 2950 3008 2995 esse
3036 2932 3161 2995 nisi
3202 2952 3427 3013 puram

310 3038 536 3093 autem
569 3030 956 3093 naturalium
991 3050 1104 3094 seu
1137 3031 1564 3093 materialium
1606 3049 1820 3093 rerum
1855 3030 1900 3094 C
1933 3028 2305 3111 potentiam,
2354 3028 2440 3091 ita
2482 3030 2653 3113 quod
2700 3030 2755 3091 si
2802 3030 2982 3093 omni
3030 3030 3430 3094 substantiali

314 3147 448 3192 non
482 3128 758 3192 formam
789 3128 1020 3203 solum,
1053 3129 1164 3191 sed
1195 3136 1260 3191 et
1289 3129 1620 3191 materiam
1655 3146 1822 3193 com-

315 3228 686 3309 prehendit,
737 3234 806 3289 ut
865 3246 1066 3310 quum
1115 3227 1353 3289 dicitur
1403 3244 1417 3288 ε
1471 3226 1672 3291 Homo
1728 3236 1826 3290 est

313 3325 682 3389 substantia
719 3344 830 3388 seu
869 3324 1108 3388 animal
1149 3333 1444 3388 constans
1483 3344 1562 3389 ex
1609 3326 1824 3389 anima

313 3423 616 3487 rationali
674 3429 739 3485 et
791 3440 1076 3505 corpore.
1139 3423 1267 3486 Nec
1325 3423 1620 3486 definitio
1675 3424 1821 3487 talis

312 3522 508 3583 datur
548 3539 664 3603 per
703 3520 1234 3595 additamentum,
1268 3540 1466 3603 quum
1507 3540 1607 3584 res
1645 3529 1822 3583 natu-

313 3619 470 3681 ralis
503 3619 586 3681 sit
616 3638 730 3682 ens
762 3618 1094 3701 completae
1124 3620 1435 3683 essentiae.
1457 3619 1638 3693 Hinc,
1664 3627 1822 3682 teste

311 3718 540 3781 Boetio
589 3736 784 3799 super
831 3718 1346 3791 Praedicamenta,
1399 3717 1561 3791 usia,
1615 3718 1677 3779 id
1728 3726 1824 3779 est

313 3817 598 3880 essentia
627 3834 739 3879 seu
773 3823 1017 3890 natura,
1050 3816 1340 3897 designat
1369 3816 1818 3899 compositum.

311 3917 630 3979 Averroes
680 3932 934 3998 quoque
983 3914 1261 3996 septimo
1309 3914 1752 3997 Metaphysicae
1805 3931 1820 3975 ε

313 4015 556 4078 Natura
584 4013 854 4095 (inquit)
880 4011 1346 4093 generabilium
1377 4020 1474 4076 est
1503 4012 1657 4095 quid
1701 4031 1824 4075 me-

315 4113 523 4187 dium,
557 4112 622 4175 id
653 4120 750 4175 est
787 4128 865 4174 ex
908 4109 1172 4174 materia
1215 4118 1280 4173 et
1319 4109 1524 4174 forma
1569 4128 1823 4193 compo-

1931 3134 2142 3189 careat
2190 3128 2414 3201 forma,
2451 3144 2597 3191 mox
2640 3128 2811 3190 cadit
2856 3128 2921 3191 in
2967 3148 3095 3192 non
3140 3148 3273 3192 ens.
3309 3130 3429 3194 Sed

1930 3224 2225 3306 quamvis
2274 3232 2485 3287 creata
2532 3224 2616 3287 sit
2666 3243 2863 3308 prope
2912 3227 3096 3300 nihil,
3141 3234 3204 3289 et
3248 3229 3432 3310 quasi

1931 3322 2219 3385 medium
2270 3324 2591 3404 quoddam
2643 3324 2809 3387 inter
2856 3343 2971 3387 ens
3015 3333 3078 3387 et
3120 3343 3248 3388 non
3293 3344 3427 3401 ens,

1929 3429 2210 3484 attamen
2246 3422 2312 3483 in
2340 3440 2407 3484 56
2437 3430 2535 3485 est
2564 3422 2853 3504 quaedam
2902 3431 3127 3486 natura
3172 3425 3430 3487 entitas-

1929 3538 2056 3601 que
2096 3518 2287 3583 realis
2316 3538 2389 3583 ac
2420 3520 2713 3603 positiva,
2748 3522 2949 3584 reales
2993 3522 3235 3585 habens
3277 3522 3431 3586 effe-

1931 3626 2092 3691 ctuS,
2133 3626 2327 3701 atque
2376 3619 2731 3682 substantia
2778 3638 2975 3702 capax
3018 3620 3367 3684 formarum
3414 3638 3427 3683 :

1931 3716 2171 3780 idcirco
2241 3716 2634 3798 possibilitas
2692 3736 2831 3781 esse
2890 3719 3093 3801 ipsius
3150 3737 3276 3782 non
3336 3728 3434 3783 est

1930 3813 2313 3896 simpliciter
2340 3834 2377 3877 a
2408 3814 2613 3877 forma
2642 3815 3031 3898 dependenS,
3065 3818 3173 3879 sed
3219 3816 3429 3899 potius

1930 3930 2314 3992 econvers03
2349 3912 2477 3975 imo
2518 3922 2615 3975 cst
2653 3914 3089 3996 susceptibilis
3132 3934 3271 3978 esse
3314 3934 3430 3998 per

1931 4030 2020 4084 se,
2054 4018 2361 4093 tanquam
2401 4011 2557 4093 quid
2598 4031 2713 4095 per
2750 4031 2819 4075 se
2858 4013 3137 4076 creabile
3172 4032 3247 4076 ac
3288 4031 3428 4096 pro·

1931 4110 2134 4192 priam
2188 4108 2430 4172 babens
2478 4110 2685 4173 ideam
2734 4110 2799 4172 in
2846 4111 2995 4174 Deo.
3037 4111 3165 4175 Nec
3214 4111 3427 4174 minus

315 4214 536 4275 situm.
572 4211 898 4274 Avicenna
941 4210 1162 4271 itidem
1202 4208 1408 4271 fassus
1449 4216 1566 4282 est,
1600 4226 1820 4291 corpo·
1851 4211 1900 4274 D
1931 4214 2159 4291 potens
2230 4215 2327 4270 est
2396 4208 2563 4271 Deus
2642 4208 2975 4272 materiam
3050 4227 3427 4273 conservare

315 4310 552 4371 ralium
613 4309 1036 4391 quidditatem
1085 4324 1226 4370 esse
1285 4307 1819 4389 compositionem

314 4405 544 4469 formae
571 4412 636 4468 et
667 4405 970 4478 materias,
1005 4404 1068 4465 id
1107 4412 1204 4467 est
1249 4404 1404 4487 quid
1449 4404 1701 4467 unitum
1739 4423 1817 4466 ex

314 4503 526 4568 forma
554 4513 746 4587 atque
769 4502 1034 4566 materia
1058 4520 1072 4564 ε
1096 4502 1260 4584 quod
1292 4503 1372 4565 de
1403 4502 1660 4566 illorum
1693 4522 1818 4566 ma-

314 4604 478 4667 teria
510 4604 874 4685 propinqua
903 4608 968 4664 et
998 4600 1258 4683 propria
1289 4600 1408 4664 rite
1439 4602 1770 4685 accipitur.

641 4810 1162 4876 PROPOSITIO
1210 4810 1494 4874 XXVII.

393 4996 820 5063 Materiam
851 4996 1194 5075 primam
1225 5009 1382 5061 non
1411 5008 1639 5075 posse
1666 4996 1816 5061 stae

313 5114 400 5165 re
439 5096 760 5177 andan,
794 5096 1240 5162 communis
1285 5096 1619 5161 assertio
1665 5096 1812 5163 est.

395 5194 574 5270 Quod
604 5200 723 5267 est,
756 5192 908 5275 quia
951 5192 1218 5255 materia
1259 5193 1468 5275 prima
1509 5199 1608 5255 est
1646 5211 1814 5274 quae-

317 5293 464 5357 dam
494 5289 928 5377 potentialitas
959 5309 1140 5373 pura,
1173 5298 1238 5353 et
1267 5291 1432 5355 inter
1462 5298 1672 5355 creata
1709 5309 1816 5355 en-

1930 4325 2121 4387 quam
2176 4324 2412 4369 creare.
2458 4306 2534 4368 Et
2580 4306 2749 4369 sicut
2794 4316 3127 4371 conservat
3170 4326 3310 4371 eam
3361 4309 3426 4371 in

1930 4422 2070 4467 esse
2111 4424 2227 4487 per
2265 4403 2561 4479 formam,
2604 4406 2697 4469 sic
2736 4414 2945 4488 potest
2990 4426 3129 4469 eam
3181 4426 3429 4472 conser-

1931 4521 2080 4567 vare
2129 4522 2243 4585 per
2290 4506 2613 4587 propriam
2665 4506 3012 4568 increatam
3052 4508 3423 4589 potentiam,

1929 4602 2122 4664 etiam
2182 4602 2382 4685 magis
2432 4620 2623 4685 quam
2674 4603 3050 4678 accidentia,
3102 4624 3243 4686 qnae
3283 4605 3425 4687 plus

1928 4719 2120 4781 quam
2156 4700 2421 4763 materia
2452 4701 2688 4763 distant
2716 4720 2753 4763 a
2784 4722 2900 4783 per
2930 4720 2998 4764 se
3041 4701 3426 4765 subsistente

1927 4798 2299 4862 substantia.
2344 4800 2631 4881 Denique
2676 4800 2788 4881 qui
2828 4800 2997 4862 istud
3043 4802 3120 4863 de
3162 4802 3426 4863 materia

1927 4906 2183 4979 negant,
2224 4898 2503 4979 amplius
2537 4898 2602 4960 id
2632 4906 2937 4978 negarent
2966 4898 3045 4961 de
3070 4898 3422 4974 accidente,

1925 4996 2051 5059 nisi
2082 4996 2447 5078 oppositum
2479 5004 2797 5059 constaret
2826 5014 2903 5059 ex
2934 4996 3085 5059 fide.

2005 5095 2179 5158 Hanc
2220 5094 2591 5176 opinionem
2636 5094 2929 5176 sequitur
2970 5095 3194 5158 Scotus
3234 5113 3247 5157 :
3285 5096 3423 5160 Non

1923 5202 2020 5257 est
2045 5192 2325 5275 (dicens)
2352 5192 2789 5267 contradictio,
2811 5193 3139 5257 materiam
3172 5212 3312 5258 esse
3341 5196 3423 5257 si-

1924 5310 2004 5355 ne
2025 5291 2203 5355 omni
2234 5291 2475 5355 forma:
2496 5290 2801 5374 quoniam
2832 5310 3035 5356 unum
3056 5292 3423 5357 absolutum
