4300 6259
914 498 1037 563 452
1538 516 1617 563 nn
1658 516 1884 564 nnuma
1926 515 2308 563 cnmsrumn
2348 514 2649 573 runcum,
2693 516 2870 563 tiana
2911 517 2973 562 11.
3019 535 3099 545 —
3141 516 3280 562 aar.
3325 517 3422 561 uv

919 685 1131 769 proles
1181 686 1265 749 sit
1314 684 1380 750 in
1428 684 1665 751 virtute
1703 686 2088 769 generantiS,
2141 703 2269 749 non
2324 685 2416 747 vi·
2445 684 2498 746 A
2530 684 2734 767 ipsius
2763 686 3180 768 conceptione
3211 686 3388 749 nulla
3416 703 3680 767 prorsus
3719 683 3970 746 indecens

920 786 1107 848 detur
1156 805 1272 849 cur
1319 787 1531 868 potius
1581 787 1774 869 primi
1826 786 2109 869 parentis
2169 786 2416 848 crimen

918 891 1198 947 transeat
1238 884 1319 947 ab
1364 902 1439 948 eo
1484 884 1550 947 in
1594 884 1788 960 filios,
1822 903 2016 968 quam
2060 892 2416 948 ceterorum

918 982 1281 1063 genitorum
1320 990 1583 1065 peccata
1624 1001 1639 1045 ε
1683 992 1903 1048 contra
1944 983 2115 1066 quod
2161 982 2226 1044 in
2273 982 2418 1044 Eze-

686 1093 860 1139 Ezeca.
918 1080 1124 1144 chiele
1170 1081 1483 1163 scriptum
1532 1091 1650 1156 est,
1702 1082 1897 1144 Filius
1956 1099 2082 1145 non
2143 1080 2419 1163 portabit

678 1171 795 1209 ”¹¹¹⁸
820 1159 888 1201 ²⁰·
918 1179 1322 1263 iniquitatem
1367 1180 1583 1262 patris.

1307 1388 1799 1455 ARTIGULUS
1844 1390 2018 1453 LIV.

911 1514 1009 1573 De
1037 1513 1358 1572 solutione
1386 1513 1815 1589 objectionum
1857 1514 2412 1573 introductarum.

1059 1671 1109 1733 D
1168 1672 1542 1735 memoriam
1603 1689 1793 1754 porro
1850 1672 2212 1735 reducenda
2269 1678 2419 1733 sunt

1087 1789 1229 1851 quae
1258 1770 1337 1832 de
1368 1770 1779 1833 distinctione
1812 1770 2056 1852 peccati
2089 1768 2418 1851 originalis

2531 782 2654 848 fuit
2697 786 3234 868 concupiscentiae
3279 785 3497 849 libido.
3532 784 3704 847 lstud
3745 784 3870 845 ideo
3899 802 3974 844 re-

2529 882 2734 945 fertur
2779 885 2856 947 ad
2905 892 3104 947 totam
3153 884 3583 957 solutionem3
3635 882 3880 963 ideoque
3927 881 3973 942 in

2531 982 2810 1063 peccatis
2873 990 3222 1065 conceptus
3288 999 3416 1044 non
3484 979 3735 1043 dicitur.
3789 1014 3860 1023 —
3905 978 3976 1040 Ad

2531 1079 2823 1160 quintam
2891 1080 3432 1162 respondendum,
3494 1079 3665 1161 quod
3717 1076 3976 1159 originale

2531 1178 2775 1241 crimen
2820 1178 3236 1261 consequitur
3277 1186 3595 1251 naturam,
3643 1194 3764 1239 non
3797 1194 3976 1237 secun-

2530 1275 2684 1338 dum
2741 1276 2881 1358 ejus
2937 1276 3304 1340 essentialia
3363 1275 3683 1358 principia
3734 1273 3974 1336 absolute

2529 1382 2810 1457 accepta,
2861 1376 2971 1437 sed
3028 1374 3442 1457 consequitur
3498 1381 3780 1436 naturam
3830 1371 3974 1433 vitia-

2528 1481 2657 1536 tam
2695 1492 2708 1535 :
2746 1475 2887 1537 ideo
2917 1493 3127 1555 neque
3159 1474 3366 1556 culpae
3407 1474 3713 1535 rationem
3749 1472 3974 1533 evadere

2529 1579 2754 1653 potest.
2774 1571 2896 1634 Sed
2925 1591 3128 1654 quum
3163 1580 3499 1653 peccatum
3531 1571 3798 1644 istud‚et
3820 1568 3973 1649 origi-

2528 1669 2672 1733 nale
2711 1678 3121 1753 nuncupetur
3159 1677 3224 1732 et
3261 1678 3552 1733 naturam
3589 1670 3778 1751 ipsam
3815 1667 3976 1749 respi-

2530 1767 2783 1841 ciat,nil
2815 1768 3115 1849 prohibet
3144 1768 3352 1849 ipsum
3385 1769 3450 1829 in
3481 1776 3626 1830 actu
3652 1764 3974 1847 generativae

720 1891 803 1932 art.
823 1901 889 1931 ιιι.
918 1875 983 1931 et
1010 1868 1277 1931 actualis
1308 1868 1525 1931 habita
1554 1877 1721 1931 sunt.
1746 1867 2055 1942 Quoniam
2087 1868 2262 1930 enim
2293 1868 2414 1930 ori·
2453 1863 2502 1927 B
2532 1864 2784 1927 virtutis
2828 1866 3120 1947 reperiri,
3166 1885 3368 1948 quum
3410 1874 3476 1929 et
3517 1866 3720 1928 virtus
3757 1882 3974 1946 genera-

916 1966 1129 2047 ginale
1161 1973 1496 2048 peccatum
1542 1972 1833 2029 naturam
1880 1966 2085 2048 ipsam
2131 1966 2414 2048 respicit,

917 2064 984 2126 in
1030 2083 1157 2146 qua
1200 2064 1437 2145 singuli
1482 2064 1775 2127 homines
1822 2064 2233 2137 conveniunt,
2267 2064 2418 2125 hinc

918 2162 985 2224 in
1045 2179 1175 2224 uno
1224 2168 1528 2245 peccante
1586 2180 1809 2225 omnes
1869 2162 2303 2244 peccavimuS,
2353 2169 2419 2224 et

621 2269 885 2327 Ennomus.
914 2277 1171 2323 eramus
1216 2260 1318 2340 (ut
1363 2259 1703 2342 Apostolus
1752 2260 1869 2341 ait)
1912 2278 2135 2322 omnes
2193 2266 2417 2322 natura

912 2357 1036 2419 filii
1070 2357 1197 2421 irae.
1233 2357 1571 2421 Peccatum
1599 2375 1752 2420 vero
1780 2358 2048 2430 actuale,
2074 2358 2244 2440 quod
2277 2376 2416 2440 per-

913 2475 1134 2521 sonam
1166 2456 1449 2540 respicit,
1482 2457 1665 2520 alteri
1697 2474 1823 2520 non
1856 2457 2227 2539 imputatur.
2257 2457 2416 2520 Nam

913 2574 1210 2637 peccanS,
1236 2564 1306 2617 ut
1336 2574 1631 2637 peccanS,
1653 2555 1735 2618 ab
1765 2555 1964 2618 altero
1995 2556 2416 2638 personaliter

909 2661 1239 2736 separatus
1289 2661 1403 2717 est.
1458 2653 1725 2718 Eramus
1774 2654 2016 2737 quippe
2064 2672 2286 2717 omnes
2346 2655 2412 2717 in

907 2753 1131 2827 Adam,
1186 2762 1249 2815 et
1297 2752 1465 2815 sicut
1511 2752 1577 2814 in
1626 2752 1921 2834 originali
1970 2753 2291 2835 principio
2350 2761 2415 2816 et

908 2850 1078 2912 sicut
1126 2851 1207 2913 ad
1257 2850 1461 2933 ipsius
1510 2857 1804 2913 naturam
1864 2850 2298 2933 pertinentes;
2349 2857 2413 2912 et

904 2948 1027 3011 hoc
1069 2948 1259 3012 modo
1290 2948 1700 3030 peccavimus
1728 2966 1742 3010 :
1777 2966 1903 3012 non
1937 2948 2120 3030 quasi
2149 2948 2411 3011 actuali-

2526 1964 2657 2026 tiva
2695 1964 2888 2027 etiam
2926 1963 3234 2027 naturalis
3272 1965 3651 2048 appelletur.
3681 1999 3755 2009 —
3780 1964 3846 2025 Et
3879 1962 3974 2024 hoc

2527 2069 2720 2126 sextas
2761 2062 3025 2125 rationis
3068 2064 3200 2126 vim
3250 2064 3578 2127 interimit.

2605 2162 2698 2224 Ad
2757 2162 3098 2243 septimam
3157 2162 3392 2225 solutio
3447 2169 3563 2225 est.
3618 2162 3765 2225 Nam
3815 2160 3976 2223 homo

2527 2259 2916 2322 considerari
2958 2268 3170 2342 potest
3217 2268 3289 2322 ut
3335 2260 3623 2323 naturale
3665 2278 3862 2341 agenS,
3898 2258 3978 2320 vel

2527 2364 2598 2419 ut
2625 2358 3111 2440 supernaturale
3141 2360 3459 2442 quoddam
3493 2360 3729 2421 donum
3756 2357 3972 2421 habens

2525 2456 2835 2530 Quoniam
2893 2476 3044 2538 ergo
3101 2457 3194 2520 sic
3250 2456 3642 2541 Protoplasto
3697 2454 3975 2539 originalis

2522 2555 2773 2634 justitia
2817 2556 3040 2636 largita
3079 2556 3311 2631 fuerat,
3360 2562 3431 2618 ut
3473 2574 3625 2618 cum
3665 2562 3868 2617 natura
3914 2553 3978 2615 si·

2527 2654 2660 2716 mul
2692 2654 3064 2736 procederet
3094 2654 3158 2717 in
3192 2655 3463 2736 prolem,
3485 2672 3861 2737 consequens
3879 2659 3974 2725 est,

2525 2759 2596 2813 ut
2633 2759 2935 2834 corrupto
2973 2752 3295 2835 principio
3336 2752 3532 2833 hujus
3577 2750 3975 2834 processionis,

2532 2850 2671 2931 ipsa
2709 2868 2964 2932 quoque
3007 2850 3332 2933 processio
3379 2868 3494 2913 seu
3543 2848 3854 2930 originalis
3896 2847 3977 2927 ju-

2523 2948 2712 3011 stitiae
2766 2948 3098 3011 translatio
3151 2955 3375 3012 cesset.
3411 2949 3648 3010 Verum
3687 2947 3863 3028 igitur
3901 2951 3978 3006 est

906 3052 1003 3108 ter
1042 3047 1550 3128 praevaricanteS,
1585 3065 1785 3128 quum
1829 3047 1950 3110 hoc
1994 3046 2079 3108 sit
2121 3047 2410 3129 supposi-
2447 3054 2492 3119 G
2523 3045 2692 3127 quod
2739 3044 2931 3108 homo
2988 3054 3251 3127 generat
3309 3046 3594 3109 similem
3652 3046 3717 3107 in
3771 3051 3976 3114 natura,

905 3151 1117 3206 torum
1150 3145 1501 3219 dumtaxat,
1536 3145 1646 3207 sed
1691 3146 1876 3227 quasi
1922 3145 1989 3207 in
2034 3151 2262 3207 natura
2302 3146 2412 3208 illa

906 3243 1352 3324 comprehensi
1399 3250 1463 3305 et
1511 3244 1793 3307 contenti
1838 3262 1980 3325 quae
2028 3262 2143 3324 per
2193 3262 2410 3325 pecca-

906 3348 1043 3403 tum
1087 3340 1306 3404 vitiata
1365 3348 1482 3415 est,
1535 3341 2077 3424 quemadmodum
2122 3340 2412 3405 membra

907 3439 1186 3521 plurima
1218 3439 1284 3501 in
1317 3458 1445 3501 una
1475 3457 1747 3521 persona
1778 3440 2210 3515 continentur,
2244 3441 2412 3502 sicut

907 3536 1163 3619 plenius
1206 3538 1400 3619 paulo
1440 3546 1587 3601 ante
1630 3537 2025 3600 declaratum
2071 3547 2190 3601 est.
2225 3574 2307 3584 —
2335 3538 2412 3601 Et

908 3636 975 3697 in
1034 3635 1155 3697 hoc
1214 3636 1496 3698 secunda
1542 3637 1704 3699 ratio
1754 3636 1961 3699 soluta
2019 3645 2134 3699 est.
2189 3672 2268 3682 —
2315 3638 2409 3700 Ad

905 3734 1161 3797 tertiam
1228 3734 1508 3816 denique
1576 3734 1945 3810 dicendum,
2007 3735 2177 3818 quod
2243 3736 2411 3798 sicut

908 3839 1296 3914 propagatur
1326 3839 1555 3894 natura
1582 3832 1663 3894 ab
1694 3850 1825 3896 uno
1856 3832 1922 3895 in
1963 3833 2185 3908 alium,
2217 3833 2310 3896 sic
2348 3841 2413 3896 et

906 3928 1217 4010 originale
1248 3930 1495 3994 crimen
1527 3930 1983 3992 transmittitur
2018 3949 2031 3992 :
2067 3949 2195 3994 non
2227 3932 2411 4013 quasi

906 4036 1051 4090 ante
1081 4028 1311 4091 animae
1340 4028 1727 4092 infusionem
1757 4029 2154 4110 subJectetur
2183 4030 2248 4091 in
2281 4047 2412 4092 cor-

822 4118 825 4120 *
906 4144 1102 4208 pore;
1170 4127 1281 4189 sed
1345 4146 1545 4210 quum
1609 4128 1823 4190 anima
1894 4136 1959 4191 et
2029 4147 2262 4211 corpus
2330 4130 2409 4191 ad

2522 3144 2631 3206 sed
2662 3144 2908 3226 peccati
2940 3145 3392 3207 connascentia
3431 3143 3720 3207 defectus
3757 3142 3977 3225 quidam

2522 3248 2620 3303 est
2661 3249 2725 3304 et
2768 3242 3059 3324 privatio.
3103 3278 3183 3288 -—
3225 3243 3321 3305 Ad
3364 3250 3736 3324 sequentem
3781 3240 3978 3302 instan-

2522 3339 2677 3403 tiam
2727 3340 2961 3404 solutio
3009 3349 3105 3403 est
3158 3359 3172 3404 ε
3225 3340 3532 3424 quoniam
3577 3340 3778 3423 prima
3821 3353 3978 3400 causa

2524 3439 2669 3519 plus
2737 3438 2958 3502 influit
3032 3458 3224 3521 quam
3298 3457 3492 3502 causa
3565 3438 3856 3521 proxima.
3919 3434 3980 3495 Et

2469 3606 2474 3609 ,
2523 3538 2817 3619 quamvis
2862 3538 2983 3601 hoc
3023 3538 3089 3599 in
3129 3538 3562 3601 essentialiter
3599 3532 3979 3600 subordinatis

2522 3636 2732 3698 causis
2765 3636 2975 3719 palam
3017 3636 3120 3711 sit,
3152 3643 3369 3699 tamen
3408 3634 3491 3698 ab
3531 3636 3729 3699 Adam
3773 3632 3922 3697 velut
3951 3649 3982 3691 a

2522 3734 2762 3817 speciei
2829 3734 3151 3816 principio
3206 3734 3490 3797 derivata
3549 3742 3647 3797 est
3707 3731 3879 3813 culpa
3925 3727 3978 3789 in

2523 3840 2832 3915 posteros,
2867 3850 2994 3896 non
3034 3831 3412 3915 personaliS,
3444 3834 3558 3896 sed
3600 3839 3868 3895 naturam
3904 3846 3980 3889 re-

2521 3930 2824 4012 spiciens.
2895 3930 3174 3994 Proximi
3241 3938 3456 3993 autem
3517 3938 3822 4012 parenteS,
3875 3942 3978 3987 non

2521 4028 2647 4091 nisi
2678 4027 3100 4112 personaliter
3130 4036 3460 4092 merentur
3489 4036 3555 4091 et
3583 4030 3978 4093 demerentur:

2522 4126 2794 4209 ideoque
2824 4127 3110 4209 ipsorum
3144 4145 3262 4189 nec
3292 4126 3483 4209 culpa
3513 4145 3632 4190 nec
3662 4126 3850 4187 virtus
3883 4118 3982 4183 dir-

906 4223 1204 4287 humanae
1254 4231 1495 4287 naturae
1554 4226 1836 4308 speciem
1899 4226 2282 4308 pertineant,
2344 4228 2408 4289 in
2442 4231 2492 4293 D
2524 4224 2882 4287 funduntur
2939 4225 3005 4287 in
3061 4225 3375 4307 genitum.
3439 4225 3652 4300 Porro,
3700 4225 3840 4287 licet
3888 4236 3983 4303 per

909 4320 1195 4403 ipsorum
1258 4322 1488 4403 copula
1536 4324 1855 4385 contrahit
1900 4324 2114 4385 anima
2161 4325 2408 4406 peccati

909 4418 1145 4493 labem,
1178 4438 1320 4502 quae
1361 4419 1428 4481 in
1466 4420 1712 4483 semine
1744 4422 2214 4502 quodammodo
2253 4441 2409 4503 prae-

910 4516 1171 4580 exstitit.

990 4612 1084 4674 Ad
1135 4619 1425 4694 quartam
1475 4613 1843 4687 dicendum,
1894 4614 2064 4695 quod
2113 4616 2409 4696 quamvis

911 4708 993 4771 ab
1024 4710 1221 4772 Adam
1254 4710 1612 4791 susceperit
1642 4710 1929 4774 Christus
1961 4719 2252 4775 naturam
2294 4713 2408 4775 hu-

913 4825 1189 4883 manam,
1241 4817 1545 4890 tanquam
1604 4829 1640 4871 a
1696 4810 2015 4892 principio
2072 4811 2405 4886 materiali,

911 4923 1038 4968 non
1068 4912 1282 4968 tamen
1311 4906 1488 4969 velut
1516 4906 1595 4969 ab
1624 4908 1833 4971 activo
1874 4908 2213 4990 principio.
2251 4910 2410 4973 Nam

912 5004 1081 5086 quod
1113 5006 1181 5066 in
1212 5012 1572 5068 ceterorum
1610 5006 1945 5068 hominum
1985 5008 2410 5089 generationi-

910 5102 1031 5164 bus
1062 5102 1265 5164 virtus
1296 5102 1633 5164 formative
1664 5104 1861 5184 patris
1892 5104 2119 5180 efficit,
2142 5106 2206 5167 in
2238 5106 2412 5169 Chri-

2522 4323 2738 4404 gratiae
2767 4329 3165 4386 sacramenta
3195 4322 3543 4385 mundetur
3572 4323 3759 4386 homo
3783 4318 3857 4383 ab
3884 4315 3984 4379 ori·

2519 4420 2717 4501 ginali
2749 4421 2937 4503 culpa
2963 4428 3032 4483 ut
3058 4440 3253 4502 agens
3283 4422 3775 4503 personale,non
3807 4426 3982 4479 tamen

2523 4526 2592 4581 ut
2622 4519 2910 4582 naturale
2941 4538 3134 4600 agens
3169 4536 3183 4581 ε
3220 4537 3338 4582 nec
3370 4520 3548 4582 enim
3589 4527 3805 4582 natura
3831 4511 3981 4598 peni·

2522 4625 2624 4679 tus
2659 4625 2934 4679 sanatur.
2971 4618 3091 4681 Sed
3132 4618 3489 4680 secundum
3527 4626 3736 4680 actum
3774 4622 3982 4676 naturae

2521 4715 2896 4778 transmittit
2923 4724 3252 4798 peccatum
3283 4716 3348 4777 in
3380 4724 3686 4797 posteros.
3705 4713 3865 4775 ——Et
3891 4726 3983 4792 per

2521 4815 2642 4876 hoc
2679 4814 2897 4877 finalis
2943 4814 3325 4896 objectionis
3373 4814 3609 4877 solutio
3656 4808 3980 4876 innotescit.

2521 4912 2959 4976 Secundorum
3028 4931 3305 4994 namque
3365 4920 3702 4995 parentum
3763 4912 3984 4993 peccata

2521 5011 2860 5074 inveniunt
2889 5019 3180 5073 naturam
3217 5012 3347 5092 Jam
3391 5009 3504 5074 illo
3543 5011 3760 5073 divino
3800 5022 3985 5087 super-

2518 5109 2792 5171 naturali
2827 5128 3093 5172 munere
3122 5109 3514 5184 destitutam,
3548 5117 3610 5171 et
3654 5108 3793 5171 ideo
3832 5109 3982 5166 natu·

910 5199 989 5261 sti
1016 5200 1426 5281 generatione
1458 5199 1731 5282 Spiritus
1762 5200 2027 5264 Sanctus
2058 5205 2410 5286 complevit
2518 5225 2652 5268 ram
2683 5225 2876 5288 quam
2909 5206 3182 5288 posteris
3212 5206 3714 5280 communicant,
3732 5222 3851 5266 non
3877 5217 3982 5262 am·

906 5296 1166 5377 Virgine
1226 5296 1557 5365 materiam
1616 5297 2036 5367 ministrante.
2099 5302 2277 5365 Unde
2337 5304 2404 5366 in
2517 5304 2689 5389 plius
2733 5302 3048 5368 inficiunt.
