4300 6259
1099 522 1180 570 DE
1219 523 1448 570 minus
1493 522 1876 570 cnmsuANAE
1917 523 2219 581 Tamum,
2266 523 2441 568 tumn
2483 524 2525 569 1.
2569 541 2650 552 -
2690 525 2829 571 ART.
2875 525 3089 571 xxxvn

3523 503 3643 570 279

519 701 694 756 ante
769 692 1214 778 multipliciter
1279 700 1608 756 ostensum
1687 700 1804 768 est,
1877 694 2048 775 quod
2075 692 2127 756 A
2163 700 2505 776 utrumque
2534 693 2830 757 vertibile
2856 712 2870 756 :
2896 695 3179 778 primum
3210 712 3362 758 vero
3393 701 3490 757 est
3518 711 3650 758 om-

523 791 740 866 Deus,
791 811 992 874 quum
1051 793 1134 854 sit
1189 791 1694 854 substantialiter
1741 792 1880 873 ipsa
1935 809 2050 854 sua

523 889 823 964 bonitas,
858 889 1338 973 quomodolibet
1375 889 1582 952 bonus
1625 897 1741 962 est,
1774 899 1838 952 et
1877 889 1938 951 in
1979 909 2046 952 se

527 988 548 1048 i
557 1006 690 1069 pso
719 988 1194 1052 omniformiter
1223 988 1568 1071 perfectus,
1601 987 1778 1051 omni
1815 989 2048 1050 extrin-

523 1103 697 1149 seco
731 1104 990 1168 prorsus
1021 1095 1250 1150 amoto.
1284 1086 1568 1149 Primum
1607 1103 1757 1166 ergo
1790 1086 2046 1167 penitus

525 1182 878 1248 liberrime
937 1185 1084 1266 agit.
1137 1185 1454 1266 AmpliuS‚
1504 1203 1704 1267 quum
1769 1184 2046 1246 liberum

519 1281 632 1343 sit
659 1282 726 1344 id
755 1284 926 1364 quod
955 1291 1051 1345 est
1079 1301 1272 1345 causa
1299 1283 1422 1356 sui,
1453 1300 1581 1364 quo
1611 1283 1762 1364 quid
1796 1283 2045 1363 elonga-

519 1380 676 1442 tius
708 1379 902 1442 fuerit
941 1381 1021 1443 ab
1069 1381 1362 1444 habendo
1403 1399 1683 1454 causam,
1721 1399 1796 1445 eo
1837 1389 1936 1443 est
1978 1380 2046 1443 li-

521 1476 790 1540 berius.
821 1478 1104 1542 Primum
1141 1487 1357 1542 autem
1395 1479 1638 1541 nullam
1679 1479 2044 1542 omnimode

519 1595 806 1637 causam
838 1576 1049 1639 habet.
1085 1577 1244 1639 Pura
1272 1585 1368 1638 est
1396 1594 1546 1658 ergo
1577 1577 1768 1658 primi
1800 1577 2046 1656 agentis

2158 792 2313 854 nino
2344 792 2761 856 immutabile.
2782 794 3122 867 —Adhuc,
3156 795 3357 856 Deum
3390 810 3651 856 neccsse

2158 899 2440 954 estesse.
2477 892 2612 954 Non
2654 911 2805 973 ergo
2835 900 3099 956 estesse
3138 892 3279 973 ejus
3323 891 3598 955 liberum
3635 908 3650 953 ε

2158 989 2325 1052 idem
2356 1008 2633 1070 namque
2666 1007 2793 1053 non
2832 998 2927 1052 est
2967 1008 3226 1052 necesse
3256 997 3321 1052 et
3351 988 3647 1052 liberum.

2156 1123 2237 1132 —-
2286 1088 2611 1162 Praeterea,
2678 1088 2845 1152 Deus
2904 1089 3033 1169 agit
3090 1106 3205 1170 per
3265 1105 3405 1150 esse
3464 1106 3653 1150 suum

2158 1205 2270 1248 seu
2333 1204 2445 1268 per
2501 1187 2867 1260 essentiam,
2920 1205 3069 1268 ergo
3128 1205 3243 1268 per
3290 1194 3582 1248 naturam
3636 1204 3650 1248 :

2158 1285 2519 1348 necessario
2562 1303 2711 1365 ergo
2753 1285 2904 1366 agit,
2937 1287 3103 1348 sicut
3147 1285 3255 1347 lux
3296 1284 3654 1347 necessario

2160 1382 2347 1445 lucet.
2382 1419 2463 1428 —-
2489 1384 2805 1465 AmpliuS,
2838 1384 3081 1446 dictum
3112 1389 3231 1456 est,
3262 1390 3327 1446 et
3353 1383 3653 1446 Aristote-

2160 1481 2249 1544 les
2280 1482 2399 1544 hoc
2430 1481 2540 1555 ait,
2558 1481 2730 1563 quod
2760 1481 3015 1562 dignius
3045 1483 3129 1543 sit
3156 1499 3412 1564 semper
3439 1498 3647 1561 agere,

2157 1599 2347 1661 quam
2382 1580 2763 1662 quandoque
2794 1586 2857 1640 et
2884 1579 3263 1660 quandoque
3302 1597 3449 1642 non.
3485 1579 3653 1640 Deus

521 1673 827 1736 libertas.
879 1675 1125 1746 Adhuc,
1179 1675 1428 1737 nullum
1485 1693 1678 1756 agens
1733 1675 1863 1756 agit
1921 1674 2044 1737 nisi
2157 1695 2309 1758 ergo
2348 1695 2603 1759 semper
2640 1683 2705 1738 et
2740 1677 3122 1740 aeternaliter
3161 1677 3501 1758 produxit3
3534 1693 3653 1738 nec

519 1779 810 1854 propter
837 1771 1056 1836 finem.
1095 1773 1272 1836 Sicut
1311 1773 1506 1853 igitur
1547 1773 1740 1836 habet
1780 1793 1847 1836 se
1891 1771 2044 1836 effe·
2156 1776 2523 1857 oppositum
2562 1776 2663 1855 (ut
2700 1775 2981 1854 videtur)
3016 1775 3245 1856 potuit,
3278 1793 3477 1854 quum
3526 1791 3653 1836 non

515 1879 688 1932 ctus
731 1870 810 1932 ad
854 1871 1054 1934 finem
1097 1871 1366 1933 actionis
1405 1890 1534 1934 suae
1576 1889 1804 1944 causae,
1847 1871 1939 1932 sic
1977 1889 2044 1932 se
2079 1873 2126 1936 B
2158 1875 2359 1956 possit
2402 1873 2467 1934 in
2514 1872 2576 1935 id
2619 1874 2790 1954 quod
2832 1873 2891 1934 ei
2938 1891 3064 1935 non
3108 1873 3421 1952 congruit.

511 1969 742 2032 habet
776 1970 851 2031 ad
889 1970 1324 2032 causalitatem
1367 1969 2044 2053 causaezquemadmo·
2236 1972 2357 2034 Sed
2399 1971 2741 2034 dicendum
2794 1989 2909 2052 pro
2958 1989 3131 2033 nunc
3164 1970 3465 2043 breviter,
3507 1970 3659 2052 quia

511 2068 698 2129 dum
733 2067 786 2128 si
819 2066 1106 2130 medicus
1148 2067 1482 2130 sanitatem
1525 2067 1828 2130 inducere
1865 2068 2040 2141 velit,
2158 2077 2301 2151 post
2349 2069 2471 2131 erit
2518 2069 2597 2131 de
2644 2067 2745 2130 his
2794 2068 3179 2150 explanatio,
3232 2069 3402 2150 quod
3453 2067 3655 2130 divini

511 2175 698 2226 tunc
745 2166 798 2228 si
841 2165 980 2227 sine
1031 2166 1288 2248 potione
1334 2184 1549 2228 amara
1589 2165 1826 2228 sanitas
1865 2164 2042 2228 effici
2156 2185 2295 2228 esse
2328 2166 2586 2230 libertas
2618 2184 2743 2228 non
2776 2173 2873 2228 est
2901 2166 3145 2228 ratione
3188 2165 3653 2238 mutabilitatis,

511 2281 670 2326 non
707 2265 927 2344 possit,
962 2264 1322 2327 necessario
1352 2263 1542 2326 habet
1571 2263 1650 2326 de
1681 2265 1936 2346 potione
1975 2282 2044 2325 se
2158 2266 2267 2328 sed
2298 2266 2539 2328 ratione
2572 2264 3383 2346 inobligationiszdivinum
3416 2263 3652 2326 etenim

509 2362 758 2443 primo
787 2362 1240 2440 intromittere;
1271 2363 1328 2425 si
1358 2380 1510 2425 vero
1539 2362 1676 2424 sine
1707 2381 1781 2424 ea
1809 2363 2043 2425 sanitas
2156 2383 2272 2427 ens
2300 2363 2383 2427 ob
2424 2364 2523 2426 sui
2564 2364 3170 2445 superexcedentem
3204 2362 3653 2425 exaltationem

509 2459 688 2520 fieri
743 2459 968 2533 valeat,
1025 2460 1224 2522 libere
1273 2479 1340 2522 se
1391 2461 1468 2522 ad
1517 2479 1656 2522 eam
1707 2461 2037 2523 convertit.
2154 2462 2316 2526 nulli
2366 2461 2717 2542 obligatum
2763 2469 2877 2522 est.
2922 2461 3371 2522 Verumtamen
3416 2459 3658 2522 incom-

507 2557 720 2618 Finis
749 2565 962 2620 autem
996 2557 1190 2640 primi
1219 2559 1464 2638 agentis
1495 2566 1592 2620 est
1620 2559 1836 2620 divina
1865 2558 2042 2621 boni·
2158 2559 2555 2622 mutabiliter
2584 2577 2651 2622 se
2682 2559 2873 2620 vertit
2904 2559 2966 2619 in
3000 2558 3063 2619 id
3093 2557 3171 2621 ad
3202 2558 3372 2638 quod
3402 2577 3469 2620 se
3508 2575 3655 2620 con-

507 2662 680 2731 tas3
715 2661 778 2716 et
817 2663 1078 2738 propter
1115 2674 1256 2718 eam
1288 2657 1454 2718 Deus
1491 2656 1708 2718 omnia
1745 2663 2044 2737 operatus
2156 2657 2349 2720 vertit
2381 2674 2395 2718 :
2430 2675 2555 2718 non
2598 2664 2695 2718 est
2733 2655 2906 2718 enim
2950 2655 3015 2716 in
3058 2663 3293 2718 aeterna
3330 2655 3657 2717 voluntate

507 2759 660 2824 est,
717 2761 790 2813 ut
845 2753 1040 2816 etiam
1102 2753 1267 2816 infra
1315 2753 1847 2816 manifestabitur.
1901 2754 2042 2817 Haec
2156 2756 2403 2818 novitas
2434 2762 2542 2816 aut
2573 2772 2797 2816 recens
2840 2753 3194 2834 dispositio,
3230 2752 3552 2815 Convertit
3590 2771 3657 2815 se

503 2859 760 2912 autem
791 2869 828 2912 a
859 2851 984 2914 Deo
1024 2851 1214 2933 plene
1257 2858 1320 2914 et
1361 2852 1642 2934 perfecte
1685 2852 2045 2933 possidetur
2154 2862 2369 2916 autem
2402 2855 2465 2915 in
2500 2854 2561 2915 id
2596 2853 2763 2935 quod
2796 2852 2855 2914 ei
2887 2853 3033 2933 plus
3068 2851 3394 2931 congruit3
3426 2870 3545 2914 nec
3575 2851 3656 2913 ab

503 2948 720 3012 omni
779 2949 1028 3012 secluso
1075 2949 1476 3028 extrinseco;
1527 2969 1646 3012 nec
1695 2949 1886 3012 habet
1931 2951 2044 3013 ali·
2157 2953 2267 3014 illo
2299 2952 2361 3014 in
2394 2951 2569 3012 aliud
2613 2950 3099 3032 transponitur:
3134 2949 3439 3030 sapientis
3481 2949 3655 3012 enim

503 3046 696 3129 quid
733 3046 1242 3109 indissolubilem
1273 3047 1563 3110 ordinem
1593 3049 1672 3110 ad
1704 3066 1868 3122 eam,
1892 3067 2043 3130 qua·
2080 3051 2123 3117 C
2154 3058 2251 3114 est
2298 3068 2424 3112 non
2477 3067 2592 3130 per
2640 3049 3131 3111 inconstantiam
3179 3065 3386 3128 agere,
3440 3054 3511 3109 ut
3567 3047 3657 3109 ait

501 3145 578 3208 si
653 3145 800 3206 sine
857 3144 994 3226 ipso
1052 3161 1180 3208 non
1241 3145 1451 3208 valeat
1501 3145 1612 3208 illa
1667 3145 2042 3209 felicissime
2154 3147 2594 3212 Maschaallah.
2643 3147 2809 3209 Deus
2860 3163 3117 3228 quoque
3164 3146 3464 3208 universa
3512 3164 3655 3227 quae

503 3250 906 3324 competere
955 3243 1166 3325 primo
1212 3245 1444 3324 agenti.
1497 3243 1598 3306 Nil
1646 3261 1798 3324 ergo
1852 3245 2044 3306 habet
2154 3246 2325 3310 circa
2370 3265 2533 3327 opus
2582 3263 2769 3308 suum
2820 3245 3189 3324 contingere
3240 3251 3527 3326 possunt,
3571 3243 3651 3306 ab

503 3341 966 3404 necessariam
1007 3340 1446 3404 habitudinem
1487 3343 1565 3405 ad
1605 3343 2038 3404 causalitatem
2150 3354 2389 3409 aeterno
2421 3345 2483 3406 in
2528 3343 2809 3425 simplici
2846 3343 3079 3405 mentis
3121 3342 3250 3404 ictu
3293 3349 3647 3405 contuetur.

503 3441 768 3522 primae
797 3459 1022 3514 causae,
1047 3447 1116 3500 ut
1147 3440 1520 3502 naturaliter
1547 3440 1628 3502 ab
1659 3459 1734 3502 ea
1763 3448 2034 3502 emanet.
2149 3481 2231 3490 —-
2260 3444 2352 3505 Ad
2382 3442 2737 3506 secundum
2770 3441 3116 3503 dicendum
3149 3447 3266 3514 cst,
3308 3441 3477 3522 quod
3511 3441 3654 3502 ideo

609 3539 946 3610 Praeterea,
993 3539 1276 3620 primum
1334 3555 1528 3620 agens
1584 3538 2034 3619 dignissimum

505 3645 586 3698 et
645 3635 1282 3698 honorabilissimum
1321 3642 1434 3698 est.
1473 3635 1904 3699 Excellentius
1942 3645 2038 3699 est

501 3741 756 3798 autem
817 3733 1016 3796 libere
1065 3735 1416 3816 producere
1463 3735 1538 3796 ad
1589 3743 1788 3809 extra,
1841 3755 2032 3818 quam

503 3833 921 3898 necessario.
985 3834 1054 3895 In
1121 3834 1242 3896 hoc
1307 3835 1478 3896 enim
1553 3833 1744 3898 homo
1809 3837 2036 3896 ceteris

501 3931 875 4014 agentibus
933 3931 1305 4002 antefertur,
1356 3932 1526 4013 quod
1585 3941 1682 3994 est
1737 3933 2034 3995 dominus

499 4039 800 4095 actuum
845 4047 1129 4102 suorum,
1163 4048 1371 4111 neque
1408 4037 1722 4092 astrorum
1763 4029 2036 4092 necessi·

501 4127 759 4193 tabilis
789 4126 1274 4190 influxionibus.
1294 4127 1489 4190 Multo
1519 4145 1668 4208 ergo
1695 4129 2036 4191 vehemen-

2150 3544 2374 3624 utique
2422 3543 2589 3604 Deus
2641 3539 3008 3602 liberrimus
3067 3545 3185 3612 est,
3236 3539 3387 3621 quia
3436 3539 3649 3620 ipsum

2147 3661 2310 3715 esse,
2370 3648 2464 3701 est
2513 3639 2767 3721 penitus
2836 3637 3289 3699 necessarium.
3343 3637 3651 3710 Quoniam

2147 3741 2409 3821 quidem
2452 3738 2693 3800 nullam
2735 3735 2927 3798 habet
2968 3736 3065 3796 sui
3114 3753 3393 3806 causam,
3426 3743 3535 3796 aut
3571 3735 3649 3797 ad

2146 3839 2321 3901 aliud
2365 3835 2878 3918 dependentiam‚
2916 3834 3059 3896 ideo
3104 3833 3267 3896 liber
3311 3843 3409 3896 est
3444 3832 3648 3896 omni-

2149 3937 2369 4014 mode3
2394 3943 2455 3998 et
2484 3933 2565 3997 ob
2598 3933 2887 3996 eamdem
2922 3931 3231 3994 rationem
3265 3932 3401 4012 ipse
3432 3949 3647 3993 neces-

2147 4035 2317 4098 sario
2372 4051 2627 4113 semper
2677 4031 2945 4093 exsistit.
2994 4031 3138 4092 Haec
3190 4047 3467 4110 namque
3520 4029 3645 4111 pri-

2151 4133 2235 4194 mi
2285 4125 2543 4193 lib'ertas
2582 4129 2693 4190 tali
2732 4127 3095 4190 necessitati
3136 4144 3261 4189 non
3314 4134 3642 4208 repugnat,

503 4229 665 4292 tius
710 4235 810 4289 est
853 4225 1134 4308 primum
1178 4226 1378 4288 libere
1421 4243 1636 4306 agens,
1670 4233 1734 4287 et
1772 4227 2034 4308 plenum
2068 4232 2117 4295 D
2147 4230 2257 4292 sed
2288 4229 2347 4290 ei
2380 4247 2521 4310 quae
2554 4233 2651 4288 est
2680 4245 2795 4308 per
2825 4225 3318 4307 dependentiam
3346 4225 3423 4287 ad
3453 4225 3643 4288 aliam

500 4327 833 4392 omnium
877 4324 1320 4407 operationum
1367 4343 1628 4386 suarum
1677 4324 2034 4387 dominium
2147 4343 2447 4404 causam3
2506 4343 2625 4386 nec
2684 4323 2826 4386 ideo
2884 4323 3173 4404 sequitur
3227 4324 3385 4405 quin
3444 4324 3644 4387 libere

499 4424 806 4489 habens.
867 4422 1155 4503 Insuper,
1219 4423 1434 4484 statim
1497 4421 2038 4484 demonstrabitur
2143 4431 2305 4505 agat.
2348 4459 2429 4468 —
2475 4423 2651 4496 Quod
2699 4429 2911 4484 autem
2956 4421 3143 4485 tertio
3189 4422 3475 4485 additum
3524 4431 3641 4496 est,

499 4521 710 4606 quod
761 4519 1042 4601 primum
1085 4520 1169 4580 sit
1211 4519 1455 4592 volens,
1489 4527 1552 4580 et
1593 4538 1709 4601 per
1751 4519 2034 4582 volunta·
2149 4541 2263 4604 per
2317 4522 2439 4584 hoc
2498 4520 2787 4583 solvitur.
2840 4519 2995 4581 Nam
3046 4519 3352 4601 primum,
3403 4519 3645 4582 ratione

495 4631 664 4684 tem
727 4635 965 4698 agens3
1017 4617 1278 4679 libertas
1325 4625 1540 4680 autem
1603 4617 1814 4699 primo
1874 4617 2038 4678 inest
2147 4639 2277 4684 suae
2324 4618 2757 4701 simplicitatis
2798 4619 2956 4698 (non
3003 4625 3216 4680 autem
3262 4617 3645 4680 inevitabili-

493 4715 852 4784 voluntati
887 4733 900 4777 :
940 4723 1200 4798 propter
1241 4715 1412 4796 quod
1460 4715 1708 4797 primus
1751 4723 1924 4778 actor
1969 4715 2037 4778 li·
2144 4719 2323 4798 tatis)
2365 4718 2601 4780 dicitur
2647 4735 2761 4799 per
2808 4734 2949 4778 esse
2995 4723 3105 4777 aut
3152 4733 3269 4797 per
3304 4715 3645 4778 essentiam

485 4815 858 4885 bet-rimus
903 4832 1162 4898 prorsus
1201 4820 1314 4876 est.
1349 4813 1524 4887 Quod
1571 4814 2038 4877 Platonicorum
2146 4835 2334 4898 agere
2370 4834 2383 4878 :
2446 4815 2607 4878 nihil
2652 4815 2825 4876 enim
2871 4823 2967 4876 est
3012 4813 3075 4875 in
3124 4813 3263 4894 ipso
3306 4814 3475 4894 quod
3520 4832 3647 4876 non

483 4913 848 5003 praecipui
877 4912 1276 4974 admiserunt
1290 4928 1306 4989 ;
1329 4917 1394 4973 et
1423 4911 1488 4972 in
1521 4911 1714 4974 Fonte
1737 4911 1881 4974 vitae
1901 4911 2040 4974 Avi·
2151 4913 2590 4976 identificetur
2632 4919 2873 4974 naturae
2916 4911 3181 4991 agentis.
3214 4945 3295 4956 —
3323 4910 3499 4984 Quod
3543 4911 3647 4974 de-

485 5013 776 5081 cebron
820 5012 882 5073 id
929 5011 1144 5093 ipsum
1190 5009 1458 5071 induxit.
2148 5029 2279 5074 nuo
2326 5010 2555 5073 ultimo
2602 5016 2699 5071 est
2740 5007 3129 5090 appositum,
3175 5007 3401 5068 transit
3446 5014 3510 5069 et
3549 5026 3649 5070 ve-

601 5112 678 5174 Si
713 5111 976 5184 dixeris,
1011 5109 1314 5172 Liberum
1345 5117 1442 5172 est
1473 5109 1536 5171 in
1570 5126 1698 5190 quo
1730 5116 1827 5171 est
1857 5127 2042 5190 agere
2155 5109 2407 5172 ritatem
2456 5107 2648 5170 habet
2697 5106 2763 5168 in
2821 5105 2921 5166 his
2978 5104 3315 5185 agentibus
3372 5123 3648 5187 quorum

487 5223 580 5279 et
645 5226 780 5272 non
827 5225 1060 5290 agere3
1101 5208 1270 5289 quod
1314 5214 1530 5270 autem
1580 5214 1677 5270 est
1723 5207 1871 5281 tale,
1915 5226 2040 5270 non
2154 5205 2463 5291 perfectio
2530 5204 2849 5286 dependet
2904 5202 2985 5264 ab
3042 5203 3423 5276 extrinsece,
3482 5203 3649 5267 sicut

489 5327 802 5400 prorsus
851 5305 1380 5370 incommutabile
1438 5312 1554 5380 est,
1607 5311 1704 5368 est
1751 5305 1925 5368 enim
1973 5306 2040 5369 in
2151 5307 2219 5369 in
2248 5304 2423 5368 omni
2454 5311 2599 5366 ente
2631 5309 2843 5366 creato
2884 5301 3103 5385 utique
3146 5300 3474 5384 contingit.
3508 5303 3646 5368 Non
