4300 6259
1097 483 1521 533 amano
1559 483 1957 532 momine-Q.
2002 499 2083 514 ··-
2123 482 2204 530 DE
2245 483 2364 530 080
2406 483 2528 532 mm
2566 482 2643 530 m·
2681 484 2864 532 ΤΙΠΝΟ

3415 464 3535 531 139

416 655 511 719 tia
564 661 760 737 atque
818 655 1201 719 hnmanitas.
1262 656 1335 719 ln
1398 653 1639 718 divinis
1702 661 1919 718 autem
1952 653 2006 720 Δ
2032 652 2149 717 tati
2188 654 2388 718 Patris
2426 653 2670 729 interni,
2713 653 3343 730 convenientissima,
3386 671 3535 718 con·

416 753 625 816 Filius
650 761 753 818 est
779 772 861 816 ex
888 761 1021 818 tota
1049 753 1248 820 Patris
1284 753 1665 828 substantia,
1696 759 1921 836 estque

418 851 491 914 in
520 859 799 934 utroque
827 852 1052 916 eadem
1096 869 1369 916 numero
1412 859 1658 916 natura.
1694 852 1783 915 De
1820 851 1922 914 liis

418 951 669 1014 dictum
700 958 800 1014 est
826 951 1084 1034 plenius
1110 969 1308 1034 super
1335 951 1621 1033 primum
1666 951 1925 1016 Senten-

420 1049 685 1124 tiarum,
717 1049 946 1131 quinta
984 1048 1419 1113 distinctione.

726 1257 1248 1324 PROPOSITIO
1292 1255 1615 1322 XXXIII.

500 1444 597 1510 112
638 1442 943 1510 divinis
990 1441 1162 1508 tres
1216 1455 1347 1508 res
1400 1441 1742 1508 relative
1798 1455 1923 1508 ae-

417 1543 695 1624 eepm,
714 1543 909 1610 sunt
926 1554 1088 1607 nna
1113 1553 1243 1606 res
1270 1539 1629 1607 absolute
1650 1540 1733 1606 et
1750 1537 1923 1607 sub-

418 1639 913 1708 stantialiter
956 1641 1303 1720 sumpta.

500 1737 677 1812 Quod
722 1743 843 1810 est,
897 1735 1201 1818 quoniam
1248 1743 1377 1798 tres
1428 1751 1717 1818 persono
1763 1734 1921 1798 rela-

2034 752 2511 817 naturalissima
2559 771 2632 818 ac
2687 743 3252 818 delectabilissima
3295 753 3379 828 ei,
3429 754 3536 817 eui

2034 851 2396 935 complacet
2449 869 2640 916 omne
2687 851 2953 927 bonum,
3003 859 3069 915 et
3124 853 3237 935 qui
3287 868 3538 916 summe

2032 949 2176 1012 vult
2219 968 2412 1015 omne
2470 951 2712 1015 bonum
2777 950 2948 1033 quod
3007 952 3074 1014 in
3124 951 3265 1034 ipso
3313 956 3429 1024 est,
3474 955 3540 1014 et

2034 1065 2296 1112 omnem
2343 1057 2558 1112 actum
2607 1067 2801 1132 quem
2850 1049 3002 1132 agit,
3053 1049 3410 1133 praesertim
3456 1049 3535 1112 ad

2036 1147 2222 1210 intra.
2277 1147 2414 1212 Non
2464 1155 2562 1211 est
2607 1165 2866 1231 quoque
2913 1149 3271 1212 necessaria
3317 1165 3536 1210 neces-

2034 1246 2220 1308 sitate
2252 1246 2574 1310 violentia
2603 1264 2676 1309 ac
2706 1245 3076 1320 coactionis,
3099 1264 3216 1309 nec
3247 1244 3538 1326 indigen-

2033 1344 2151 1408 tiae.
2195 1344 2564 1408 Necessaria
2604 1351 2814 1408 autem
2863 1353 2962 1408 est
3001 1344 3378 1408 necessitate
3433 1362 3538 1406 na·

2035 1449 2192 1505 turae
2245 1449 2312 1506 et
2371 1441 2933 1519 immutabilitatis,
2991 1442 3534 1525 quemadmodum

2034 1541 2467 1603 necessarium
2510 1548 2609 1604 est
2653 1542 2854 1605 Deum
2899 1559 3040 1604 esse
3073 1559 3147 1604 ac
3176 1558 3482 1621 generare
3516 1557 3531 1602 ε

2033 1637 2185 1720 quia
2227 1638 2522 1701 voluntas
2569 1655 2698 1702 non
2737 1638 2928 1702 habet
2973 1657 3043 1701 se
3084 1638 3536 1702 antecedenter

2033 1755 2154 1800 nec
2197 1736 2660 1819 principianter
2685 1738 2767 1799 ad
2795 1743 3012 1800 actum
3037 1736 3296 1800 essendi
3325 1755 3398 1799 ac
3428 1753 3534 1819 ge-

418 1835 707 1900 tionibus
754 1835 907 1899 solis
952 1833 1269 1898 distincto
1313 1852 1389 1896 ac
1438 1833 1721 1897 relativis
1780 1851 1922 1916 pro·
1954 1833 2003 1898 B
2034 1835 2322 1907 nerandi,
2353 1836 2466 1898 sed
2509 1836 3030 1899 concomitanter.

417 1933 801 2018 prietatibus
858 1933 1239 2008 constitutas,
1290 1931 1591 1996 videlicet
1634 1931 1815 1996 Pater
1860 1939 1925 1996 et

417 2033 621 2097 Filius
649 2040 714 2096 et
742 2031 1019 2114 Spiritus
1048 2030 1505 2105 Sanctus,sunt
1532 2049 1700 2093 unus
1730 2031 1919 2104 Deus,

415 2140 483 2195 et
510 2130 781 2194 Trinitas
810 2147 1057 2192 summa
1084 2137 1181 2192 est
1208 2127 1685 2210 simplicissima
1712 2129 1923 2192 Deitas

416 2245 592 2307 una;
622 2228 734 2291 sed
763 2235 826 2290 et
869 2226 1172 2310 qualibet
1210 2227 1491 2290 increata
1526 2243 1799 2310 persona
1826 2231 1925 2288 est

414 2327 642 2390 divina
680 2325 979 2400 essentia,
1022 2325 1325 2388 similiter
1360 2323 1503 2390 duae
1544 2325 1761 2398 simul,
1794 2331 1921 2388 tres

415 2443 679 2508 quoque
724 2421 921 2486 simul
964 2432 1267 2505 accepto,
1318 2431 1471 2486 sunt
1518 2423 1657 2506 ipsa
1704 2422 1923 2486 divina

412 2523 719 2596 essentia,
778 2527 843 2585 et
909 2541 1077 2585 unus
1132 2521 1389 2586 Creator
1451 2539 1524 2584 ac
1592 2521 1917 2584 Dominus.

412 2621 585 2685 Hinc
628 2621 855 2684 asserit
908 2619 1323 2702 Augustinus,
1375 2620 1544 2702 quod
1604 2619 1743 2701 ipsa
1788 2619 1921 2682 Tri-

416 2721 592 2782 nitas
624 2727 721 2782 est
773 2718 1065 2802 quaedam
1122 2735 1375 2780 summa
1431 2735 1555 2790 res,
1605 2736 1733 2800 qua
1790 2716 1923 2780 sola

408 2816 765 2880 fruendum
824 2823 939 2878 est.
994 2815 1071 2878 Et
1116 2815 1267 2898 quia
1314 2813 1610 2898 Magister
1658 2814 1921 2890 Senten-

410 2916 655 2978 tiarum
702 2913 873 2976 istud
918 2913 1213 2986 asseruit,
1256 2911 1453 2976 abbas
1494 2912 1780 2977 Joachim
1834 2913 1923 2976 af-

2112 1934 2440 2008 Praeterea,
2489 1933 2826 1998 haereticus
2882 1933 2962 1996 de
3018 1951 3148 2017 quo
3203 1933 3534 2017 quintode·

2032 2031 2204 2094 cimo
2244 2031 2324 2094 de
2371 2032 2676 2095 Trinitate
2719 2031 2946 2095 recitat
2985 2031 3398 2114 Augustinus,
3447 2040 3534 2095 ta-

2032 2129 2179 2192 liter
2207 2129 2512 2212 arguebat
2543 2148 2558 2192 :
2593 2130 2657 2194 Si
2689 2129 2854 2192 Deus
2884 2130 3107 2212 genuit
3137 2130 3391 2204 Filium,
3424 2137 3532 2192 aut

2028 2228 2254 2309 genuit
2281 2228 2524 2303 volens,
2563 2237 2676 2290 aut
2713 2229 2938 2291 nolens
2973 2245 2988 2290 ε
3021 2227 3074 2290 si
3105 2227 3350 2302 volens,
3383 2245 3534 2309 ergo

2032 2326 2242 2409 potuit
2283 2343 2410 2389 non
2453 2343 2758 2408 generare
2801 2326 3124 2399 eumdem,
3171 2344 3291 2389 nec
3334 2325 3532 2388 Filius

2032 2423 2143 2487 Dei
2203 2431 2372 2487 esset
2427 2423 2606 2486 filius
2663 2430 2926 2496 naturai,
2979 2424 3090 2486 sed
3145 2422 3529 2503 voluntatis;

2032 2521 2087 2584 si
2129 2520 2376 2596 nolens,
2409 2539 2561 2602 ergo
2599 2521 2798 2584 miser
2832 2521 3098 2596 exstitit,
3129 2529 3240 2585 aut
3275 2528 3530 2584 coactus

2034 2619 2099 2682 in
2169 2619 2552 2701 generando.
2616 2619 2962 2682 Haereticus
3028 2620 3354 2702 (inquam)
3421 2617 3531 2682 ille

2032 2736 2160 2781 non
2211 2717 2638 2780 consideravit
2699 2716 3124 2800 multiplicem
3175 2717 3530 2780 distinctio-

2030 2833 2178 2878 nem
2239 2814 2660 2890 necessitatis,
2719 2833 2839 2878 nec
2897 2815 3173 2897 qualiter
3236 2815 3530 2879 voluntas

2029 2912 2374 2996 dupliciter
2421 2911 2656 2978 habere
2704 2931 2772 2976 se
2821 2920 3030 2994 potest
3069 2913 3148 2976 ad
3191 2913 3461 2977 volitum
3510 2929 3526 2977 ε

410 3013 707 3077 firmavit
733 3031 883 3075 eum
914 3011 1253 3086 insanisse,
1285 3030 1487 3094 quum
1528 3019 1740 3075 tamen
1783 3011 1919 3095 ipse
1958 3007 2001 3073 C
2029 3011 2271 3074 idcireo
2330 3009 2692 3074 Catholicus
2759 3019 2932 3074 recte
2997 3011 3278 3075 convicit
3341 3010 3528 3074 illum

407 3109 701 3175 Joachim
770 3108 1147 3172 insaniverit
1212 3109 1433 3190 magis.
1496 3108 1616 3172 Sed
1684 3127 1919 3192 nequa-

409 3227 613 3293 quam
670 3215 767 3272 est
813 3206 1233 3290 opinandum,
1281 3203 1453 3290 quod
1510 3225 1761 3270 summa
1818 3226 1919 3271 res

410 3307 533 3370 illa
571 3307 639 3369 in
674 3305 912 3369 divinis
950 3305 1035 3367 sit
1072 3303 1317 3386 aliquid
1358 3304 1525 3368 ultra
1551 3311 1663 3368 aut
1691 3313 1921 3387 praeter

410 3422 745 3488 personas,
790 3422 992 3486 quum
1042 3403 1124 3464 sit
1171 3402 1392 3466 divina
1434 3403 1731 3476 essentia,
1776 3422 1919 3485 quae

408 3522 551 3567 non
592 3511 689 3566 est
728 3501 855 3565 nisi
900 3502 967 3565 in
1014 3501 1326 3584 personis,
1372 3508 1436 3564 et
1477 3521 1619 3584 quae
1665 3501 1919 3565 realiter

409 3611 611 3685 atque
662 3601 937 3664 identice
994 3601 1378 3683 praedicatur
1434 3600 1513 3663 de
1568 3599 1747 3664 omni
1804 3600 1917 3663 illo

406 3700 591 3783 quod
630 3707 729 3762 est
770 3699 837 3762 in
880 3698 1011 3762 Deo
1052 3697 1327 3774 realiter,
1373 3705 1684 3780 quantum
1727 3699 1806 3762 ad
1852 3699 1916 3760 id

404 3797 591 3881 quod
632 3804 729 3861 est
768 3797 835 3859 in
877 3796 1029 3860 Deo.

722 4005 1241 4072 PROPOSITIO
1290 4004 1607 4070 XXXIV.

2026 3109 2398 3174 haereticum
2441 3108 2848 3184 sciscitando,
2881 3119 3096 3174 utrum
3140 3110 3306 3174 Deus
3349 3111 3530 3174 Pater

2028 3208 2111 3271 sit
2142 3208 2309 3270 Deus
2337 3207 2562 3270 volens
2591 3227 2672 3271 an
2715 3207 2936 3271 nolens
2971 3225 2986 3271 :
3017 3209 3070 3271 si
3104 3209 3344 3282 volens,
3376 3227 3527 3290 ergo

2027 3306 2376 3380 voluntate,
2407 3323 2536 3368 non
2574 3314 2823 3380 natura,
2855 3315 2953 3370 est
2991 3307 3179 3381 Deus,
3211 3314 3276 3371 et
3313 3315 3530 3390 posset

2028 3421 2156 3467 non
2217 3423 2356 3466 esse
2414 3404 2622 3482 Deus;
2673 3404 2728 3466 si
2789 3404 3034 3478 nolenS,
3095 3421 3245 3487 ergo
3301 3403 3527 3468 infelix

2026 3508 2143 3565 est.
2195 3501 2328 3576 Qua
2375 3501 2870 3584 interrogatione
2915 3501 3220 3565 confusus
3267 3510 3332 3566 et
3378 3519 3526 3567 con·

2026 3601 2236 3664 victus
2277 3599 2602 3664 obmutuit
2643 3600 2782 3683 ipse
2823 3601 3182 3664 haereticus,

2352 3810 2876 3876 PROPOSITIO
2913 3803 3196 3876 XXXV.

2105 3993 2534 4075 multiplex
2574 3994 2661 4060 in
2701 3994 2864 4060 Deo
2907 3995 3363 4073 assignatur
3392 4009 3522 4077 po-

2019 4093 2304 4174 tentia,
2352 4106 2524 4173 quae
2581 4093 2852 4159 tamen
2892 4093 2979 4158 in
3018 4106 3106 4159 re
3159 4094 3282 4160 est
3338 4094 3524 4160 sim-

490 4187 753 4258 nlius
778 4203 825 4256 a
853 4190 1093 4256 Patre
1122 4190 1360 4256 natus
1386 4191 1511 4255 est
1550 4203 1707 4256 non
1736 4204 1913 4272 pro·
1944 4197 1995 4260 ι)
2023 4191 2210 4272 plex
2257 4192 2338 4256 et
2393 4203 2575 4270 una,
2619 4191 2856 4272 atque
2913 4191 3000 4257 in
3055 4205 3140 4258 se
3182 4191 3523 4260 univoce

402 4289 595 4373 pria
634 4288 1051 4355 voluntate
1077 4301 1225 4354 nee
1252 4288 1751 4370 necessitate,
1772 4289 1915 4358 sed

404 4390 705 4457 natura
742 4401 837 4453 ao
878 4385 1327 4455 intellectu.

494 4485 675 4560 Quod
720 4491 839 4558 est,
890 4482 1195 4565 quoniam
1244 4483 1441 4547 Filius
1490 4491 1589 4547 est
1630 4484 1913 4548 Verbum

402 4584 635 4657 Patris,
668 4581 837 4665 quod
882 4587 979 4644 est
1020 4581 1339 4646 emanatio
1375 4581 1761 4657 intellectuS,
1793 4583 1913 4646 hoc

404 4690 513 4746 est
555 4697 827 4763 persona
868 4687 1015 4742 nata
1052 4696 1093 4741 a
1134 4679 1312 4742 Patre
1361 4698 1477 4762 per
1516 4679 1912 4744 intellectum

404 4779 640 4862 ipsius.
688 4777 927 4859 Estque
972 4775 1296 4839 emanatio
1338 4775 1447 4838 illa
1495 4777 1753 4859 penitus
1805 4797 1913 4840 na-

400 4876 640 4941 turalis
704 4883 771 4938 et
835 4872 1309 4948 intellectualis,
1369 4891 1497 4938 non
1556 4874 1914 4939 voluntaria

400 4977 499 5040 ita
528 4973 702 5056 quod
732 4971 937 5055 possit
972 4988 1101 5034 non
1140 4990 1303 5046 esse,
1336 4991 1455 5036 nec
1493 4972 1787 5036 voluntas
1816 4983 1915 5036 est

394 5069 836 5140 emanationis
894 5069 1069 5134 illius
1134 5070 1575 5154 principium3
1630 5078 1911 5134 attamen

390 5169 772 5238 voluntaria
818 5175 917 5232 est
960 5168 1141 5250 quasi
1192 5169 1715 5244 concomitanter,
1759 5187 1911 5251 quo-

386 5273 584 5356 niam
626 5285 885 5334 summe
927 5266 1121 5332 volita
1159 5285 1233 5332 ac
1270 5267 1507 5352 placita
1546 5276 1645 5332 est
1683 5267 1907 5332 volun·-

2020 4289 2282 4370 diota3
2325 4287 2463 4355 sed
2518 4302 2662 4369 per
2703 4289 3374 4369 comparationem
3423 4291 3524 4358 ad

2020 4389 2256 4455 aetus
2285 4387 2734 4470 distinctos,
2755 4385 3166 4466 analogice
3196 4388 3518 4456 dicitur.

2100 4485 2278 4560 Quod
2327 4492 2444 4560 est,
2491 4484 2644 4567 quia
2692 4485 2756 4546 in
2807 4486 2936 4549 Deo
2981 4492 3080 4549 est
3121 4487 3406 4568 potentia
3443 4488 3522 4550 ad

2022 4592 2202 4646 actus
2233 4583 2634 4657 intrinsecoS,
2651 4583 3074 4646 immanentes
3101 4603 3174 4646 ac
3205 4585 3522 4651 naturales

2020 4679 2312 4744 absolute
2356 4681 2809 4756 consideratos,
2853 4689 3008 4764 puta
3043 4681 3122 4744 ad
3167 4681 3524 4764 intelligen-

2020 4780 2178 4842 dum
2225 4787 2416 4862 atque
2463 4778 2850 4858 volendum3
2901 4781 3184 4862 itemque
3241 4782 3523 4863 potentia

2020 4877 2099 4940 ad
2136 4885 2316 4940 actus
2357 4877 2690 4940 interiores
2729 4878 3084 4941 notionales
3121 4879 3384 4942 relative
3422 4897 3524 4941 ac-

2020 4983 2262 5058 ceptos,
2319 4982 2472 5058 puta
2517 4975 2596 5037 ad
2643 4975 3076 5057 generandum
3137 4982 3201 5038 et
3257 4978 3336 5040 ad
3393 4979 3522 5061 spi-

2020 5073 2324 5153 randum3
2357 5081 2420 5136 et
2449 5092 2668 5136 rursus
2701 5073 2984 5156 potentia
3012 5074 3092 5136 ad
3121 5075 3520 5157 operationes

2019 5171 2097 5234 ad
2138 5180 2337 5246 extra,
2377 5171 2500 5234 hoe
2538 5179 2636 5234 est
2671 5172 2750 5235 ad
2791 5172 3137 5234 creandum
3181 5191 3254 5237 ac
3291 5173 3519 5255 guber-

2021 5269 2326 5333 nandum.
2377 5269 2598 5353 Itaque
2645 5269 2930 5354 potentia
2985 5269 3054 5334 in
3105 5272 3235 5336 Deo
3283 5272 3520 5336 dicitur
