4300 6259
889 459 1012 525 312
1469 483 1547 529 nn
1589 482 1816 528 Lumina
1859 479 2241 527 CHRISTMNAE
2282 479 2583 538 rumam,
2630 481 2805 526 mmm
2848 483 2886 527 1.
2932 499 3013 510 --
3054 483 3193 528 aar.
3238 483 3405 529 vau

890 649 1097 733 legem
1141 651 1490 734 accipiunt,
1527 652 1580 714 si
1627 651 1874 735 primus
1925 656 2132 713 rector
2179 649 2384 732 perfe-
2414 645 2466 710 A
2497 656 2559 711 ta
2620 651 2908 714 unitione
2974 651 3440 733 providentiam
3502 651 3952 715 exterminante.

891 757 1032 812 ctus
1063 751 1184 813 sit:
1211 751 1418 833 primo
1449 751 1621 813 enim
1654 750 1918 814 secundi
1950 749 2381 811 subserviunt.
2563 747 2753 812 Porro
2771 749 2849 811 ad
2881 749 3239 813 efficaciam
3272 750 3661 832 providentis
3681 758 3740 813 et
3756 769 3957 831 regen-

887 847 939 912 A
989 849 1198 930 primo
1247 849 1441 931 igitur
1489 849 1816 912 intellectu
1862 848 2072 911 omnis
2123 848 2385 928 regendi
2496 847 2577 908 tis
2605 848 2732 911 duo
2763 849 3121 912 necessaria
3151 856 3319 922 sunt,
3340 857 3559 932 utpote
3588 849 3877 932 sapientia
3902 857 3962 910 et

887 947 1048 1011 ratio
1089 955 1232 1010 nata
1280 955 1393 1010 est.
1438 948 1683 1022 Adhuc,
1726 947 1973 1029 primus
2024 946 2385 1008 intellectus
2498 945 2700 1008 virtus
2726 954 2837 1009 :ut
2863 965 2979 1028 per
3006 948 3385 1030 sapientiam
3416 947 3685 1019 ordinet,
3716 966 3819 1029 per
3848 946 3963 1008 vir-

885 1045 1096 1108 omnis
1155 1045 1482 1127 sapientiae
1530 1054 1594 1108 et
1642 1045 2022 1127 cognitionis
2073 1043 2217 1107 fons
2266 1052 2381 1118 est,
2496 1051 2698 1107 tutem
2733 1063 2883 1109 vero
2914 1046 3135 1109 eadem
3168 1055 3573 1128 exsequatur.
3594 1047 3661 1108 ln
3682 1047 3769 1108 his
3798 1063 3963 1108 nem-

885 1142 1208 1224 totiusque
1253 1143 1656 1208 rectitudinis
1702 1162 2000 1206 mensura
2034 1160 2048 1204 t
2083 1143 2383 1205 omnibus
2500 1162 2577 1225 pe
2619 1143 2891 1218 duobuS,
2928 1164 3068 1226 quae
3112 1152 3261 1208 sunt
3290 1145 3603 1208 ordinatio
3644 1153 3702 1208 et
3738 1143 3964 1208 ordinis

885 1258 1036 1323 ergo
1085 1241 1450 1322 regentibus
1499 1242 1784 1324 regulam
1837 1258 2170 1325 processus
2229 1240 2383 1304 recti
2497 1242 2842 1315 exsecutio,
2878 1241 3184 1324 perfectio
3216 1242 3629 1324 providentiae
3657 1241 3961 1305 consistit:

889 1337 1125 1400 influit.
2495 1356 2771 1421 quorum
2820 1341 3101 1422 primum
3154 1342 3231 1404 ad
3280 1341 3413 1404 vim
3464 1339 3961 1411 intellectualem,

968 1437 1150 1500 Nunc
1208 1455 1360 1519 ergo
1407 1438 1714 1501 elucescit
1759 1438 2239 1501 universitatem
2290 1457 2387 1500 re-
2497 1437 2849 1500 secundum
2925 1446 3140 1500 autem
3209 1439 3289 1501 ad
3353 1439 3739 1521 operativum
3796 1447 3964 1520 pote-

888 1555 1034 1598 rum
1067 1537 1197 1617 regi
1233 1554 1248 1598 :
1284 1536 1346 1598 in
1381 1555 1510 1618 quo
1539 1536 1948 1619 antiquorum
1983 1555 2159 1599 error
2190 1544 2380 1618 patet,
2495 1542 2719 1597 statem
2768 1544 3029 1618 spectat.
3074 1537 3383 1610 Quoniam
3430 1555 3583 1618 ergo
3628 1538 3963 1600 secundum

887 1634 998 1715 qui
1047 1634 1358 1697 naturalia
1416 1636 1632 1697 omnia
1681 1633 2001 1717 ponebant
2049 1634 2385 1697 casualiter
2496 1635 2907 1715 praeinducta,
2984 1636 3262 1717 primum
3340 1655 3528 1717 agens
3602 1635 3963 1718 simpliciter
3986 1653 4129 1692 amn.

885 1731 1165 1794 evenire.
1201 1733 1440 1795 Rursus
1473 1740 1644 1814 patet
1681 1733 1896 1796 omnia
1923 1752 1960 1794 a
1993 1733 2201 1814 primo
2238 1743 2383 1794 ente
2497 1731 2851 1814 perfectum
2882 1741 3000 1808 est,
3034 1733 3127 1796 sic
3160 1741 3231 1796 ut
3256 1736 3467 1796 omnis
3512 1733 3807 1816 perfectio
3844 1751 3966 1796 om-

883 1829 1226 1911 gubernari
1277 1847 1291 1891 :
1347 1831 1410 1892 in
1463 1849 1590 1913 quo
1639 1831 2096 1913 Epicureorum
2153 1831 2381 1913 positio
2411 1831 2456 1892 B
2496 1832 2723 1912 nisque
2768 1831 3182 1913 perfectionis
3227 1832 3559 1914 plenitudo
3598 1831 3719 1914 ipsi
3756 1849 3971 1894 conve-

884 1927 1149 1989 confusa
1179 1935 1292 1990 est.
1329 1928 1426 1990 llli
1459 1929 1632 1992 enim
1665 1929 1966 1992 dicebant
1993 1930 2166 1992 hunc
2201 1949 2383 1992 mun·
2493 1929 2647 2002 niat,
2691 1929 2897 2011 palam
2950 1931 3101 2011 quia
3138 1931 3685 2013 sapientissimum
3730 1938 3823 1992 est
3864 1947 3878 1991 ε
3916 1939 3975 1992 et

882 2026 1037 2089 dum
1079 2047 1114 2090 a
1158 2028 1282 2092 diis
1325 2046 1453 2091 non
1497 2028 1706 2110 dirigi.
2493 2026 2729 2088 nedum
2760 2027 3027 2100 hoc,sed
3058 2027 3559 2090 substantialiter
3588 2029 3835 2110 sapiens
3862 2035 3972 2098 est.

2492 2132 2553 2188 et
2634 2125 3332 2208 incircumscriptibilis
3408 2127 3735 2209 sapientia.
3808 2128 3975 2190 Unde

2492 2223 2860 2286 Aristoteles
2891 2225 3294 2306 sapientiam,
3326 2225 3611 2287 divinam
3636 2232 3814 2288 vocat
3842 2243 3973 2306 pos-

1234 2293 1720 2358 ARTICULUS
1767 2293 2039 2357 LXVII·
2492 2321 2864 2384 sessionem.
2888 2323 2963 2384 Et
2996 2323 3057 2384 in
3092 2322 3255 2385 libro
3286 2323 3631 2386 Causarum
3662 2323 3970 2396 scribitur,

885 2441 1068 2506 Quod
1089 2442 1352 2516 primus
1383 2451 1594 2501 rector
1623 2443 2028 2520 quietissima
2068 2451 2277 2502 mente
2308 2461 2381 2500 ac
2492 2419 2661 2501 q¹¹⁰d
2698 2420 2980 2501 Primum
3016 2428 3188 2482 efflat
3216 2421 3536 2484 seleutias·
3572 2421 3826 2496 Rursus,
3860 2422 3971 2503 Pri·

963 2530 1446 2604 simplicissz‘ma
1511 2532 2049 2606 contemplatione
2115 2533 2381 2607 singula
2492 2536 2667 2578 mum
2701 2517 2800 2598 (ut
2831 2518 2893 2580 in
2927 2519 3151 2582 eodem
3184 2518 3349 2582 libro
3377 2519 3641 2600 dicitur)
3660 2528 3751 2582 est
3780 2520 3973 2582 virtus

956 2619 1297 2694 yubernet.
2490 2614 2823 2690 virtutum,
2878 2615 3020 2678 fons
3077 2617 3289 2679 omnis
3340 2617 3595 2680 virtutis
3650 2625 3713 2680 et
3767 2616 3973 2680 infini-

2491 2721 2552 2775 ta
2600 2714 2822 2777 virtuS.
2870 2715 3019 2777 Tam
3071 2733 3221 2797 ergo
3282 2735 3359 2778 ex
3424 2724 3603 2798 parte
3658 2717 3974 2798 sapientiae

1019 2812 1318 2876 PlCUREI
1384 2815 1648 2896 quippe,
1709 2815 1818 2896 qui
1877 2816 1955 2877 ad
2014 2815 2377 2877 divinorum
2490 2831 2681 2893 quam
2742 2812 2933 2874 etiam
2984 2813 3262 2886 virtutiS,
3310 2814 3593 2896 primum
3646 2832 3833 2895 agens
3880 2834 3975 2875 su·

1045 2910 1288 2972 entium
1322 2911 1754 2993 simplicitatis
1797 2932 1869 2974 ac
1914 2912 2209 2993 puritatis
2240 2931 2377 2993 spe·
2492 2910 2941 2991 perexaltatam
2990 2911 3180 2973 habet
3225 2912 3482 2993 regendi
3528 2913 3902 2976 efficaciam.

883 3009 1271 3072 culationem
1342 3009 1703 3091 pertingere
1771 3009 2145 3092 nequibant,
2208 3011 2377 3072 hunc
2414 3015 2456 3079 C
2568 3008 2749 3070 Nunc
2778 3009 3055 3090 denique
3086 3029 3253 3092 saepe
3294 3019 3621 3073 ostensum
3664 3018 3777 3084 est,
3811 3012 3969 3095 quod
4016 3043 4085 3080 m.
4115 3049 4175 3078 m.

885 3107 1196 3170 mundum
1237 3127 1274 3169 a
1312 3108 1434 3170 diis
1476 3125 1635 3189 quos
1666 3108 2007 3189 ponebant,
2041 3126 2169 3171 non
2204 3117 2379 3190 puta·
2491 3106 2693 3168 virtus
2739 3114 2801 3168 et
2844 3115 3062 3169 natura
3105 3107 3443 3171 sublimior
3471 3110 3823 3193 simplicius
3850 3110 4139 3190 agitu'fl’ffi

882 3207 1037 3269 bant
1081 3205 1446 3288 gubernari.
1493 3207 1969 3290 Conspicientes
2019 3227 2248 3290 nempe
2297 3209 2382 3271 le·
2492 3204 2553 3265 id
2613 3204 2781 3285 quod
2844 3205 3045 3266 virtus
3114 3205 3379 3269 inferior
3442 3207 3623 3296 facit·
3671 3209 3973 3291 composi-

880 3305 1212 3387 gislatores
1250 3324 1322 3367 ac
1376 3313 1650 3368 rectores
1701 3306 1922 3367 mundi
1969 3306 2164 3386 hujus
2213 3306 2383 3368 curis
2491 3303 2638 3363 tius.
2682 3301 2965 3364 Primum
3010 3302 3222 3385 itaque
3270 3305 3749 3386 simplicissime
3796 3325 3869 3368 ac
3918 3307 3975 3367 in

882 3402 1148 3464 distrahi
1195 3409 1258 3464 et
1302 3401 1846 3464 sollicitudinibus
1878 3402 2268 3474 conturbari,
2303 3421 2383 3464 ne
2492 3399 2835 3481 purissima
2876 3401 3117 3463 unitate
3162 3420 3599 3482 perseverans,
3631 3406 3845 3467 omnia
3880 3424 3981 3486 gu-

881 3502 1147 3563 deorum
1181 3499 1462 3582 quietem
1497 3501 1880 3573 minuerent,
1916 3500 2247 3580 regiminis
2280 3519 2384 3562 cu·
2492 3496 2734 3559 bernat.
2770 3497 2846 3560 Et
2876 3497 3038 3560 hanc
3072 3500 3378 3562 rationem
3410 3502 3613 3583 tangit
3638 3503 3893 3566 Proclus
3922 3504 3979 3564 in

881 3617 1016 3661 ram
1069 3599 1224 3680 ipsis
1274 3597 1751 3660 subtrahebant.
1808 3599 2109 3660 Platonici
2170 3606 2381 3660 autem
2493 3603 2875 3668 commento,
2914 3597 3066 3658 dum
3099 3597 3188 3660 ait
3220 3600 3499 3680 primum
3528 3603 3745 3664 omnia
3774 3621 3981 3683 regere

882 3695 1202 3758 subtiliori
1238 3703 1450 3758 mente
1479 3696 1842 3758 divinorum
1876 3703 2161 3758 naturam
2192 3705 2386 3759 atten-
2495 3713 2609 3776 per
2638 3713 2825 3756 suum
2858 3713 2997 3759 esse
3040 3705 3103 3758 et
3142 3697 3385 3778 absque
3426 3698 3801 3762 habitudine
3834 3719 3847 3762 ε
3884 3701 3982 3762 ha-

881 3795 1126 3868 denteS,
1194 3794 1640 3858 universorum
1708 3794 2238 3875 gubernationem
2306 3796 2381 3857 ad
2494 3792 2851 3854 bitudinem
2920 3794 3252 3875 appellans
3312 3796 3799 3877 dispositionem
3866 3799 3981 3881 ipsi

881 3911 1208 3955 summum
1253 3893 1454 3955 Deum
1485 3900 1786 3974 tanquam
1820 3893 1897 3955 ad
1931 3893 2213 3974 primum
2248 3893 2382 3955 fon·
2494 3891 2735 3970 regenti
2786 3891 3368 3972 superadjunctam.
3415 3895 3561 3958 ldeo
3608 3897 3849 3978 quippe
3894 3917 3981 3960 re-

879 4000 1030 4063 tem,
1057 3997 1120 4052 et
1149 3990 1226 4052 ad
1260 4009 1480 4052 causas
1513 3991 1824 4052 secundas
1856 3998 2199 4072 separataS,
2225 4011 2383 4072 quas
2495 3997 2629 4052 ctor
2670 3988 2840 4051 curis
2888 3988 3263 4052 distrahitur
3310 3999 3373 4054 et
3418 3993 3851 4058 sollicitudine
3900 3997 3985 4058 in·

879 4089 982 4151 vel
1012 4088 1164 4150 deos
1196 4087 1294 4150 vel
1335 4088 1787 4168 intelligentias
1835 4096 2080 4160 vocant,
2117 4090 2383 4152 reduxe-
2494 4086 2835 4168 quietatur,
2900 4087 3206 4169 quoniam
3274 4091 3545 4153 diversis
3601 4092 3681 4154 ad
3740 4093 3981 4156 diversa

881 4193 1034 4248 runt
1083 4204 1096 4247 :
1147 4186 1240 4248 sic
1289 4193 1526 4258 tamen,
1583 4194 1651 4248 ut
1698 4187 1875 4249 omni
1927 4188 2110 4268 pulsa
2159 4187 2381 4250 distra·
2416 4187 2464 4250 D
2492 4185 2870 4266 disponitur.
2914 4185 3199 4248 Primum
3230 4205 3381 4250 vero
3424 4206 3551 4250 non
3596 4190 3726 4268 sic;
3766 4193 3877 4254 sed
3924 4193 3982 4253 in

881 4283 1114 4358 ctione,
1164 4290 1227 4347 et
1277 4284 1721 4366 inquietudine
1769 4285 1944 4346 omni
1994 4284 2264 4359 sublata,
2320 4287 2382 4348 id
2494 4283 2766 4365 propriae
2815 4283 3111 4364 puritatis
3160 4286 3638 4366 superbonifica
3682 4289 3983 4372 simplici·

882 4383 1095 4465 ipsum
1155 4382 1380 4464 primis
1441 4382 1568 4444 illis
1635 4383 1960 4446 mentibus
2018 4392 2381 4466 competere
2494 4389 2619 4443 tate
2663 4399 2950 4456 manenS,
2998 4382 3248 4463 singula
3290 4384 3635 4466 dispensat.

879 4480 1250 4545 faterentur.
1291 4481 1466 4544 Unde
1513 4481 1578 4542 in
1625 4480 1791 4543 libro
1837 4481 2182 4544 Causarum
2226 4483 2380 4546 dici·
2570 4480 2815 4553 Adhuc,
2870 4479 3148 4561 primum
3192 4481 3491 4544 universa
3538 4503 3777 4566 regere,
3812 4488 3983 4550 aliud

877 4586 1030 4641 tur:
1066 4579 1266 4642 Causa
1305 4579 1512 4660 prima
1553 4578 1714 4659 regit
1753 4598 1850 4641 res
1888 4596 2132 4652 omneS,
2182 4599 2377 4661 quan·
2490 4595 2616 4640 non
2662 4585 2758 4639 est
2809 4578 2931 4640 nisi
2982 4577 3193 4659 ipsum
3240 4579 3305 4641 in
3364 4599 3512 4644 suos
3560 4583 3727 4646 sines
3772 4588 3987 4648 omnia

877 4697 1069 4762 quam
1121 4695 1250 4740 non
1301 4677 1795 4740 commisceatur
1843 4695 1990 4739 cum
2041 4677 2155 4738 eis.
2201 4678 2375 4750 Quod
2488 4677 2759 4757 dirigere
2794 4694 2809 4738 :
2844 4695 2957 4758 per
2994 4677 3115 4739 hoc
3157 4695 3309 4741 vero
3348 4689 3579 4742 cuncta
3614 4683 3708 4745 sic
3746 4685 3983 4767 dirigit,

873 4777 1263 4839 theoremate
1313 4775 1664 4838 centesimo
1723 4774 2029 4837 vicesimo
2093 4777 2375 4840 secundo
2487 4774 2655 4857 quod
2688 4774 2957 4856 singulis
2987 4765 3340 4839 naturalem
3386 4777 3869 4845 inclinationem
3908 4786 3983 4846 ad

871 4875 1128 4937 Proclus
1179 4873 1498 4955 patentius
1547 4874 1640 4934 sic
1690 4873 2036 4935 introducit
2099 4890 2112 4934 :
2173 4873 2372 4937 Omne
2486 4874 2810 4957 propriam
2844 4874 3329 4957 ultimatamque
3370 4878 3829 4958 perfectionem
3874 4885 3986 4946 im-

868 4972 1162 5034 divinum
1195 4978 1258 5034 et
1287 4970 1578 5053 providet
1617 4970 1936 5042 secundiS,
1970 4978 2034 5033 et
2077 4979 2371 5052 ereptum
2484 4972 2726 5056 primit,
2760 4973 2915 5034 dans
2944 4992 3017 5034 ea
3056 4979 3119 5035 et
3158 4975 3501 5054 providens
3542 4997 3685 5059 quae
3722 4981 3799 5042 ad
3830 4981 3981 5044 finis

869 5078 966 5132 est
1007 5069 1086 5132 ab
1131 5069 1229 5131 his
1274 5068 1510 5150 quibus
1555 5068 1868 5150 providet,
1903 5086 2112 5150 neque
2160 5069 2368 5150 provi·
2480 5070 2885 5153 adeptionem
2932 5070 3239 5153 requisita
3279 5082 3447 5135 sunt.
3482 5075 3551 5136 ln
3594 5077 3977 5158 quibusdam

868 5167 1084 5230 dentia
1149 5166 1562 5229 submittente
1629 5185 1808 5228 suam
1880 5166 2238 5229 immixtam
2305 5174 2368 5230 et
2474 5170 2798 5251 equidem,
2864 5176 3081 5250 utpote
3142 5171 3449 5251 separatis
3518 5173 3973 5252 intellectibus,

871 5265 1257 5348 singularem
1318 5265 1785 5340 excellentiam,
1846 5284 2056 5348 neque
2113 5285 2363 5349 separa·
2472 5267 2607 5331 haec
2662 5267 2813 5349 agit,
2864 5285 2941 5330 eo
2997 5267 3169 5349 quod
3228 5267 3542 5334 bonitates
3600 5291 3761 5354 quas
3822 5274 3973 5358 ipsis
