4300 6259
114 3775 181 3814 ut.
211 3784 310 3816 tvm.

922 527 1001 574 DE
1042 527 1269 574 Lmtmn
1312 525 1697 574 culusitana
1738 523 2039 579 monus,
2084 523 2262 569 umen
2303 523 2366 569 11.
2413 541 2493 551 --
2535 523 2672 568 ART.
2719 523 2858 568 Lxlv

3319 503 3440 568 463

334 697 603 760 modum
651 697 923 780 separati
971 695 1337 760 intellectus
1385 703 1449 759 et
1491 693 1833 778 supersub-
1862 693 1914 755 A
1944 693 2225 775 positum
2285 691 2628 756 defendere
2686 691 2942 754 student
2993 708 3008 752 ε
3061 691 3228 754 inter
3284 708 3443 773 quos

332 795 649 858 stantialis
678 795 789 858 Dei
829 795 1129 869 essentia,
1162 794 1245 858 ob
1284 793 1667 856 actualitatis
1706 810 1836 854 suae

334 893 849 966 redundantiam,
894 894 1028 955 vim
1074 893 1371 956 humanae
1420 891 1685 955 rationis
1736 909 1837 952 su-

334 991 845 1074 pergrediuntur.
890 991 966 1054 Et
1014 991 1080 1054 in
1121 991 1241 1054 hoc
1289 997 1515 1073 quarta
1560 989 1839 1070 objectio

332 1089 540 1152 soluta
582 1097 699 1152 est.

408 1187 503 1250 Ad
548 1187 842 1270 quintam
886 1205 1143 1270 quoque
1188 1187 1519 1269 responsio
1564 1205 1641 1248 ex
1682 1203 1837 1267 prae-

332 1284 569 1346 habitis
609 1285 801 1367 plana
848 1293 961 1347 est.
1006 1285 1143 1348 Non
1192 1285 1365 1347 enim
1416 1284 1837 1366 praenomina·

334 1393 470 1444 tum
504 1383 724 1446 lumen
764 1383 840 1446 fit
880 1382 1113 1446 mentis
1150 1391 1375 1446 creatae
1416 1379 1839 1462 intelligibilis

332 1481 561 1554 forma,
596 1481 705 1543 sed
736 1482 951 1562 potius
980 1480 1271 1563 aptificat
1298 1489 1363 1543 et
1392 1479 1627 1543 exaltat
1666 1497 1838 1542 men·

334 1589 464 1642 tem
494 1581 574 1643 ad
604 1581 838 1644 divinae
870 1588 1107 1644 naturae
1136 1580 1608 1661 visionem‚per
1635 1579 1836 1661 ipsam

334 1679 445 1741 Dei
513 1679 857 1741 essentiam
928 1679 1322 1742 contuendae.
1382 1679 1835 1740 Verumtamen

330 1777 659 1858 quomodo
686 1776 807 1840 hoc
838 1777 975 1850 fiat,
1010 1776 1235 1838 ultima
1274 1777 1435 1838 ratio
1474 1775 1831 1856 investigat.

1944 799 2094 853 sunt
2121 790 2419 853 Albertus
2449 798 2513 853 et
2539 790 2846 871 AEgidiuS‚
2881 789 3165 852 dicentes
3209 789 3446 851 formas

1948 889 2419 963 intentionaleS,
2471 888 2608 951 sive
2666 887 2966 960 visualeS‚
3019 888 3154 950 sive
3215 886 3446 949 intelli·
3509 889 3516 894 ’

1946 986 2200 1068 gibileS,
2262 987 2423 1048 nulli
2484 986 2776 1067 subJecto
2835 985 3165 1049 inhaerere.
3219 985 3450 1049 Contra

1946 1105 2137 1167 quam
2201 1085 2584 1167 positionem
2635 1085 2694 1147 S.
2748 1084 3020 1147 Thomas
3081 1082 3449 1164 frequenter

1944 1191 2428 1264 argumentatur
2473 1201 2486 1244 :
2539 1201 2657 1245 nec
2705 1183 2880 1245 enim
2923 1181 3114 1244 firma
3161 1189 3274 1244 est.
3325 1181 3449 1243 Sed

1950 1289 2170 1345 contra
2215 1301 2356 1344 eam
2409 1282 2596 1344 modo
2645 1281 3101 1362 disputandum
3152 1297 3276 1342 non
3327 1287 3441 1342 est.

1950 1380 2131 1442 Nunc
2164 1398 2440 1462 namque
2467 1378 2753 1442 sufficiat
2783 1377 3158 1451 ostendisse,
3191 1395 3318 1440 non
3351 1397 3446 1440 es-

1947 1497 2015 1542 se
2062 1479 2141 1542 de
2183 1480 2426 1542 ratione
2471 1477 2897 1559 intelligibilis
2949 1478 3186 1560 speciei
3243 1485 3312 1538 ut
3355 1478 3446 1539 in—

1946 1577 2284 1640 formative
2339 1577 2510 1639 insit.
2577 1577 2685 1638 Est
2750 1575 3050 1658 equidem
3120 1576 3183 1638 in
3244 1575 3450 1639 forma

1948 1675 2342 1756 intelligibili
2375 1676 2504 1739 duo
2531 1675 2880 1738 attendere.
2906 1675 3137 1749 Unum,
3171 1675 3323 1758 quia
3354 1675 3446 1737 in-

1946 1774 2144 1837 haeret
2187 1782 2250 1837 et
2292 1773 2557 1837 fulcitur
2600 1775 2664 1836 in
2710 1774 2838 1837 alio
2886 1791 2899 1836 :
2946 1782 3009 1836 et
3049 1774 3169 1838 hoc
3213 1775 3446 1857 imper-

334 1877 519 1940 Circa
548 1879 721 1961 quod
748 1877 1133 1940 attendenda
1158 1886 1255 1939 est
1284 1876 1641 1939 similitudo
1669 1895 1835 1958 quae-
1872 1873 1919 1936 B
1948 1873 2244 1936 fectionis
2303 1881 2418 1936 est.
2479 1873 2692 1946 Aliud,
2753 1875 3058 1956 quoniam
3115 1880 3326 1936 actuat
3383 1881 3446 1936 et

334 1975 481 2038 dam
534 1977 703 2039 inter
750 1977 1055 2039 unionem
1103 1975 1295 2038 Verbi
1354 1995 1501 2038 cum
1550 1975 1832 2048 homine,

338 2082 396 2138 et
426 2074 666 2137 divinae
694 2075 987 2138 essentiae
1017 2091 1167 2136 cum
1198 2081 1409 2136 creata
1440 2080 1669 2136 mente.
1705 2073 1835 2135 Sic-

342 2180 408 2234 ut
436 2191 673 2254 nempe
702 2191 781 2236 ex
819 2172 1391 2256 praedeterminatis
1428 2173 1597 2234 circa
1637 2172 1839 2234 incar-

231 2311 309 2342 ιη
338 2271 666 2333 nationem
715 2272 825 2334 Dei
875 2271 1065 2354 paulo
1120 2279 1266 2333 ante
1314 2269 1564 2343 claruit,
1614 2277 1839 2332 natura

338 2370 621 2432 humana
668 2369 735 2431 in
778 2369 1029 2432 Christo
1074 2369 1153 2431 ad
1202 2368 1681 2432 subsistentiam
1724 2387 1837 2431 seu

338 2467 856 2548 personalitatem
906 2467 1096 2530 Verbi
1146 2475 1475 2548 assumpta
1520 2474 1634 2530 est.
1682 2465 1839 2528 Sub-

336 2564 632 2626 sistentia
684 2571 921 2637 autem,
972 2582 1117 2645 quae
1171 2563 1367 2626 etiam
1421 2562 1689 2626 actualis
1736 2581 1839 2626 ex-

336 2662 630 2724 sistentia
670 2681 783 2724 seu
826 2680 967 2724 esse
1008 2661 1402 2744 suppositale
1446 2662 1837 2737 vocatur,di-

338 2761 505 2822 citur
547 2768 729 2823 actus
768 2760 1057 2843 primus;
1102 2777 1289 2842 agere
1330 2767 1569 2832 autem,
1601 2760 1839 2822 dicitur

334 2865 515 2920 actus
570 2859 911 2921 secundus.
966 2857 1146 2921 Sicut
1202 2859 1417 2940 itaque
1474 2858 1538 2920 in
1589 2858 1839 2922 Christo

336 2973 608 3037 persona
652 2956 843 3019 Verbi
900 2964 997 3020 est
1053 2956 1449 3039 principium
1507 2956 1837 3019 immedia-

1948 1971 2206 2054 perficit
2249 1971 2710 2054 intelligentem
2759 1989 2772 2034 :
2820 1973 2990 2054 quod
3030 1973 3107 2034 ad
3152 1973 3446 2055 perfecti-

1946 2087 2133 2132 onem
2185 2078 2384 2133 sonat.
2432 2069 2555 2133 Sed
2599 2070 2664 2132 in
2708 2071 2919 2153 primo
2960 2071 3114 2134 olim
3157 2073 3446 2136 ostende·
3471 2092 3660 2134 arm-x.

1946 2168 2156 2243 batur,
2187 2169 2357 2251 quod
2403 2169 2622 2232 volens
2666 2187 2744 2231 ex
2790 2169 3048 2232 entibus
3095 2171 3322 2233 creatis
3365 2172 3444 2234 ad

1949 2267 2151 2329 divini
2196 2267 2362 2330 entis
2403 2268 2728 2330 notionem
2775 2268 3142 2349 procedere,
3175 2269 3446 2332 derelin-

1949 2385 2147 2448 quere
2195 2365 2423 2428 debeat
2470 2366 2640 2447 quod
2693 2366 3197 2448 imperfectionis
3245 2376 3342 2430 est
3385 2369 3448 2430 in

1949 2463 2208 2527 entibus
2266 2464 2514 2538 creatiS,
2568 2463 2761 2546 idque
2820 2466 2989 2547 quod
3039 2464 3451 2547 perfectionis

1952 2562 2017 2624 in
2051 2561 2209 2644 ipsis
2249 2569 2366 2634 est,
2399 2561 2953 2644 supereminenter
2995 2563 3276 2626 increato
3319 2564 3450 2626 enti

1950 2660 2318 2722 attribuere.
2364 2660 2526 2722 Dum
2572 2678 2722 2742 ergo
2765 2679 2841 2722 ex
2885 2668 3110 2723 natura
3155 2669 3216 2724 et
3263 2663 3451 2725 modo

1950 2759 2172 2822 formae
2203 2758 2628 2839 intelligibilis
2649 2767 2874 2822 creatae
2903 2778 3243 2841 agnoscere
3277 2761 3452 2824 moli-

1952 2875 2117 2930 mur,
2149 2857 2471 2938 quomodo
2500 2855 2720 2920 divina
2749 2859 3026 2920 essentia
3057 2859 3234 2922 velut
3268 2859 3450 2922 intel-

1952 2954 2215 3035 ligibilis
2248 2953 2452 3018 forma
2471 2955 2808 3037 copuletur
2829 2965 3040 3020 creato
3071 2957 3448 3032 intellectui,

336 3063 471 3116 tum
503 3061 683 3117 actus
714 3054 907 3136 primi
938 3062 1179 3118 naturae
1207 3055 1527 3130 humanae,
1546 3057 1609 3118 in
1642 3073 1837 3138 quan-
1875 3051 1920 3116 C
1951 3051 2504 3135 imperfectionem
2535 3061 2758 3118 creatae
2791 3055 3028 3137 speciei
3060 3055 3284 3118 tollere
3314 3073 3456 3118 con-

334 3161 473 3215 tum
531 3161 825 3216 naturam
881 3153 1163 3216 hominis
1220 3153 1295 3216 ad
1348 3153 1641 3217 divinum
1700 3173 1841 3217 esse

334 3252 725 3334 assumpsit3
768 3252 863 3314 sic
904 3251 971 3314 in
1011 3251 1213 3314 beatis
1262 3252 1697 3316 intellectibus
1747 3252 1839 3314 di·

335 3351 485 3414 vina
530 3351 831 3426 essentia,
880 3357 1187 3433 tanquam
1234 3352 1483 3434 species
1542 3351 1839 3433 intelligi-

338 3449 487 3512 bilis
546 3449 747 3512 menti
814 3457 1041 3512 creatae
1106 3449 1471 3531 conjuncta,
1534 3459 1633 3513 est
1696 3467 1838 3533 pro-

338 3546 585 3610 ximum
627 3546 1023 3630 principium
1060 3555 1239 3610 actus
1280 3549 1567 3624 secundi,
1600 3548 1711 3631 qui
1742 3555 1841 3611 est

340 3645 718 3726 intelligere.
742 3645 855 3707 Est
879 3645 1055 3708 enim
1084 3644 1303 3708 divina
1332 3647 1629 3720 essentia,
1658 3647 1841 3727 juxta

340 3744 665 3826 praedicta‚
716 3745 889 3823 quod
934 3742 1209 3818 videtur,
1254 3751 1319 3806 et
1362 3765 1487 3824 quo
1536 3745 1612 3807 fit
1656 3745 1837 3809 visio.

338 3843 458 3906 Sed
490 3842 661 3904 sicut
688 3841 971 3904 Verbum
1008 3842 1359 3925 assumpsit
1396 3849 1687 3906 naturam
1726 3844 1841 3906 hu-

340 3959 595 4004 manam
639 3941 831 4023 eique
882 3941 1137 4003 unitum
1194 3948 1293 4004 est
1350 3943 1487 4004 sine
1538 3961 1669 4005 suae
1735 3963 1845 4026 pu-

338 4041 545 4103 ritatis
604 4040 876 4112 macula,
937 4039 1319 4114 inclusione,
1381 4040 1841 4105 commixtione

337 4157 409 4201 ac
452 4137 881 4214 detrimento;
913 4139 1007 4201 sic
1049 4139 1269 4201 divina
1308 4140 1585 4201 essentia
1623 4141 1845 4202 unitur

1947 3157 2119 3237 gruit
2139 3173 2157 3235 ;
2189 3163 2254 3218 et
2283 3157 2454 3238 quod
2495 3157 2758 3239 insuper
2797 3165 3103 3232 remanet,
3138 3158 3452 3240 perficere

1949 3253 2196 3317 scilicet
2245 3254 2642 3318 intellectum
2695 3257 2884 3319 modo
2934 3254 3296 3338 explanato,
3349 3275 3453 3320 ne-

1951 3371 2077 3436 que
2114 3352 2378 3435 puritati
2418 3373 2626 3435 neque
2667 3354 3451 3438 incircumscriptibilitati

1951 3451 2186 3515 divinae
2227 3452 2519 3515 essentiae
2562 3461 2892 3536 repugnat.

2316 3733 2806 3798 ARTICULUS
2851 3734 3090 3798 LXIV.

1956 3875 2139 3942 Quod
2181 3875 2314 3933 hoec
2343 3874 2466 3934 Dei
2509 3873 2694 3942 visio,
2727 3894 2872 3952 quae
2911 3876 3139 3952 utique
3179 3876 3316 3935 vita-
3359 3886 3452 3936 est

2034 3972 2228 4041 atquc
2270 3963 2558 4038 felicitas
2597 3963 2928 4022 beatorum
2975 3965 3448 4035 intellectuum,

2032 4054 2119 4112 sit
2175 4051 2826 4120 desiderabilissima,
2891 4054 3276 4127 purissima,
3331 4054 3452 4130 ju-

2031 4141 2460 4209 cundissima,
2493 4149 2552 4199 et
2589 4145 3128 4217 contemplantem
3161 4144 3452 4220 perfecte

338 4237 533 4300 menti
566 4243 793 4300 creatae
820 4238 1029 4318 quoad
1058 4243 1271 4300 actum
1300 4238 1648 4301 secundum
1674 4256 1687 4300 ε
1714 4257 1841 4302 non
1873 4247 1923 4310 D
2032 4232 2352 4310 quietam·

338 4353 453 4418 per
490 4334 593 4398 sui
637 4334 1052 4399 inhaesionem
1091 4342 1202 4397 aut
1240 4335 1841 4399 determinationem

336 4437 493 4515 (non
540 4435 715 4496 enim
760 4432 1067 4496 informat
1111 4433 1459 4514 mentem);
1493 4453 1703 4516 neque
1749 4436 1841 4498 sic

337 4534 394 4595 ei
426 4534 653 4594 unitur
691 4541 761 4594 ut
798 4533 865 4594 in
903 4551 979 4595 ea
1018 4531 1367 4614 recipiatur
1404 4540 1466 4595 et
1506 4533 1837 4608 limitetur,

338 4632 446 4694 sed
492 4649 611 4714 per
655 4632 873 4694 lumen
915 4630 1135 4711 gloriae
1180 4649 1361 4692 mens
1404 4631 1737 4706 exaltatur,
1772 4639 1843 4694 ut

337 4749 479 4792 eam
520 4730 739 4792 divina
786 4729 1063 4792 essentia
1103 4729 1401 4811 perficiat
1448 4729 1618 4791 sicut
1660 4730 1843 4793 intel·

340 4827 605 4910 ligibilis
664 4829 870 4891 forma
919 4827 1177 4910 perficit
1236 4827 1657 4890 intellectum.
1720 4829 1840 4891 Ne-

338 4947 463 5009 que
502 4945 729 4990 verum
762 4934 881 5000 est,
916 4926 1086 5008 quod
1130 4926 1209 4988 de
1252 4927 1499 4989 ratione
1540 4927 1839 5008 intelligi·

339 5026 489 5089 bilis
530 5027 773 5109 speciei
812 5026 895 5087 sit
945 5033 1015 5088 ut
1064 5024 1371 5088 informet
1413 5026 1835 5088 intellectum.

336 5127 471 5189 Imo
498 5145 863 5208 quanquam
894 5124 1013 5188 hoc
1036 5143 1255 5188 verum
1285 5125 1368 5187 sit
1395 5126 1475 5187 de
1505 5125 1841 5208 speciebus

338 5243 553 5286 rerum
582 5229 963 5297 creatarum,
995 5223 1167 5305 quod
1196 5222 1445 5285 scilicet
1482 5223 1838 5303 subJective

339 5321 539 5386 insint
580 5321 960 5396 intellectui,
1000 5320 1187 5384 multi
1224 5326 1439 5385 tamen
1486 5321 1683 5406 hujus
1731 5339 1841 5406 op-

2090 4435 2386 4497 AUDlUM
2434 4441 2645 4497 autem
2689 4443 2784 4496 est
2832 4434 3098 4499 diffusio
3141 4435 3338 4498 animi
3386 4437 3449 4499 in

2120 4541 2434 4615 conceptu
2469 4533 2641 4596 boni.
2663 4533 2796 4607 Quo
2827 4550 2977 4613 ergo
3007 4534 3071 4596 id
3102 4536 3269 4615 quod
3302 4552 3447 4598 con·

1950 4631 2210 4713 cipitur,
2253 4631 2481 4694 melius
2530 4638 2625 4693 est
2671 4639 2734 4693 et
2783 4631 3267 4694 convenientius
3307 4650 3450 4695 con-

1948 4730 2237 4812 cipienti,
2297 4747 2373 4791 eo
2430 4730 2734 4810 gaudium
2795 4748 2870 4790 ex
2932 4737 3246 4812 conceptu
3306 4731 3450 4794 talis

1947 4828 2097 4890 boni
2159 4827 2393 4900 orienS,
2449 4827 2700 4908 plenius
2748 4827 2871 4889 erit
2923 4843 2936 4887 :
2993 4828 3344 4908 praesertim
3395 4829 3450 4892 si

1949 4926 2318 5008 concipiens
2360 4933 2660 5007 agnoscat
2701 4925 2858 4987 illud
2899 4925 3024 4988 sibi
3063 4927 3452 4990 conveniens

1948 5044 2105 5088 esse.
2133 5025 2360 5086 Divina
2387 5032 2600 5086 autem
2633 5024 2927 5097 essentia,
2951 5043 3092 5106 quae
3123 5025 3448 5106 objectum

1948 5132 2045 5186 est
2074 5123 2242 5185 beati
2277 5121 2662 5194 intellectuS,
2685 5129 2782 5184 est
2813 5140 2973 5203 pura
3006 5120 3272 5196 bonitaS,
3308 5123 3450 5186 fons

1947 5223 2158 5286 omnis
2186 5219 2767 5292 desiderabilitatiS,
2799 5226 2862 5282 et
2901 5220 3451 5301 supereminenter

1952 5320 2504 5406 comprehendens
2570 5336 2762 5382 omne
2829 5318 3194 5401 pulchrum,
3255 5337 3448 5386 omne
