<?xml version="1.0" encoding="UTF-8"?>
<!DOCTYPE html PUBLIC "-//W3C//DTD XHTML 1.0 Transitional//EN"
    "http://www.w3.org/TR/xhtml1/DTD/xhtml1-transitional.dtd">
<html xmlns="http://www.w3.org/1999/xhtml" xml:lang="en" lang="en">
 <head>
  <title>
</title>
<meta http-equiv="Content-Type" content="text/html;charset=utf-8" />
  <meta name='ocr-system' content='tesseract 3.04.00' />
  <meta name='ocr-capabilities' content='ocr_page ocr_carea ocr_par ocr_line ocrx_word'/>
</head>
<body>
  <div class='ocr_page' id='page_1' title='image "./doctorisecstati05unkngoog_0103.png"; bbox 0 0 4300 6259; ppageno 0'>
   <div class='ocr_carea' id='block_1_1' title="bbox 30 3574 373 3690">
    <p class='ocr_par' dir='ltr' id='par_1_1' title="bbox 30 3574 373 3690">
     <span class='ocr_line' id='line_1_1' title="bbox 44 3574 373 3621; baseline -0.012 -5"><span class='ocrx_word' id='word_1_1' title='bbox 44 3576 128 3617; x_wconf 81' lang='lat' dir='ltr'><strong>lib-</strong></span> <span class='ocrx_word' id='word_1_2' title='bbox 148 3587 217 3621; x_wconf 80' lang='lat' dir='ltr'><strong>m,</strong></span> <span class='ocrx_word' id='word_1_3' title='bbox 231 3574 373 3613; x_wconf 69' lang='lat' dir='ltr'><strong>mel-r.</strong></span> 
     </span>
     <span class='ocr_line' id='line_1_2' title="bbox 30 3637 373 3690; baseline -0.015 -10"><span class='ocrx_word' id='word_1_4' title='bbox 30 3643 77 3682; x_wconf 70' lang='lat'><strong>9.</strong></span> <span class='ocrx_word' id='word_1_5' title='bbox 114 3648 251 3690; x_wconf 62' lang='lat' dir='ltr'><strong>pm!-</strong></span> <span class='ocrx_word' id='word_1_6' title='bbox 286 3637 373 3682; x_wconf 70' lang='lat'><strong>¹2:</strong></span> 
     </span>
    </p>
   </div>
   <div class='ocr_carea' id='block_1_2' title="bbox 26 3701 375 3744">
    <p class='ocr_par' dir='ltr' id='par_1_2' title="bbox 26 3701 375 3744">
     <span class='ocr_line' id='line_1_3' title="bbox 26 3701 375 3744; baseline -0.014 -2"><span class='ocrx_word' id='word_1_7' title='bbox 26 3702 111 3742; x_wconf 77' lang='lat' dir='ltr'><strong>lib.</strong></span> <span class='ocrx_word' id='word_1_8' title='bbox 138 3713 207 3744; x_wconf 57' lang='grc' dir='ltr'><strong>ις’.</strong></span> <span class='ocrx_word' id='word_1_9' title='bbox 226 3701 375 3740; x_wconf 73' lang='lat' dir='ltr'><strong>nete.</strong></span> 
     </span>
    </p>
   </div>
   <div class='ocr_carea' id='block_1_3' title="bbox 1266 530 2596 580">
    <p class='ocr_par' dir='ltr' id='par_1_3' title="bbox 1266 530 2596 580">
     <span class='ocr_line' id='line_1_4' title="bbox 1266 530 2596 580; baseline 0.002 -2"><span class='ocrx_word' id='word_1_10' title='bbox 1266 531 1624 579; x_wconf 60' lang='lat' dir='ltr'><strong>tantumn</strong></span> <span class='ocrx_word' id='word_1_11' title='bbox 1628 533 1687 580; x_wconf 89' lang='lat'><strong>10</strong></span> <span class='ocrx_word' id='word_1_12' title='bbox 1728 530 2188 579; x_wconf 60' lang='lat' dir='ltr'><strong>Pultosormca.</strong></span> <span class='ocrx_word' id='word_1_13' title='bbox 2233 551 2314 562; x_wconf 93' lang='lat'><strong>—</strong></span> <span class='ocrx_word' id='word_1_14' title='bbox 2357 533 2434 580; x_wconf 73' lang='lat' dir='ltr'><strong>DE</strong></span> <span class='ocrx_word' id='word_1_15' title='bbox 2477 533 2596 580; x_wconf 66' lang='lat' dir='ltr'><strong>mio</strong></span> 
     </span>
    </p>
   </div>
   <div class='ocr_carea' id='block_1_4' title="bbox 694 708 1571 777">
    <p class='ocr_par' dir='ltr' id='par_1_4' title="bbox 694 708 1571 777">
     <span class='ocr_line' id='line_1_5' title="bbox 694 708 1571 777; baseline -0.002 -2"><span class='ocrx_word' id='word_1_16' title='bbox 694 708 1215 777; x_wconf 87' lang='lat' dir='ltr'><strong>PROPOSITIO</strong></span> <span class='ocrx_word' id='word_1_17' title='bbox 1260 709 1571 774; x_wconf 86' lang='lat' dir='ltr'><strong>LXXXI.</strong></span> 
     </span>
    </p>
   </div>
   <div class='ocr_carea' id='block_1_5' title="bbox 380 901 1889 1867">
    <p class='ocr_par' dir='ltr' id='par_1_5' title="bbox 380 901 1883 1376">
     <span class='ocr_line' id='line_1_6' title="bbox 463 901 1883 984; baseline -0.002 -15"><span class='ocrx_word' id='word_1_18' title='bbox 463 901 725 970; x_wconf 79' lang='lat' dir='ltr'><strong>Causa</strong></span> <span class='ocrx_word' id='word_1_19' title='bbox 760 905 1043 984; x_wconf 85' lang='lat' dir='ltr'><strong>prima,</strong></span> <span class='ocrx_word' id='word_1_20' title='bbox 1083 904 1461 970; x_wconf 81' lang='lat' dir='ltr'><strong>universa</strong></span> <span class='ocrx_word' id='word_1_21' title='bbox 1500 902 1583 968; x_wconf 86' lang='lat' dir='ltr'><strong>et</strong></span> <span class='ocrx_word' id='word_1_22' title='bbox 1624 903 1883 980; x_wconf 78' lang='lat' dir='ltr'><strong>singu-</strong></span> 
     </span>
     <span class='ocr_line' id='line_1_7' title="bbox 380 1001 1883 1082; baseline 0 -16"><span class='ocrx_word' id='word_1_23' title='bbox 380 1001 467 1068; x_wconf 88' lang='lat' dir='ltr'><strong>la</strong></span> <span class='ocrx_word' id='word_1_24' title='bbox 507 1002 595 1067; x_wconf 90' lang='lat' dir='ltr'><strong>in</strong></span> <span class='ocrx_word' id='word_1_25' title='bbox 637 1003 963 1082; x_wconf 85' lang='lat' dir='ltr'><strong>propria</strong></span> <span class='ocrx_word' id='word_1_26' title='bbox 990 1016 1133 1069; x_wconf 83' lang='lat' dir='ltr'><strong>sua</strong></span> <span class='ocrx_word' id='word_1_27' title='bbox 1160 1002 1339 1068; x_wconf 84' lang='lat' dir='ltr'><strong>luce</strong></span> <span class='ocrx_word' id='word_1_28' title='bbox 1370 1014 1461 1067; x_wconf 87' lang='lat' dir='ltr'><strong>ae</strong></span> <span class='ocrx_word' id='word_1_29' title='bbox 1488 1001 1883 1080; x_wconf 76' lang='lat' dir='ltr'><strong>sapientia</strong></span> 
     </span>
     <span class='ocr_line' id='line_1_8' title="bbox 382 1097 1883 1180; baseline -0.002 -14"><span class='ocrx_word' id='word_1_30' title='bbox 382 1100 833 1166; x_wconf 81' lang='lat' dir='ltr'><strong>clarissime</strong></span> <span class='ocrx_word' id='word_1_31' title='bbox 875 1101 1261 1180; x_wconf 83' lang='lat' dir='ltr'><strong>intuetur,</strong></span> <span class='ocrx_word' id='word_1_32' title='bbox 1304 1097 1883 1180; x_wconf 82' lang='lat' dir='ltr'><strong>perfectissime</strong></span> 
     </span>
     <span class='ocr_line' id='line_1_9' title="bbox 382 1196 1881 1278; baseline 0.001 -16"><span class='ocrx_word' id='word_1_33' title='bbox 382 1196 667 1277; x_wconf 83' lang='lat' dir='ltr'><strong>noscit,</strong></span> <span class='ocrx_word' id='word_1_34' title='bbox 700 1196 1401 1278; x_wconf 81' lang='lat' dir='ltr'><strong>providentialiter</strong></span> <span class='ocrx_word' id='word_1_35' title='bbox 1430 1196 1749 1262; x_wconf 84' lang='lat' dir='ltr'><strong>ordinat</strong></span> <span class='ocrx_word' id='word_1_36' title='bbox 1789 1211 1881 1264; x_wconf 87' lang='lat' dir='ltr'><strong>ao</strong></span> 
     </span>
     <span class='ocr_line' id='line_1_10' title="bbox 382 1295 763 1376; baseline 0 -14"><span class='ocrx_word' id='word_1_37' title='bbox 382 1295 763 1376; x_wconf 76' lang='lat' dir='ltr'><strong>disponit.</strong></span> 
     </span>
    </p>

    <p class='ocr_par' dir='ltr' id='par_1_6' title="bbox 384 1391 1889 1867">
     <span class='ocr_line' id='line_1_11' title="bbox 466 1391 1885 1475; baseline -0.001 -21"><span class='ocrx_word' id='word_1_38' title='bbox 466 1393 643 1466; x_wconf 86' lang='lat' dir='ltr'><strong>Quod</strong></span> <span class='ocrx_word' id='word_1_39' title='bbox 674 1393 1105 1475; x_wconf 90' lang='lat' dir='ltr'><strong>est,quoniam</strong></span> <span class='ocrx_word' id='word_1_40' title='bbox 1134 1392 1447 1474; x_wconf 79' lang='lat' dir='ltr'><strong>sapientia</strong></span> <span class='ocrx_word' id='word_1_41' title='bbox 1476 1391 1585 1454; x_wconf 88' lang='lat' dir='ltr'><strong>Dei</strong></span> <span class='ocrx_word' id='word_1_42' title='bbox 1618 1399 1715 1454; x_wconf 91' lang='lat' dir='ltr'><strong>est</strong></span> <span class='ocrx_word' id='word_1_43' title='bbox 1742 1391 1885 1471; x_wconf 85' lang='lat' dir='ltr'><strong>ejus</strong></span> 
     </span>
     <span class='ocr_line' id='line_1_12' title="bbox 388 1488 1889 1574; baseline -0.003 -20"><span class='ocrx_word' id='word_1_44' title='bbox 388 1491 689 1564; x_wconf 78' lang='lat' dir='ltr'><strong>essentia,</strong></span> <span class='ocrx_word' id='word_1_45' title='bbox 723 1491 993 1574; x_wconf 88' lang='lat' dir='ltr'><strong>ideoque</strong></span> <span class='ocrx_word' id='word_1_46' title='bbox 1034 1489 1315 1573; x_wconf 85' lang='lat' dir='ltr'><strong>perfecta</strong></span> <span class='ocrx_word' id='word_1_47' title='bbox 1354 1498 1417 1553; x_wconf 91' lang='lat' dir='ltr'><strong>et</strong></span> <span class='ocrx_word' id='word_1_48' title='bbox 1458 1489 1731 1552; x_wconf 88' lang='lat' dir='ltr'><strong>infinita.</strong></span> <span class='ocrx_word' id='word_1_49' title='bbox 1768 1488 1889 1552; x_wconf 88' lang='lat' dir='ltr'><strong>Cu-</strong></span> 
     </span>
     <span class='ocr_line' id='line_1_13' title="bbox 384 1588 1885 1671; baseline -0.001 -22"><span class='ocrx_word' id='word_1_50' title='bbox 384 1589 494 1669; x_wconf 85' lang='lat' dir='ltr'><strong>jus</strong></span> <span class='ocrx_word' id='word_1_51' title='bbox 524 1589 829 1651; x_wconf 88' lang='lat' dir='ltr'><strong>intuitum</strong></span> <span class='ocrx_word' id='word_1_52' title='bbox 860 1588 951 1651; x_wconf 89' lang='lat' dir='ltr'><strong>nil</strong></span> <span class='ocrx_word' id='word_1_53' title='bbox 982 1589 1231 1666; x_wconf 83' lang='lat' dir='ltr'><strong>evadit3</strong></span> <span class='ocrx_word' id='word_1_54' title='bbox 1262 1596 1453 1671; x_wconf 89' lang='lat' dir='ltr'><strong>atque</strong></span> <span class='ocrx_word' id='word_1_55' title='bbox 1484 1589 1549 1651; x_wconf 91' lang='lat' dir='ltr'><strong>in</strong></span> <span class='ocrx_word' id='word_1_56' title='bbox 1582 1589 1723 1669; x_wconf 89' lang='lat' dir='ltr'><strong>ipsa</strong></span> <span class='ocrx_word' id='word_1_57' title='bbox 1750 1594 1885 1649; x_wconf 89' lang='lat' dir='ltr'><strong>tan-</strong></span> 
     </span>
     <span class='ocr_line' id='line_1_14' title="bbox 389 1685 1889 1768; baseline -0.001 -20"><span class='ocrx_word' id='word_1_58' title='bbox 389 1705 585 1768; x_wconf 87' lang='lat' dir='ltr'><strong>quam</strong></span> <span class='ocrx_word' id='word_1_59' title='bbox 636 1687 701 1748; x_wconf 91' lang='lat' dir='ltr'><strong>in</strong></span> <span class='ocrx_word' id='word_1_60' title='bbox 752 1686 961 1768; x_wconf 88' lang='lat' dir='ltr'><strong>primo</strong></span> <span class='ocrx_word' id='word_1_61' title='bbox 1010 1685 1249 1748; x_wconf 86' lang='lat' dir='ltr'><strong>causali</strong></span> <span class='ocrx_word' id='word_1_62' title='bbox 1294 1685 1614 1767; x_wconf 90' lang='lat' dir='ltr'><strong>principio</strong></span> <span class='ocrx_word' id='word_1_63' title='bbox 1658 1691 1889 1746; x_wconf 88' lang='lat' dir='ltr'><strong>cuneta</strong></span> 
     </span>
     <span class='ocr_line' id='line_1_15' title="bbox 388 1783 1887 1867; baseline -0.001 -21"><span class='ocrx_word' id='word_1_64' title='bbox 388 1784 841 1867; x_wconf 78' lang='lat' dir='ltr'><strong>exemplariter</strong></span> <span class='ocrx_word' id='word_1_65' title='bbox 884 1784 1123 1857; x_wconf 89' lang='lat' dir='ltr'><strong>lucent,</strong></span> <span class='ocrx_word' id='word_1_66' title='bbox 1166 1783 1527 1845; x_wconf 82' lang='lat' dir='ltr'><strong>virtualiter</strong></span> <span class='ocrx_word' id='word_1_67' title='bbox 1560 1783 1887 1845; x_wconf 88' lang='lat' dir='ltr'><strong>continen-</strong></span> 
     </span>
    </p>
   </div>
   <div class='ocr_carea' id='block_1_6' title="bbox 3409 513 3490 578">
    <p class='ocr_par' dir='ltr' id='par_1_7' title="bbox 3409 513 3490 578">
     <span class='ocr_line' id='line_1_16' title="bbox 3409 513 3490 578; baseline 0.012 -1"><span class='ocrx_word' id='word_1_68' title='bbox 3409 513 3490 578; x_wconf 84' lang='lat'><strong>89</strong></span> 
     </span>
    </p>
   </div>
   <div class='ocr_carea' id='block_1_7' title="bbox 1910 701 3491 788">
    <p class='ocr_par' dir='ltr' id='par_1_8' title="bbox 1910 701 3491 788">
     <span class='ocr_line' id='line_1_17' title="bbox 1910 701 3491 788; baseline -0.001 -22"><span class='ocrx_word' id='word_1_69' title='bbox 1910 701 1963 766; x_wconf 79' lang='lat' dir='ltr'>A</span> <span class='ocrx_word' id='word_1_70' title='bbox 1994 710 2125 765; x_wconf 89' lang='lat' dir='ltr'><strong>tam</strong></span> <span class='ocrx_word' id='word_1_71' title='bbox 2170 704 2615 779; x_wconf 83' lang='lat' dir='ltr'><strong>substantiam,</strong></span> <span class='ocrx_word' id='word_1_72' title='bbox 2649 724 2842 788; x_wconf 90' lang='lat' dir='ltr'><strong>quam</strong></span> <span class='ocrx_word' id='word_1_73' title='bbox 2885 713 3094 770; x_wconf 87' lang='lat' dir='ltr'><strong>creata</strong></span> <span class='ocrx_word' id='word_1_74' title='bbox 3135 701 3491 766; x_wconf 89' lang='lat' dir='ltr'><strong>substantia</strong></span> 
     </span>
    </p>
   </div>
   <div class='ocr_carea' id='block_1_8' title="bbox 1993 799 3494 1867">
    <p class='ocr_par' dir='ltr' id='par_1_9' title="bbox 1993 799 3494 1867">
     <span class='ocr_line' id='line_1_18' title="bbox 1993 799 3491 867; baseline -0.001 -4"><span class='ocrx_word' id='word_1_75' title='bbox 1993 801 2308 865; x_wconf 88' lang='lat' dir='ltr'><strong>accidens.</strong></span> <span class='ocrx_word' id='word_1_76' title='bbox 2362 803 2500 866; x_wconf 90' lang='lat' dir='ltr'><strong>Non</strong></span> <span class='ocrx_word' id='word_1_77' title='bbox 2560 805 2734 867; x_wconf 90' lang='lat' dir='ltr'><strong>enim</strong></span> <span class='ocrx_word' id='word_1_78' title='bbox 2783 823 2910 866; x_wconf 90' lang='lat' dir='ltr'><strong>una</strong></span> <span class='ocrx_word' id='word_1_79' title='bbox 2957 809 3166 866; x_wconf 86' lang='lat' dir='ltr'><strong>creata</strong></span> <span class='ocrx_word' id='word_1_80' title='bbox 3213 799 3491 864; x_wconf 84' lang='lat' dir='ltr'><strong>essentia</strong></span> 
     </span>
     <span class='ocr_line' id='line_1_19' title="bbox 1993 899 3490 984; baseline 0.001 -23"><span class='ocrx_word' id='word_1_81' title='bbox 1993 901 2386 963; x_wconf 84' lang='lat' dir='ltr'><strong>transcendit</strong></span> <span class='ocrx_word' id='word_1_82' title='bbox 2413 902 2603 964; x_wconf 91' lang='lat' dir='ltr'><strong>aliam</strong></span> <span class='ocrx_word' id='word_1_83' title='bbox 2644 903 2952 984; x_wconf 82' lang='lat' dir='ltr'><strong>dignitate</strong></span> <span class='ocrx_word' id='word_1_84' title='bbox 2992 909 3056 964; x_wconf 88' lang='lat' dir='ltr'><strong>et</strong></span> <span class='ocrx_word' id='word_1_85' title='bbox 3095 899 3490 983; x_wconf 76' lang='lat' dir='ltr'><strong>perfectione</strong></span> 
     </span>
     <span class='ocr_line' id='line_1_20' title="bbox 1994 998 3488 1080; baseline -0.001 -20"><span class='ocrx_word' id='word_1_86' title='bbox 1994 998 2302 1080; x_wconf 91' lang='lat' dir='ltr'><strong>specifica</strong></span> <span class='ocrx_word' id='word_1_87' title='bbox 2350 999 2622 1064; x_wconf 75' lang='lat' dir='ltr'><strong>infinite.</strong></span> <span class='ocrx_word' id='word_1_88' title='bbox 2669 1001 2833 1064; x_wconf 87' lang='lat' dir='ltr'><strong>Deus</strong></span> <span class='ocrx_word' id='word_1_89' title='bbox 2881 1018 3034 1063; x_wconf 90' lang='lat' dir='ltr'><strong>vero</strong></span> <span class='ocrx_word' id='word_1_90' title='bbox 3079 1017 3268 1062; x_wconf 89' lang='lat' dir='ltr'><strong>omne</strong></span> <span class='ocrx_word' id='word_1_91' title='bbox 3318 1016 3488 1061; x_wconf 86' lang='lat' dir='ltr'><strong>crea-</strong></span> 
     </span>
     <span class='ocr_line' id='line_1_21' title="bbox 1994 1097 3491 1162; baseline -0.001 -4"><span class='ocrx_word' id='word_1_92' title='bbox 1994 1104 2131 1160; x_wconf 88' lang='lat' dir='ltr'><strong>tum</strong></span> <span class='ocrx_word' id='word_1_93' title='bbox 2165 1098 2416 1161; x_wconf 83' lang='lat' dir='ltr'><strong>excedit</strong></span> <span class='ocrx_word' id='word_1_94' title='bbox 2445 1100 2510 1162; x_wconf 89' lang='lat' dir='ltr'><strong>in</strong></span> <span class='ocrx_word' id='word_1_95' title='bbox 2553 1099 2904 1162; x_wconf 85' lang='lat' dir='ltr'><strong>infinitum.</strong></span> <span class='ocrx_word' id='word_1_96' title='bbox 2943 1097 3014 1160; x_wconf 83' lang='lat' dir='ltr'><strong>Et</strong></span> <span class='ocrx_word' id='word_1_97' title='bbox 3057 1106 3270 1161; x_wconf 90' lang='lat' dir='ltr'><strong>tamen</strong></span> <span class='ocrx_word' id='word_1_98' title='bbox 3315 1103 3491 1158; x_wconf 88' lang='lat' dir='ltr'><strong>tanta</strong></span> 
     </span>
     <span class='ocr_line' id='line_1_22' title="bbox 1994 1195 3487 1278; baseline -0.001 -20"><span class='ocrx_word' id='word_1_99' title='bbox 1994 1203 2091 1258; x_wconf 88' lang='lat' dir='ltr'><strong>est</strong></span> <span class='ocrx_word' id='word_1_100' title='bbox 2128 1197 2477 1261; x_wconf 85' lang='lat' dir='ltr'><strong>eminentia</strong></span> <span class='ocrx_word' id='word_1_101' title='bbox 2515 1197 2884 1260; x_wconf 86' lang='lat' dir='ltr'><strong>substantiae</strong></span> <span class='ocrx_word' id='word_1_102' title='bbox 2931 1214 3124 1278; x_wconf 89' lang='lat' dir='ltr'><strong>supra</strong></span> <span class='ocrx_word' id='word_1_103' title='bbox 3169 1195 3487 1268; x_wconf 81' lang='lat' dir='ltr'><strong>accidens,</strong></span> 
     </span>
     <span class='ocr_line' id='line_1_23' title="bbox 1996 1293 3491 1377; baseline -0.001 -21"><span class='ocrx_word' id='word_1_104' title='bbox 1996 1295 2166 1377; x_wconf 91' lang='lat' dir='ltr'><strong>quod</strong></span> <span class='ocrx_word' id='word_1_105' title='bbox 2196 1312 2538 1360; x_wconf 89' lang='lat' dir='ltr'><strong>commune</strong></span> <span class='ocrx_word' id='word_1_106' title='bbox 2565 1315 2768 1376; x_wconf 90' lang='lat' dir='ltr'><strong>genus</strong></span> <span class='ocrx_word' id='word_1_107' title='bbox 2797 1313 2926 1358; x_wconf 89' lang='lat' dir='ltr'><strong>non</strong></span> <span class='ocrx_word' id='word_1_108' title='bbox 2956 1293 3346 1368; x_wconf 86' lang='lat' dir='ltr'><strong>babent,nec</strong></span> <span class='ocrx_word' id='word_1_109' title='bbox 3376 1311 3491 1356; x_wconf 92' lang='lat' dir='ltr'><strong>ens</strong></span> 
     </span>
     <span class='ocr_line' id='line_1_24' title="bbox 1995 1389 3493 1474; baseline -0.002 -20"><span class='ocrx_word' id='word_1_110' title='bbox 1995 1392 2075 1455; x_wconf 91' lang='lat' dir='ltr'><strong>de</strong></span> <span class='ocrx_word' id='word_1_111' title='bbox 2104 1392 2200 1456; x_wconf 91' lang='lat' dir='ltr'><strong>eis</strong></span> <span class='ocrx_word' id='word_1_112' title='bbox 2231 1392 2610 1474; x_wconf 60' lang='lat' dir='ltr'><strong>praedicatur</strong></span> <span class='ocrx_word' id='word_1_113' title='bbox 2641 1393 2931 1456; x_wconf 84' lang='lat' dir='ltr'><strong>univoce.</strong></span> <span class='ocrx_word' id='word_1_114' title='bbox 2966 1393 3114 1455; x_wconf 91' lang='lat' dir='ltr'><strong>Ideo</strong></span> <span class='ocrx_word' id='word_1_115' title='bbox 3145 1391 3346 1454; x_wconf 85' lang='lat' dir='ltr'><strong>multo</strong></span> <span class='ocrx_word' id='word_1_116' title='bbox 3377 1389 3493 1452; x_wconf 91' lang='lat' dir='ltr'><strong>mi-</strong></span> 
     </span>
     <span class='ocr_line' id='line_1_25' title="bbox 1996 1487 3490 1572; baseline -0.002 -20"><span class='ocrx_word' id='word_1_117' title='bbox 1996 1509 2119 1552; x_wconf 91' lang='lat' dir='ltr'><strong>nus</strong></span> <span class='ocrx_word' id='word_1_118' title='bbox 2138 1490 2220 1552; x_wconf 91' lang='lat' dir='ltr'><strong>de</strong></span> <span class='ocrx_word' id='word_1_119' title='bbox 2240 1490 2368 1552; x_wconf 94' lang='lat' dir='ltr'><strong>Deo</strong></span> <span class='ocrx_word' id='word_1_120' title='bbox 2397 1498 2462 1554; x_wconf 91' lang='lat' dir='ltr'><strong>et</strong></span> <span class='ocrx_word' id='word_1_121' title='bbox 2490 1489 2681 1554; x_wconf 88' lang='lat' dir='ltr'><strong>rebus</strong></span> <span class='ocrx_word' id='word_1_122' title='bbox 2713 1491 2940 1554; x_wconf 87' lang='lat' dir='ltr'><strong>creatis</strong></span> <span class='ocrx_word' id='word_1_123' title='bbox 2968 1489 3318 1572; x_wconf 86' lang='lat' dir='ltr'><strong>quidquam</strong></span> <span class='ocrx_word' id='word_1_124' title='bbox 3350 1487 3490 1550; x_wconf 91' lang='lat' dir='ltr'><strong>uni-</strong></span> 
     </span>
     <span class='ocr_line' id='line_1_26' title="bbox 1996 1588 3494 1660; baseline -0.001 -11"><span class='ocrx_word' id='word_1_125' title='bbox 1996 1605 2154 1651; x_wconf 86' lang='lat' dir='ltr'><strong>voce</strong></span> <span class='ocrx_word' id='word_1_126' title='bbox 2206 1589 2460 1651; x_wconf 86' lang='lat' dir='ltr'><strong>dicitur.</strong></span> <span class='ocrx_word' id='word_1_127' title='bbox 2515 1589 2591 1651; x_wconf 86' lang='lat' dir='ltr'><strong>Et</strong></span> <span class='ocrx_word' id='word_1_128' title='bbox 2645 1588 2696 1651; x_wconf 88' lang='lat' dir='ltr'><strong>si</strong></span> <span class='ocrx_word' id='word_1_129' title='bbox 2757 1588 2994 1650; x_wconf 86' lang='lat' dir='ltr'><strong>dixeris</strong></span> <span class='ocrx_word' id='word_1_130' title='bbox 3043 1589 3196 1660; x_wconf 86' lang='lat' dir='ltr'><strong>ime,</strong></span> <span class='ocrx_word' id='word_1_131' title='bbox 3247 1592 3494 1649; x_wconf 87' lang='lat' dir='ltr'><strong>constat</strong></span> 
     </span>
     <span class='ocr_line' id='line_1_27' title="bbox 1998 1686 3493 1769; baseline -0.002 -20"><span class='ocrx_word' id='word_1_132' title='bbox 1998 1686 2169 1768; x_wconf 91' lang='lat' dir='ltr'><strong>quod</strong></span> <span class='ocrx_word' id='word_1_133' title='bbox 2215 1705 2343 1749; x_wconf 90' lang='lat' dir='ltr'><strong>non</strong></span> <span class='ocrx_word' id='word_1_134' title='bbox 2391 1704 2406 1748; x_wconf 90' lang='lat'><strong>:</strong></span> <span class='ocrx_word' id='word_1_135' title='bbox 2452 1687 2604 1769; x_wconf 89' lang='lat' dir='ltr'><strong>quia</strong></span> <span class='ocrx_word' id='word_1_136' title='bbox 2648 1705 2766 1750; x_wconf 89' lang='lat' dir='ltr'><strong>nec</strong></span> <span class='ocrx_word' id='word_1_137' title='bbox 2809 1705 2971 1760; x_wconf 89' lang='lat' dir='ltr'><strong>esse,</strong></span> <span class='ocrx_word' id='word_1_138' title='bbox 3015 1703 3224 1768; x_wconf 90' lang='lat' dir='ltr'><strong>neque</strong></span> <span class='ocrx_word' id='word_1_139' title='bbox 3267 1703 3384 1766; x_wconf 87' lang='lat' dir='ltr'><strong>per</strong></span> <span class='ocrx_word' id='word_1_140' title='bbox 3424 1702 3493 1746; x_wconf 91' lang='lat' dir='ltr'><strong>se</strong></span> 
     </span>
     <span class='ocr_line' id='line_1_28' title="bbox 2000 1784 3494 1867; baseline -0.001 -21"><span class='ocrx_word' id='word_1_141' title='bbox 2000 1784 2370 1858; x_wconf 85' lang='lat' dir='ltr'><strong>subsistere,</strong></span> <span class='ocrx_word' id='word_1_142' title='bbox 2412 1803 2530 1847; x_wconf 91' lang='lat' dir='ltr'><strong>nec</strong></span> <span class='ocrx_word' id='word_1_143' title='bbox 2580 1784 2934 1867; x_wconf 85' lang='lat' dir='ltr'><strong>sapientem</strong></span> <span class='ocrx_word' id='word_1_144' title='bbox 2980 1784 3308 1865; x_wconf 83' lang='lat' dir='ltr'><strong>justumve</strong></span> <span class='ocrx_word' id='word_1_145' title='bbox 3353 1799 3494 1844; x_wconf 89' lang='lat' dir='ltr'><strong>esse</strong></span> 
     </span>
    </p>
   </div>
   <div class='ocr_carea' id='block_1_9' title="bbox 388 1879 3494 1964">
    <p class='ocr_par' dir='ltr' id='par_1_10' title="bbox 388 1879 3494 1964">
     <span class='ocr_line' id='line_1_29' title="bbox 388 1879 3494 1964; baseline -0.001 -20"><span class='ocrx_word' id='word_1_146' title='bbox 388 1889 517 1956; x_wconf 86' lang='lat' dir='ltr'><strong>tur,</strong></span> <span class='ocrx_word' id='word_1_147' title='bbox 553 1882 863 1956; x_wconf 84' lang='lat' dir='ltr'><strong>idealiter,</strong></span> <span class='ocrx_word' id='word_1_148' title='bbox 894 1881 1356 1964; x_wconf 87' lang='lat' dir='ltr'><strong>sapientialiter</strong></span> <span class='ocrx_word' id='word_1_149' title='bbox 1384 1899 1457 1944; x_wconf 91' lang='lat' dir='ltr'><strong>ac</strong></span> <span class='ocrx_word' id='word_1_150' title='bbox 1500 1880 1886 1962; x_wconf 88' lang='lat' dir='ltr'><strong>providenti·</strong></span> <span class='ocrx_word' id='word_1_151' title='bbox 1914 1883 1962 1947; x_wconf 89' lang='lat' dir='ltr'><strong>B</strong></span> <span class='ocrx_word' id='word_1_152' title='bbox 2000 1882 2300 1945; x_wconf 90' lang='lat' dir='ltr'><strong>convenit</strong></span> <span class='ocrx_word' id='word_1_153' title='bbox 2339 1883 2432 1945; x_wconf 90' lang='lat' dir='ltr'><strong>eis</strong></span> <span class='ocrx_word' id='word_1_154' title='bbox 2475 1883 2768 1957; x_wconf 88' lang='lat' dir='ltr'><strong>univoce,</strong></span> <span class='ocrx_word' id='word_1_155' title='bbox 2803 1882 2865 1944; x_wconf 94' lang='lat' dir='ltr'><strong>id</strong></span> <span class='ocrx_word' id='word_1_156' title='bbox 2905 1890 3004 1944; x_wconf 85' lang='lat' dir='ltr'><strong>est</strong></span> <span class='ocrx_word' id='word_1_157' title='bbox 3043 1881 3264 1944; x_wconf 92' lang='lat' dir='ltr'><strong>eadem</strong></span> <span class='ocrx_word' id='word_1_158' title='bbox 3309 1879 3494 1942; x_wconf 91' lang='lat' dir='ltr'><strong>ratio-</strong></span> 
     </span>
    </p>
   </div>
   <div class='ocr_carea' id='block_1_10' title="bbox 387 1979 1899 3042">
    <p class='ocr_par' dir='ltr' id='par_1_11' title="bbox 387 1979 1899 3042">
     <span class='ocr_line' id='line_1_30' title="bbox 387 1979 1889 2062; baseline -0.002 -19"><span class='ocrx_word' id='word_1_159' title='bbox 387 1980 579 2043; x_wconf 83' lang='lat' dir='ltr'><strong>aliter</strong></span> <span class='ocrx_word' id='word_1_160' title='bbox 604 1988 1088 2062; x_wconf 77' lang='lat' dir='ltr'><strong>praesentantur‚</strong></span> <span class='ocrx_word' id='word_1_161' title='bbox 1118 1979 1769 2061; x_wconf 89' lang='lat' dir='ltr'><strong>comprehenduntur,</strong></span> <span class='ocrx_word' id='word_1_162' title='bbox 1794 1997 1889 2041; x_wconf 88' lang='lat' dir='ltr'><strong>re-</strong></span> 
     </span>
     <span class='ocr_line' id='line_1_31' title="bbox 389 2078 1885 2161; baseline 0 -21"><span class='ocrx_word' id='word_1_163' title='bbox 389 2079 751 2161; x_wconf 86' lang='lat' dir='ltr'><strong>splendent.</strong></span> <span class='ocrx_word' id='word_1_164' title='bbox 787 2078 953 2141; x_wconf 91' lang='lat' dir='ltr'><strong>Deus</strong></span> <span class='ocrx_word' id='word_1_165' title='bbox 982 2095 1133 2159; x_wconf 88' lang='lat' dir='ltr'><strong>ergo</strong></span> <span class='ocrx_word' id='word_1_166' title='bbox 1162 2079 1667 2160; x_wconf 88' lang='lat' dir='ltr'><strong>omnipotentem</strong></span> <span class='ocrx_word' id='word_1_167' title='bbox 1706 2096 1885 2140; x_wconf 88' lang='lat' dir='ltr'><strong>suam</strong></span> 
     </span>
     <span class='ocr_line' id='line_1_32' title="bbox 388 2175 1891 2258; baseline -0.001 -20"><span class='ocrx_word' id='word_1_168' title='bbox 388 2177 699 2240; x_wconf 78' lang='lat' dir='ltr'><strong>virtutem</strong></span> <span class='ocrx_word' id='word_1_169' title='bbox 729 2177 1205 2258; x_wconf 88' lang='lat' dir='ltr'><strong>conspiciendo,</strong></span> <span class='ocrx_word' id='word_1_170' title='bbox 1239 2176 1445 2240; x_wconf 87' lang='lat' dir='ltr'><strong>cernit</strong></span> <span class='ocrx_word' id='word_1_171' title='bbox 1474 2177 1537 2238; x_wconf 88' lang='lat' dir='ltr'><strong>in</strong></span> <span class='ocrx_word' id='word_1_172' title='bbox 1571 2194 1645 2239; x_wconf 90' lang='lat' dir='ltr'><strong>ea</strong></span> <span class='ocrx_word' id='word_1_173' title='bbox 1674 2175 1891 2238; x_wconf 86' lang='lat' dir='ltr'><strong>omnia</strong></span> 
     </span>
     <span class='ocr_line' id='line_1_33' title="bbox 392 2273 1893 2357; baseline 0 -22"><span class='ocrx_word' id='word_1_174' title='bbox 392 2274 463 2335; x_wconf 88' lang='lat' dir='ltr'><strong>in</strong></span> <span class='ocrx_word' id='word_1_175' title='bbox 484 2293 627 2356; x_wconf 83' lang='lat' dir='ltr'><strong>quae</strong></span> <span class='ocrx_word' id='word_1_176' title='bbox 656 2282 883 2356; x_wconf 87' lang='lat' dir='ltr'><strong>potest,</strong></span> <span class='ocrx_word' id='word_1_177' title='bbox 910 2283 975 2337; x_wconf 90' lang='lat' dir='ltr'><strong>et</strong></span> <span class='ocrx_word' id='word_1_178' title='bbox 994 2294 1137 2357; x_wconf 82' lang='lat' dir='ltr'><strong>quae</strong></span> <span class='ocrx_word' id='word_1_179' title='bbox 1168 2274 1488 2357; x_wconf 87' lang='lat' dir='ltr'><strong>produxit,</strong></span> <span class='ocrx_word' id='word_1_180' title='bbox 1506 2273 1801 2356; x_wconf 84' lang='lat' dir='ltr'><strong>producit</strong></span> <span class='ocrx_word' id='word_1_181' title='bbox 1828 2281 1893 2336; x_wconf 90' lang='lat' dir='ltr'><strong>et</strong></span> 
     </span>
     <span class='ocr_line' id='line_1_34' title="bbox 392 2371 1891 2454; baseline 0.001 -21"><span class='ocrx_word' id='word_1_182' title='bbox 392 2372 821 2454; x_wconf 86' lang='lat' dir='ltr'><strong>producturus</strong></span> <span class='ocrx_word' id='word_1_183' title='bbox 864 2380 979 2435; x_wconf 90' lang='lat' dir='ltr'><strong>est.</strong></span> <span class='ocrx_word' id='word_1_184' title='bbox 1015 2372 1325 2435; x_wconf 86' lang='lat' dir='ltr'><strong>Similiter</strong></span> <span class='ocrx_word' id='word_1_185' title='bbox 1361 2391 1543 2434; x_wconf 88' lang='lat' dir='ltr'><strong>suam</strong></span> <span class='ocrx_word' id='word_1_186' title='bbox 1585 2371 1891 2434; x_wconf 87' lang='lat' dir='ltr'><strong>intuendo</strong></span> 
     </span>
     <span class='ocr_line' id='line_1_35' title="bbox 390 2470 1891 2552; baseline -0.001 -20"><span class='ocrx_word' id='word_1_187' title='bbox 390 2472 761 2544; x_wconf 88' lang='lat' dir='ltr'><strong>essentiam,</strong></span> <span class='ocrx_word' id='word_1_188' title='bbox 806 2470 981 2533; x_wconf 89' lang='lat' dir='ltr'><strong>videt</strong></span> <span class='ocrx_word' id='word_1_189' title='bbox 1030 2477 1259 2533; x_wconf 90' lang='lat' dir='ltr'><strong>cuncta</strong></span> <span class='ocrx_word' id='word_1_190' title='bbox 1303 2491 1443 2552; x_wconf 84' lang='lat' dir='ltr'><strong>quae</strong></span> <span class='ocrx_word' id='word_1_191' title='bbox 1488 2471 1777 2534; x_wconf 86' lang='lat' dir='ltr'><strong>relucent</strong></span> <span class='ocrx_word' id='word_1_192' title='bbox 1826 2470 1891 2531; x_wconf 92' lang='lat' dir='ltr'><strong>in</strong></span> 
     </span>
     <span class='ocr_line' id='line_1_36' title="bbox 392 2568 1895 2650; baseline -0.001 -19"><span class='ocrx_word' id='word_1_193' title='bbox 392 2587 471 2632; x_wconf 86' lang='lat' dir='ltr'><strong>ea</strong></span> <span class='ocrx_word' id='word_1_194' title='bbox 512 2586 527 2630; x_wconf 73' lang='grc' dir='ltr'>ε</span> <span class='ocrx_word' id='word_1_195' title='bbox 580 2587 723 2650; x_wconf 78' lang='lat' dir='ltr'><strong>quae</strong></span> <span class='ocrx_word' id='word_1_196' title='bbox 772 2587 899 2630; x_wconf 89' lang='lat' dir='ltr'><strong>una</strong></span> <span class='ocrx_word' id='word_1_197' title='bbox 948 2568 1305 2631; x_wconf 89' lang='lat' dir='ltr'><strong>consistens</strong></span> <span class='ocrx_word' id='word_1_198' title='bbox 1352 2576 1417 2630; x_wconf 87' lang='lat' dir='ltr'><strong>et</strong></span> <span class='ocrx_word' id='word_1_199' title='bbox 1468 2587 1751 2642; x_wconf 89' lang='lat' dir='ltr'><strong>manens,</strong></span> <span class='ocrx_word' id='word_1_200' title='bbox 1797 2575 1895 2629; x_wconf 90' lang='lat' dir='ltr'><strong>est</strong></span> 
     </span>
     <span class='ocr_line' id='line_1_37' title="bbox 392 2664 1897 2740; baseline -0.001 -12"><span class='ocrx_word' id='word_1_201' title='bbox 392 2665 867 2740; x_wconf 89' lang='lat' dir='ltr'><strong>universorum,</strong></span> <span class='ocrx_word' id='word_1_202' title='bbox 894 2666 1023 2728; x_wconf 88' lang='lat' dir='ltr'><strong>imo</strong></span> <span class='ocrx_word' id='word_1_203' title='bbox 1052 2665 1617 2729; x_wconf 86' lang='lat' dir='ltr'><strong>innumerabilium</strong></span> <span class='ocrx_word' id='word_1_204' title='bbox 1650 2684 1723 2727; x_wconf 90' lang='lat' dir='ltr'><strong>ac</strong></span> <span class='ocrx_word' id='word_1_205' title='bbox 1754 2664 1897 2726; x_wconf 90' lang='lat' dir='ltr'><strong>infi-</strong></span> 
     </span>
     <span class='ocr_line' id='line_1_38' title="bbox 392 2762 1897 2846; baseline -0.001 -20"><span class='ocrx_word' id='word_1_206' title='bbox 392 2765 679 2826; x_wconf 89' lang='lat' dir='ltr'><strong>nitorum</strong></span> <span class='ocrx_word' id='word_1_207' title='bbox 722 2764 885 2836; x_wconf 90' lang='lat' dir='ltr'><strong>idea,</strong></span> <span class='ocrx_word' id='word_1_208' title='bbox 930 2764 1279 2846; x_wconf 87' lang='lat' dir='ltr'><strong>exemplar,</strong></span> <span class='ocrx_word' id='word_1_209' title='bbox 1318 2763 1500 2837; x_wconf 90' lang='lat' dir='ltr'><strong>ratio,</strong></span> <span class='ocrx_word' id='word_1_210' title='bbox 1542 2762 1897 2826; x_wconf 85' lang='lat' dir='ltr'><strong>similitudo</strong></span> 
     </span>
     <span class='ocr_line' id='line_1_39' title="bbox 390 2861 1891 2943; baseline -0.001 -20"><span class='ocrx_word' id='word_1_211' title='bbox 390 2868 506 2924; x_wconf 89' lang='lat' dir='ltr'><strong>aut</strong></span> <span class='ocrx_word' id='word_1_212' title='bbox 543 2862 810 2943; x_wconf 88' lang='lat' dir='ltr'><strong>species.</strong></span> <span class='ocrx_word' id='word_1_213' title='bbox 848 2863 1013 2924; x_wconf 89' lang='lat' dir='ltr'><strong>Deus</strong></span> <span class='ocrx_word' id='word_1_214' title='bbox 1058 2879 1208 2943; x_wconf 89' lang='lat' dir='ltr'><strong>ergo</strong></span> <span class='ocrx_word' id='word_1_215' title='bbox 1250 2870 1348 2925; x_wconf 88' lang='lat' dir='ltr'><strong>est</strong></span> <span class='ocrx_word' id='word_1_216' title='bbox 1388 2861 1605 2924; x_wconf 90' lang='lat' dir='ltr'><strong>omnia</strong></span> <span class='ocrx_word' id='word_1_217' title='bbox 1648 2879 1891 2941; x_wconf 83' lang='lat' dir='ltr'><strong>regens,</strong></span> 
     </span>
     <span class='ocr_line' id='line_1_40' title="bbox 393 2959 1899 3042; baseline -0.001 -20"><span class='ocrx_word' id='word_1_218' title='bbox 393 2960 473 3022; x_wconf 89' lang='lat' dir='ltr'><strong>Et</strong></span> <span class='ocrx_word' id='word_1_219' title='bbox 502 2959 671 3021; x_wconf 88' lang='lat' dir='ltr'><strong>sicut</strong></span> <span class='ocrx_word' id='word_1_220' title='bbox 702 2959 763 3021; x_wconf 90' lang='lat' dir='ltr'><strong>in</strong></span> <span class='ocrx_word' id='word_1_221' title='bbox 800 2960 965 3022; x_wconf 90' lang='lat' dir='ltr'><strong>libro</strong></span> <span class='ocrx_word' id='word_1_222' title='bbox 994 2961 1073 3022; x_wconf 87' lang='lat' dir='ltr'><strong>de</strong></span> <span class='ocrx_word' id='word_1_223' title='bbox 1094 2959 1311 3022; x_wconf 88' lang='lat' dir='ltr'><strong>Causis</strong></span> <span class='ocrx_word' id='word_1_224' title='bbox 1344 2959 1899 3042; x_wconf 87' lang='lat' dir='ltr'><strong>probatur,omnia</strong></span> 
     </span>
    </p>
   </div>
   <div class='ocr_carea' id='block_1_11' title="bbox 1998 1977 3500 3046">
    <p class='ocr_par' dir='ltr' id='par_1_12' title="bbox 1998 1977 3500 3046">
     <span class='ocr_line' id='line_1_41' title="bbox 1998 1977 3496 2044; baseline -0.003 -1"><span class='ocrx_word' id='word_1_225' title='bbox 1998 2000 2081 2044; x_wconf 90' lang='lat' dir='ltr'><strong>ne</strong></span> <span class='ocrx_word' id='word_1_226' title='bbox 2114 1981 2285 2044; x_wconf 85' lang='lat' dir='ltr'><strong>:imo</strong></span> <span class='ocrx_word' id='word_1_227' title='bbox 2315 1980 2444 2043; x_wconf 91' lang='lat' dir='ltr'><strong>Deo</strong></span> <span class='ocrx_word' id='word_1_228' title='bbox 2474 1981 2862 2043; x_wconf 88' lang='lat' dir='ltr'><strong>conveniunt</strong></span> <span class='ocrx_word' id='word_1_229' title='bbox 2893 1981 3014 2042; x_wconf 91' lang='lat' dir='ltr'><strong>ista</strong></span> <span class='ocrx_word' id='word_1_230' title='bbox 3042 1987 3106 2041; x_wconf 90' lang='lat' dir='ltr'><strong>et</strong></span> <span class='ocrx_word' id='word_1_231' title='bbox 3135 1977 3496 2041; x_wconf 90' lang='lat' dir='ltr'><strong>consimilia</strong></span> 
     </span>
     <span class='ocr_line' id='line_1_42' title="bbox 1999 2077 3494 2161; baseline -0.003 -20"><span class='ocrx_word' id='word_1_232' title='bbox 1999 2097 2115 2161; x_wconf 87' lang='lat' dir='ltr'><strong>per</strong></span> <span class='ocrx_word' id='word_1_233' title='bbox 2173 2079 2432 2142; x_wconf 90' lang='lat' dir='ltr'><strong>modum</strong></span> <span class='ocrx_word' id='word_1_234' title='bbox 2493 2078 2746 2141; x_wconf 85' lang='lat' dir='ltr'><strong>infinite</strong></span> <span class='ocrx_word' id='word_1_235' title='bbox 2801 2077 3244 2141; x_wconf 87' lang='lat' dir='ltr'><strong>sublimiorem</strong></span> <span class='ocrx_word' id='word_1_236' title='bbox 3301 2093 3494 2157; x_wconf 89' lang='lat' dir='ltr'><strong>quam</strong></span> 
     </span>
     <span class='ocr_line' id='line_1_43' title="bbox 1999 2175 3496 2260; baseline -0.003 -21"><span class='ocrx_word' id='word_1_237' title='bbox 1999 2177 2166 2250; x_wconf 89' lang='lat' dir='ltr'><strong>aliis,</strong></span> <span class='ocrx_word' id='word_1_238' title='bbox 2201 2184 2420 2260; x_wconf 82' lang='lat' dir='ltr'><strong>utpote</strong></span> <span class='ocrx_word' id='word_1_239' title='bbox 2450 2196 2566 2259; x_wconf 89' lang='lat' dir='ltr'><strong>per</strong></span> <span class='ocrx_word' id='word_1_240' title='bbox 2593 2196 2682 2250; x_wconf 89' lang='lat' dir='ltr'><strong>se,</strong></span> <span class='ocrx_word' id='word_1_241' title='bbox 2718 2176 3240 2259; x_wconf 85' lang='lat' dir='ltr'><strong>independenter,</strong></span> <span class='ocrx_word' id='word_1_242' title='bbox 3266 2175 3496 2256; x_wconf 90' lang='lat' dir='ltr'><strong>impar-</strong></span> 
     </span>
     <span class='ocr_line' id='line_1_44' title="bbox 2002 2273 3493 2358; baseline -0.003 -22"><span class='ocrx_word' id='word_1_243' title='bbox 2002 2275 2363 2358; x_wconf 87' lang='lat' dir='ltr'><strong>ticipanter,</strong></span> <span class='ocrx_word' id='word_1_244' title='bbox 2408 2275 2854 2348; x_wconf 87' lang='lat' dir='ltr'><strong>essentialiter,</strong></span> <span class='ocrx_word' id='word_1_245' title='bbox 2895 2292 3022 2337; x_wconf 92' lang='lat' dir='ltr'><strong>non</strong></span> <span class='ocrx_word' id='word_1_246' title='bbox 3075 2273 3493 2350; x_wconf 83' lang='lat' dir='ltr'><strong>inhaerenter3</strong></span> 
     </span>
     <span class='ocr_line' id='line_1_45' title="bbox 2004 2370 3497 2455; baseline -0.003 -19"><span class='ocrx_word' id='word_1_247' title='bbox 2004 2373 2311 2436; x_wconf 88' lang='lat' dir='ltr'><strong>creaturis</strong></span> <span class='ocrx_word' id='word_1_248' title='bbox 2341 2391 2492 2436; x_wconf 91' lang='lat' dir='ltr'><strong>vero</strong></span> <span class='ocrx_word' id='word_1_249' title='bbox 2522 2373 2986 2455; x_wconf 84' lang='lat' dir='ltr'><strong>participative,</strong></span> <span class='ocrx_word' id='word_1_250' title='bbox 3020 2370 3396 2453; x_wconf 83' lang='lat' dir='ltr'><strong>imperfecte</strong></span> <span class='ocrx_word' id='word_1_251' title='bbox 3434 2375 3497 2432; x_wconf 88' lang='lat' dir='ltr'><strong>et</strong></span> 
     </span>
     <span class='ocr_line' id='line_1_46' title="bbox 2006 2468 3496 2552; baseline -0.003 -18"><span class='ocrx_word' id='word_1_252' title='bbox 2006 2472 2071 2534; x_wconf 90' lang='lat' dir='ltr'><strong>in</strong></span> <span class='ocrx_word' id='word_1_253' title='bbox 2110 2490 2342 2552; x_wconf 82' lang='lat' dir='ltr'><strong>genere</strong></span> <span class='ocrx_word' id='word_1_254' title='bbox 2372 2478 2567 2542; x_wconf 87' lang='lat' dir='ltr'><strong>certo,</strong></span> <span class='ocrx_word' id='word_1_255' title='bbox 2601 2472 2954 2534; x_wconf 87' lang='lat' dir='ltr'><strong>secundum</strong></span> <span class='ocrx_word' id='word_1_256' title='bbox 2991 2469 3258 2552; x_wconf 87' lang='lat' dir='ltr'><strong>gradum</strong></span> <span class='ocrx_word' id='word_1_257' title='bbox 3295 2468 3496 2530; x_wconf 85' lang='lat' dir='ltr'><strong>deter-</strong></span> 
     </span>
     <span class='ocr_line' id='line_1_47' title="bbox 2008 2567 3498 2649; baseline -0.003 -17"><span class='ocrx_word' id='word_1_258' title='bbox 2008 2569 2342 2632; x_wconf 88' lang='lat' dir='ltr'><strong>minatum.</strong></span> <span class='ocrx_word' id='word_1_259' title='bbox 2397 2569 2522 2632; x_wconf 89' lang='lat' dir='ltr'><strong>Nec</strong></span> <span class='ocrx_word' id='word_1_260' title='bbox 2583 2577 2792 2632; x_wconf 90' lang='lat' dir='ltr'><strong>creata</strong></span> <span class='ocrx_word' id='word_1_261' title='bbox 2847 2567 3203 2631; x_wconf 87' lang='lat' dir='ltr'><strong>substantia</strong></span> <span class='ocrx_word' id='word_1_262' title='bbox 3262 2585 3376 2649; x_wconf 89' lang='lat' dir='ltr'><strong>per</strong></span> <span class='ocrx_word' id='word_1_263' title='bbox 3431 2585 3498 2628; x_wconf 89' lang='lat' dir='ltr'><strong>se</strong></span> 
     </span>
     <span class='ocr_line' id='line_1_48' title="bbox 2006 2664 3498 2750; baseline -0.004 -20"><span class='ocrx_word' id='word_1_264' title='bbox 2006 2667 2300 2730; x_wconf 84' lang='lat' dir='ltr'><strong>subsistit</strong></span> <span class='ocrx_word' id='word_1_265' title='bbox 2329 2668 2584 2750; x_wconf 88' lang='lat' dir='ltr'><strong>propria</strong></span> <span class='ocrx_word' id='word_1_266' title='bbox 2627 2667 2883 2738; x_wconf 83' lang='lat' dir='ltr'><strong>virtute,</strong></span> <span class='ocrx_word' id='word_1_267' title='bbox 2917 2665 3077 2729; x_wconf 89' lang='lat' dir='ltr'><strong>nulli</strong></span> <span class='ocrx_word' id='word_1_268' title='bbox 3117 2665 3296 2728; x_wconf 89' lang='lat' dir='ltr'><strong>alteri</strong></span> <span class='ocrx_word' id='word_1_269' title='bbox 3335 2664 3498 2726; x_wconf 88' lang='lat' dir='ltr'><strong>inni·</strong></span> 
     </span>
     <span class='ocr_line' id='line_1_49' title="bbox 2006 2763 3498 2848; baseline -0.004 -19"><span class='ocrx_word' id='word_1_270' title='bbox 2006 2767 2198 2829; x_wconf 91' lang='lat' dir='ltr'><strong>tendo</strong></span> <span class='ocrx_word' id='word_1_271' title='bbox 2227 2783 2240 2828; x_wconf 74' lang='grc' dir='ltr'>ε</span> <span class='ocrx_word' id='word_1_272' title='bbox 2275 2767 2406 2829; x_wconf 91' lang='lat' dir='ltr'><strong>imo</strong></span> <span class='ocrx_word' id='word_1_273' title='bbox 2437 2767 2636 2848; x_wconf 87' lang='lat' dir='ltr'><strong>magis</strong></span> <span class='ocrx_word' id='word_1_274' title='bbox 2668 2765 2964 2827; x_wconf 88' lang='lat' dir='ltr'><strong>innititur</strong></span> <span class='ocrx_word' id='word_1_275' title='bbox 3001 2763 3220 2826; x_wconf 87' lang='lat' dir='ltr'><strong>virtuti</strong></span> <span class='ocrx_word' id='word_1_276' title='bbox 3250 2781 3322 2825; x_wconf 90' lang='lat' dir='ltr'><strong>ac</strong></span> <span class='ocrx_word' id='word_1_277' title='bbox 3353 2780 3498 2824; x_wconf 90' lang='lat' dir='ltr'><strong>con-</strong></span> 
     </span>
     <span class='ocr_line' id='line_1_50' title="bbox 2008 2861 3500 2946; baseline -0.005 -16"><span class='ocrx_word' id='word_1_278' title='bbox 2008 2865 2350 2930; x_wconf 86' lang='lat' dir='ltr'><strong>servationi</strong></span> <span class='ocrx_word' id='word_1_279' title='bbox 2420 2865 2644 2946; x_wconf 86' lang='lat' dir='ltr'><strong>primae</strong></span> <span class='ocrx_word' id='word_1_280' title='bbox 2702 2882 2934 2937; x_wconf 67' lang='lat' dir='ltr'><strong>causae,</strong></span> <span class='ocrx_word' id='word_1_281' title='bbox 2995 2870 3060 2925; x_wconf 92' lang='lat' dir='ltr'><strong>et</strong></span> <span class='ocrx_word' id='word_1_282' title='bbox 3129 2861 3329 2942; x_wconf 86' lang='lat' dir='ltr'><strong>magis</strong></span> <span class='ocrx_word' id='word_1_283' title='bbox 3395 2861 3500 2923; x_wconf 91' lang='lat' dir='ltr'><strong>de·</strong></span> 
     </span>
     <span class='ocr_line' id='line_1_51' title="bbox 2010 2957 3499 3046; baseline -0.005 -20"><span class='ocrx_word' id='word_1_284' title='bbox 2010 2964 2246 3046; x_wconf 89' lang='lat' dir='ltr'><strong>pendet</strong></span> <span class='ocrx_word' id='word_1_285' title='bbox 2293 2963 2370 3024; x_wconf 90' lang='lat' dir='ltr'><strong>ad</strong></span> <span class='ocrx_word' id='word_1_286' title='bbox 2420 2962 2778 3025; x_wconf 87' lang='lat' dir='ltr'><strong>Creatorem</strong></span> <span class='ocrx_word' id='word_1_287' title='bbox 2829 2979 3022 3043; x_wconf 90' lang='lat' dir='ltr'><strong>quam</strong></span> <span class='ocrx_word' id='word_1_288' title='bbox 3069 2959 3366 3022; x_wconf 90' lang='lat' dir='ltr'><strong>accidens</strong></span> <span class='ocrx_word' id='word_1_289' title='bbox 3422 2957 3499 3020; x_wconf 91' lang='lat' dir='ltr'><strong>ad</strong></span> 
     </span>
    </p>
   </div>
   <div class='ocr_carea' id='block_1_12' title="bbox 394 3057 3502 3142">
    <p class='ocr_par' dir='ltr' id='par_1_13' title="bbox 394 3057 3502 3142">
     <span class='ocr_line' id='line_1_52' title="bbox 394 3057 3502 3142; baseline -0.001 -22"><span class='ocrx_word' id='word_1_290' title='bbox 394 3059 561 3138; x_wconf 86' lang='lat' dir='ltr'><strong>regit</strong></span> <span class='ocrx_word' id='word_1_291' title='bbox 593 3076 705 3140; x_wconf 86' lang='lat' dir='ltr'><strong>per</strong></span> <span class='ocrx_word' id='word_1_292' title='bbox 732 3057 933 3120; x_wconf 90' lang='lat' dir='ltr'><strong>finem</strong></span> <span class='ocrx_word' id='word_1_293' title='bbox 964 3058 1314 3131; x_wconf 78' lang='lat' dir='ltr'><strong>decoriS,id</strong></span> <span class='ocrx_word' id='word_1_294' title='bbox 1346 3065 1443 3120; x_wconf 89' lang='lat' dir='ltr'><strong>est</strong></span> <span class='ocrx_word' id='word_1_295' title='bbox 1472 3077 1619 3120; x_wconf 89' lang='lat' dir='ltr'><strong>cum</strong></span> <span class='ocrx_word' id='word_1_296' title='bbox 1650 3074 1901 3120; x_wconf 89' lang='lat' dir='ltr'><strong>summo</strong></span> <span class='ocrx_word' id='word_1_297' title='bbox 1928 3057 1971 3121; x_wconf 90' lang='lat' dir='ltr'>C</span> <span class='ocrx_word' id='word_1_298' title='bbox 2008 3060 2394 3142; x_wconf 85' lang='lat' dir='ltr'><strong>subjectum.</strong></span> <span class='ocrx_word' id='word_1_299' title='bbox 2447 3059 2744 3122; x_wconf 89' lang='lat' dir='ltr'><strong>Creatura</strong></span> <span class='ocrx_word' id='word_1_300' title='bbox 2790 3077 3046 3141; x_wconf 91' lang='lat' dir='ltr'><strong>quoque</strong></span> <span class='ocrx_word' id='word_1_301' title='bbox 3094 3075 3218 3120; x_wconf 89' lang='lat' dir='ltr'><strong>non</strong></span> <span class='ocrx_word' id='word_1_302' title='bbox 3267 3064 3365 3120; x_wconf 90' lang='lat' dir='ltr'><strong>est</strong></span> <span class='ocrx_word' id='word_1_303' title='bbox 3411 3075 3502 3118; x_wconf 90' lang='lat' dir='ltr'><strong>es-</strong></span> 
     </span>
    </p>
   </div>
   <div class='ocr_carea' id='block_1_13' title="bbox 394 3156 1905 4308">
    <p class='ocr_par' dir='ltr' id='par_1_14' title="bbox 394 3156 1905 4308">
     <span class='ocr_line' id='line_1_53' title="bbox 394 3156 1898 3235; baseline -0.001 -17"><span class='ocrx_word' id='word_1_304' title='bbox 394 3156 677 3235; x_wconf 80' lang='lat' dir='ltr'><strong>decore3</strong></span> <span class='ocrx_word' id='word_1_305' title='bbox 726 3175 845 3218; x_wconf 90' lang='lat' dir='ltr'><strong>nec</strong></span> <span class='ocrx_word' id='word_1_306' title='bbox 892 3156 1079 3218; x_wconf 89' lang='lat' dir='ltr'><strong>aliter</strong></span> <span class='ocrx_word' id='word_1_307' title='bbox 1128 3157 1423 3219; x_wconf 89' lang='lat' dir='ltr'><strong>machina</strong></span> <span class='ocrx_word' id='word_1_308' title='bbox 1472 3156 1779 3228; x_wconf 87' lang='lat' dir='ltr'><strong>universi,</strong></span> <span class='ocrx_word' id='word_1_309' title='bbox 1834 3157 1898 3218; x_wconf 93' lang='lat' dir='ltr'><strong>in</strong></span> 
     </span>
     <span class='ocr_line' id='line_1_54' title="bbox 396 3255 1899 3337; baseline -0.001 -20"><span class='ocrx_word' id='word_1_310' title='bbox 396 3274 524 3336; x_wconf 90' lang='lat' dir='ltr'><strong>qua</strong></span> <span class='ocrx_word' id='word_1_311' title='bbox 554 3262 705 3317; x_wconf 89' lang='lat' dir='ltr'><strong>sunt</strong></span> <span class='ocrx_word' id='word_1_312' title='bbox 734 3261 825 3318; x_wconf 85' lang='lat' dir='ltr'><strong>tot</strong></span> <span class='ocrx_word' id='word_1_313' title='bbox 854 3255 1171 3317; x_wconf 89' lang='lat' dir='ltr'><strong>contraria</strong></span> <span class='ocrx_word' id='word_1_314' title='bbox 1200 3262 1457 3337; x_wconf 89' lang='lat' dir='ltr'><strong>tamque</strong></span> <span class='ocrx_word' id='word_1_315' title='bbox 1487 3255 1899 3328; x_wconf 89' lang='lat' dir='ltr'><strong>diversa,tam</strong></span> 
     </span>
     <span class='ocr_line' id='line_1_55' title="bbox 396 3352 1901 3436; baseline -0.001 -21"><span class='ocrx_word' id='word_1_316' title='bbox 396 3353 605 3415; x_wconf 86' lang='lat' dir='ltr'><strong>multa</strong></span> <span class='ocrx_word' id='word_1_317' title='bbox 660 3360 721 3414; x_wconf 89' lang='lat' dir='ltr'><strong>et</strong></span> <span class='ocrx_word' id='word_1_318' title='bbox 772 3370 1021 3433; x_wconf 87' lang='lat' dir='ltr'><strong>magna,</strong></span> <span class='ocrx_word' id='word_1_319' title='bbox 1072 3352 1321 3414; x_wconf 90' lang='lat' dir='ltr'><strong>stabilis</strong></span> <span class='ocrx_word' id='word_1_320' title='bbox 1368 3360 1773 3436; x_wconf 87' lang='lat' dir='ltr'><strong>permaneret</strong></span> <span class='ocrx_word' id='word_1_321' title='bbox 1828 3371 1901 3414; x_wconf 89' lang='lat' dir='ltr'><strong>ac</strong></span> 
     </span>
     <span class='ocr_line' id='line_1_56' title="bbox 398 3448 1905 3533; baseline 0 -21"><span class='ocrx_word' id='word_1_322' title='bbox 398 3448 665 3513; x_wconf 88' lang='lat' dir='ltr'><strong>solitum</strong></span> <span class='ocrx_word' id='word_1_323' title='bbox 696 3467 959 3512; x_wconf 86' lang='lat' dir='ltr'><strong>cursum</strong></span> <span class='ocrx_word' id='word_1_324' title='bbox 989 3456 1291 3523; x_wconf 86' lang='lat' dir='ltr'><strong>servaret,</strong></span> <span class='ocrx_word' id='word_1_325' title='bbox 1326 3458 1515 3533; x_wconf 90' lang='lat' dir='ltr'><strong>prout</strong></span> <span class='ocrx_word' id='word_1_326' title='bbox 1544 3451 1621 3512; x_wconf 91' lang='lat' dir='ltr'><strong>de</strong></span> <span class='ocrx_word' id='word_1_327' title='bbox 1666 3451 1783 3513; x_wconf 89' lang='lat' dir='ltr'><strong>hoc</strong></span> <span class='ocrx_word' id='word_1_328' title='bbox 1829 3450 1905 3512; x_wconf 88' lang='lat' dir='ltr'><strong>fi-</strong></span> 
     </span>
     <span class='ocr_line' id='line_1_57' title="bbox 399 3547 1901 3631; baseline 0.001 -21"><span class='ocrx_word' id='word_1_329' title='bbox 399 3548 567 3610; x_wconf 87' lang='lat' dir='ltr'><strong>delis</strong></span> <span class='ocrx_word' id='word_1_330' title='bbox 596 3547 852 3611; x_wconf 87' lang='lat' dir='ltr'><strong>Boetius</strong></span> <span class='ocrx_word' id='word_1_331' title='bbox 892 3548 1081 3610; x_wconf 89' lang='lat' dir='ltr'><strong>tertio</strong></span> <span class='ocrx_word' id='word_1_332' title='bbox 1120 3556 1185 3611; x_wconf 89' lang='lat' dir='ltr'><strong>et</strong></span> <span class='ocrx_word' id='word_1_333' title='bbox 1222 3557 1449 3631; x_wconf 89' lang='lat' dir='ltr'><strong>quarto</strong></span> <span class='ocrx_word' id='word_1_334' title='bbox 1488 3549 1568 3613; x_wconf 91' lang='lat' dir='ltr'><strong>de</strong></span> <span class='ocrx_word' id='word_1_335' title='bbox 1610 3548 1901 3612; x_wconf 90' lang='lat' dir='ltr'><strong>Consola-</strong></span> 
     </span>
     <span class='ocr_line' id='line_1_58' title="bbox 402 3645 1903 3728; baseline -0.001 -20"><span class='ocrx_word' id='word_1_336' title='bbox 402 3647 579 3708; x_wconf 88' lang='lat' dir='ltr'><strong>tione</strong></span> <span class='ocrx_word' id='word_1_337' title='bbox 610 3645 1033 3728; x_wconf 78' lang='lat' dir='ltr'><strong>philosophiae</strong></span> <span class='ocrx_word' id='word_1_338' title='bbox 1061 3646 1381 3727; x_wconf 87' lang='lat' dir='ltr'><strong>sapienter</strong></span> <span class='ocrx_word' id='word_1_339' title='bbox 1422 3664 1494 3709; x_wconf 90' lang='lat' dir='ltr'><strong>ac</strong></span> <span class='ocrx_word' id='word_1_340' title='bbox 1539 3645 1777 3709; x_wconf 88' lang='lat' dir='ltr'><strong>diffuse</strong></span> <span class='ocrx_word' id='word_1_341' title='bbox 1816 3645 1903 3708; x_wconf 90' lang='lat' dir='ltr'><strong>ef-</strong></span> 
     </span>
     <span class='ocr_line' id='line_1_59' title="bbox 402 3743 1901 3826; baseline 0 -20"><span class='ocrx_word' id='word_1_342' title='bbox 402 3743 595 3807; x_wconf 82' lang='lat' dir='ltr'><strong>fatur.</strong></span> <span class='ocrx_word' id='word_1_343' title='bbox 677 3743 931 3806; x_wconf 89' lang='lat' dir='ltr'><strong>Etenim</strong></span> <span class='ocrx_word' id='word_1_344' title='bbox 1008 3744 1075 3806; x_wconf 90' lang='lat' dir='ltr'><strong>in</strong></span> <span class='ocrx_word' id='word_1_345' title='bbox 1150 3745 1327 3807; x_wconf 88' lang='lat' dir='ltr'><strong>omni</strong></span> <span class='ocrx_word' id='word_1_346' title='bbox 1404 3743 1901 3826; x_wconf 83' lang='lat' dir='ltr'><strong>gubernantium</strong></span> 
     </span>
     <span class='ocr_line' id='line_1_60' title="bbox 402 3842 1903 3925; baseline -0.001 -20"><span class='ocrx_word' id='word_1_347' title='bbox 402 3843 843 3916; x_wconf 88' lang='lat' dir='ltr'><strong>multitudine,</strong></span> <span class='ocrx_word' id='word_1_348' title='bbox 866 3849 1117 3924; x_wconf 86' lang='lat' dir='ltr'><strong>oportet</strong></span> <span class='ocrx_word' id='word_1_349' title='bbox 1145 3842 1223 3905; x_wconf 92' lang='lat' dir='ltr'><strong>ad</strong></span> <span class='ocrx_word' id='word_1_350' title='bbox 1256 3862 1454 3905; x_wconf 89' lang='lat' dir='ltr'><strong>unum</strong></span> <span class='ocrx_word' id='word_1_351' title='bbox 1490 3843 1771 3925; x_wconf 90' lang='lat' dir='ltr'><strong>primum</strong></span> <span class='ocrx_word' id='word_1_352' title='bbox 1794 3861 1903 3923; x_wconf 86' lang='lat' dir='ltr'><strong>gu-</strong></span> 
     </span>
     <span class='ocr_line' id='line_1_61' title="bbox 400 3940 1903 4022; baseline -0.001 -19"><span class='ocrx_word' id='word_1_353' title='bbox 400 3940 703 4012; x_wconf 88' lang='lat' dir='ltr'><strong>bernans,</strong></span> <span class='ocrx_word' id='word_1_354' title='bbox 738 3940 1155 4021; x_wconf 84' lang='lat' dir='ltr'><strong>imperialiter</strong></span> <span class='ocrx_word' id='word_1_355' title='bbox 1193 3941 1563 4022; x_wconf 67' lang='lat' dir='ltr'><strong>praesidens,</strong></span> <span class='ocrx_word' id='word_1_356' title='bbox 1595 3940 1903 4021; x_wconf 87' lang='lat' dir='ltr'><strong>generali·</strong></span> 
     </span>
     <span class='ocr_line' id='line_1_62' title="bbox 398 4038 1901 4121; baseline 0.001 -21"><span class='ocrx_word' id='word_1_357' title='bbox 398 4047 497 4102; x_wconf 89' lang='lat' dir='ltr'><strong>ter</strong></span> <span class='ocrx_word' id='word_1_358' title='bbox 538 4038 879 4101; x_wconf 88' lang='lat' dir='ltr'><strong>dominans</strong></span> <span class='ocrx_word' id='word_1_359' title='bbox 929 4039 1317 4121; x_wconf 80' lang='lat' dir='ltr'><strong>regendique</strong></span> <span class='ocrx_word' id='word_1_360' title='bbox 1358 4039 1565 4120; x_wconf 86' lang='lat' dir='ltr'><strong>legem</strong></span> <span class='ocrx_word' id='word_1_361' title='bbox 1616 4038 1759 4100; x_wconf 90' lang='lat' dir='ltr'><strong>aliis</strong></span> <span class='ocrx_word' id='word_1_362' title='bbox 1810 4039 1901 4101; x_wconf 91' lang='lat' dir='ltr'><strong>in-</strong></span> 
     </span>
     <span class='ocr_line' id='line_1_63' title="bbox 395 4136 1903 4212; baseline 0.001 -13"><span class='ocrx_word' id='word_1_363' title='bbox 395 4137 633 4210; x_wconf 89' lang='lat' dir='ltr'><strong>fluens,</strong></span> <span class='ocrx_word' id='word_1_364' title='bbox 678 4136 981 4200; x_wconf 89' lang='lat' dir='ltr'><strong>devenire</strong></span> <span class='ocrx_word' id='word_1_365' title='bbox 1014 4153 1030 4198; x_wconf 89' lang='lat'><strong>:</strong></span> <span class='ocrx_word' id='word_1_366' title='bbox 1062 4136 1221 4200; x_wconf 89' lang='lat' dir='ltr'><strong>alias</strong></span> <span class='ocrx_word' id='word_1_367' title='bbox 1262 4136 1371 4198; x_wconf 89' lang='lat' dir='ltr'><strong>ubi</strong></span> <span class='ocrx_word' id='word_1_368' title='bbox 1416 4137 1781 4212; x_wconf 83' lang='lat' dir='ltr'><strong>multitude,</strong></span> <span class='ocrx_word' id='word_1_369' title='bbox 1814 4137 1903 4200; x_wconf 89' lang='lat' dir='ltr'><strong>ibi</strong></span> 
     </span>
     <span class='ocr_line' id='line_1_64' title="bbox 396 4233 1545 4308; baseline -0.002 -10"><span class='ocrx_word' id='word_1_370' title='bbox 396 4235 717 4308; x_wconf 87' lang='lat' dir='ltr'><strong>confusio,</strong></span> <span class='ocrx_word' id='word_1_371' title='bbox 750 4253 879 4298; x_wconf 91' lang='lat' dir='ltr'><strong>non</strong></span> <span class='ocrx_word' id='word_1_372' title='bbox 922 4233 1169 4297; x_wconf 89' lang='lat' dir='ltr'><strong>stabilis</strong></span> <span class='ocrx_word' id='word_1_373' title='bbox 1212 4233 1545 4298; x_wconf 88' lang='lat' dir='ltr'><strong>ordinatio.</strong></span> 
     </span>
    </p>
   </div>
   <div class='ocr_carea' id='block_1_14' title="bbox 696 4507 1609 4573">
    <p class='ocr_par' dir='ltr' id='par_1_15' title="bbox 696 4507 1609 4573">
     <span class='ocr_line' id='line_1_65' title="bbox 696 4507 1609 4573; baseline -0.002 -1"><span class='ocrx_word' id='word_1_374' title='bbox 696 4507 1220 4573; x_wconf 89' lang='lat' dir='ltr'><strong>PROPOSITIO</strong></span> <span class='ocrx_word' id='word_1_375' title='bbox 1264 4507 1609 4572; x_wconf 87' lang='lat' dir='ltr'><strong>LXXXII.</strong></span> 
     </span>
    </p>
   </div>
   <div class='ocr_carea' id='block_1_15' title="bbox 390 4725 1905 5201">
    <p class='ocr_par' dir='ltr' id='par_1_16' title="bbox 390 4725 1904 5105">
     <span class='ocr_line' id='line_1_66' title="bbox 476 4725 1898 4809; baseline 0 -15"><span class='ocrx_word' id='word_1_376' title='bbox 476 4727 589 4794; x_wconf 79' lang='lat' dir='ltr'><strong>Ea</strong></span> <span class='ocrx_word' id='word_1_377' title='bbox 630 4741 807 4809; x_wconf 75' lang='lat' dir='ltr'><strong>quae</strong></span> <span class='ocrx_word' id='word_1_378' title='bbox 856 4727 952 4793; x_wconf 81' lang='lat' dir='ltr'><strong>de</strong></span> <span class='ocrx_word' id='word_1_379' title='bbox 1002 4727 1164 4792; x_wconf 89' lang='lat' dir='ltr'><strong>Deo</strong></span> <span class='ocrx_word' id='word_1_380' title='bbox 1212 4727 1295 4792; x_wconf 89' lang='lat' dir='ltr'><strong>et</strong></span> <span class='ocrx_word' id='word_1_381' title='bbox 1340 4725 1733 4794; x_wconf 78' lang='lat' dir='ltr'><strong>creaturis</strong></span> <span class='ocrx_word' id='word_1_382' title='bbox 1789 4728 1898 4794; x_wconf 85' lang='lat' dir='ltr'><strong>di-</strong></span> 
     </span>
     <span class='ocr_line' id='line_1_67' title="bbox 393 4825 1899 4906; baseline -0.001 -13"><span class='ocrx_word' id='word_1_383' title='bbox 393 4827 717 4906; x_wconf 81' lang='lat' dir='ltr'><strong>cuntur,</strong></span> <span class='ocrx_word' id='word_1_384' title='bbox 778 4839 938 4890; x_wconf 88' lang='lat' dir='ltr'><strong>non</strong></span> <span class='ocrx_word' id='word_1_385' title='bbox 1011 4827 1500 4891; x_wconf 84' lang='lat' dir='ltr'><strong>conveniunt</strong></span> <span class='ocrx_word' id='word_1_386' title='bbox 1557 4825 1676 4892; x_wconf 86' lang='lat' dir='ltr'><strong>eis</strong></span> <span class='ocrx_word' id='word_1_387' title='bbox 1731 4828 1899 4891; x_wconf 83' lang='lat' dir='ltr'><strong>uni·</strong></span> 
     </span>
     <span class='ocr_line' id='line_1_68' title="bbox 392 4921 1904 5004; baseline 0 -14"><span class='ocrx_word' id='word_1_388' title='bbox 392 4939 620 5004; x_wconf 84' lang='lat' dir='ltr'><strong>voce,</strong></span> <span class='ocrx_word' id='word_1_389' title='bbox 680 4936 831 4989; x_wconf 86' lang='lat' dir='ltr'><strong>nec</strong></span> <span class='ocrx_word' id='word_1_390' title='bbox 889 4921 1213 4988; x_wconf 88' lang='lat' dir='ltr'><strong>omnino</strong></span> <span class='ocrx_word' id='word_1_391' title='bbox 1278 4923 1703 5004; x_wconf 79' lang='lat' dir='ltr'><strong>aequivoce,</strong></span> <span class='ocrx_word' id='word_1_392' title='bbox 1764 4923 1904 4990; x_wconf 83' lang='lat' dir='ltr'><strong>sed</strong></span> 
     </span>
     <span class='ocr_line' id='line_1_69' title="bbox 390 5020 1149 5105; baseline -0.001 -15"><span class='ocrx_word' id='word_1_393' title='bbox 390 5023 669 5105; x_wconf 84' lang='lat' dir='ltr'><strong>potius</strong></span> <span class='ocrx_word' id='word_1_394' title='bbox 711 5020 1149 5098; x_wconf 73' lang='lat' dir='ltr'><strong>analogice.</strong></span> 
     </span>
    </p>

    <p class='ocr_par' dir='ltr' id='par_1_17' title="bbox 472 5117 1905 5201">
     <span class='ocr_line' id='line_1_70' title="bbox 472 5117 1905 5201; baseline -0.001 -17"><span class='ocrx_word' id='word_1_395' title='bbox 472 5120 653 5195; x_wconf 86' lang='lat' dir='ltr'><strong>Quod</strong></span> <span class='ocrx_word' id='word_1_396' title='bbox 684 5127 805 5191; x_wconf 88' lang='lat' dir='ltr'><strong>est,</strong></span> <span class='ocrx_word' id='word_1_397' title='bbox 820 5117 1123 5201; x_wconf 90' lang='lat' dir='ltr'><strong>quoniam</strong></span> <span class='ocrx_word' id='word_1_398' title='bbox 1154 5117 1321 5180; x_wconf 89' lang='lat' dir='ltr'><strong>Deus</strong></span> <span class='ocrx_word' id='word_1_399' title='bbox 1353 5118 1556 5181; x_wconf 91' lang='lat' dir='ltr'><strong>multo</strong></span> <span class='ocrx_word' id='word_1_400' title='bbox 1585 5118 1753 5201; x_wconf 91' lang='lat' dir='ltr'><strong>plus,</strong></span> <span class='ocrx_word' id='word_1_401' title='bbox 1775 5118 1905 5182; x_wconf 91' lang='lat' dir='ltr'><strong>imo</strong></span> 
     </span>
    </p>
   </div>
   <div class='ocr_carea' id='block_1_16' title="bbox 386 5216 1901 5299">
    <p class='ocr_par' dir='ltr' id='par_1_18' title="bbox 386 5216 1901 5299">
     <span class='ocr_line' id='line_1_71' title="bbox 386 5216 1901 5299; baseline -0.003 -15"><span class='ocrx_word' id='word_1_402' title='bbox 386 5221 453 5284; x_wconf 90' lang='lat' dir='ltr'><strong>in</strong></span> <span class='ocrx_word' id='word_1_403' title='bbox 504 5217 851 5284; x_wconf 88' lang='lat' dir='ltr'><strong>infinitum</strong></span> <span class='ocrx_word' id='word_1_404' title='bbox 896 5216 1097 5299; x_wconf 87' lang='lat' dir='ltr'><strong>magis</strong></span> <span class='ocrx_word' id='word_1_405' title='bbox 1138 5217 1391 5280; x_wconf 84' lang='lat' dir='ltr'><strong>excedit</strong></span> <span class='ocrx_word' id='word_1_406' title='bbox 1432 5235 1691 5281; x_wconf 90' lang='lat' dir='ltr'><strong>omnem</strong></span> <span class='ocrx_word' id='word_1_407' title='bbox 1732 5235 1901 5282; x_wconf 89' lang='lat' dir='ltr'><strong>crea-</strong></span> 
     </span>
    </p>
   </div>
   <div class='ocr_carea' id='block_1_17' title="bbox 2010 3156 3508 4224">
    <p class='ocr_par' dir='ltr' id='par_1_19' title="bbox 2010 3156 3508 4224">
     <span class='ocr_line' id='line_1_72' title="bbox 2010 3156 3377 3240; baseline -0.004 -18"><span class='ocrx_word' id='word_1_408' title='bbox 2010 3159 2364 3222; x_wconf 88' lang='lat' dir='ltr'><strong>sentialiter</strong></span> <span class='ocrx_word' id='word_1_409' title='bbox 2393 3177 2506 3222; x_wconf 88' lang='lat' dir='ltr'><strong>sua</strong></span> <span class='ocrx_word' id='word_1_410' title='bbox 2535 3157 2848 3240; x_wconf 89' lang='lat' dir='ltr'><strong>sapientia</strong></span> <span class='ocrx_word' id='word_1_411' title='bbox 2877 3175 3085 3240; x_wconf 88' lang='lat' dir='ltr'><strong>neque</strong></span> <span class='ocrx_word' id='word_1_412' title='bbox 3111 3156 3377 3238; x_wconf 88' lang='lat' dir='ltr'><strong>justitia.</strong></span> 
     </span>
     <span class='ocr_line' id='line_1_73' title="bbox 2077 3256 3502 3339; baseline -0.003 -19"><span class='ocrx_word' id='word_1_413' title='bbox 2077 3259 2532 3320; x_wconf 84' lang='lat' dir='ltr'><strong>Verumtamen</strong></span> <span class='ocrx_word' id='word_1_414' title='bbox 2561 3274 2688 3319; x_wconf 90' lang='lat' dir='ltr'><strong>non</strong></span> <span class='ocrx_word' id='word_1_415' title='bbox 2719 3275 2980 3339; x_wconf 90' lang='lat' dir='ltr'><strong>prorsus</strong></span> <span class='ocrx_word' id='word_1_416' title='bbox 3008 3256 3334 3338; x_wconf 84' lang='lat' dir='ltr'><strong>aequivoce</strong></span> <span class='ocrx_word' id='word_1_417' title='bbox 3355 3271 3502 3317; x_wconf 90' lang='lat' dir='ltr'><strong>con·</strong></span> 
     </span>
     <span class='ocr_line' id='line_1_74' title="bbox 2012 3352 3502 3436; baseline -0.005 -17"><span class='ocrx_word' id='word_1_418' title='bbox 2012 3357 2281 3419; x_wconf 88' lang='lat' dir='ltr'><strong>veniunt</strong></span> <span class='ocrx_word' id='word_1_419' title='bbox 2310 3356 2428 3418; x_wconf 87' lang='lat' dir='ltr'><strong>ista</strong></span> <span class='ocrx_word' id='word_1_420' title='bbox 2468 3355 2624 3436; x_wconf 91' lang='lat' dir='ltr'><strong>ipsis</strong></span> <span class='ocrx_word' id='word_1_421' title='bbox 2659 3372 2672 3416; x_wconf 92' lang='lat'>:</span> <span class='ocrx_word' id='word_1_422' title='bbox 2706 3355 3011 3436; x_wconf 88' lang='lat' dir='ltr'><strong>quoniam</strong></span> <span class='ocrx_word' id='word_1_423' title='bbox 3051 3361 3354 3416; x_wconf 82' lang='lat' dir='ltr'><strong>creaturae</strong></span> <span class='ocrx_word' id='word_1_424' title='bbox 3391 3352 3502 3418; x_wconf 86' lang='lat' dir='ltr'><strong>ali·</strong></span> 
     </span>
     <span class='ocr_line' id='line_1_75' title="bbox 2010 3450 3504 3537; baseline -0.003 -21"><span class='ocrx_word' id='word_1_425' title='bbox 2010 3453 2168 3537; x_wconf 88' lang='lat' dir='ltr'><strong>quid</strong></span> <span class='ocrx_word' id='word_1_426' title='bbox 2190 3472 2354 3516; x_wconf 84' lang='lat' dir='ltr'><strong>verae</strong></span> <span class='ocrx_word' id='word_1_427' title='bbox 2373 3451 2677 3525; x_wconf 80' lang='lat' dir='ltr'><strong>entitatiS,</strong></span> <span class='ocrx_word' id='word_1_428' title='bbox 2704 3451 3004 3514; x_wconf 85' lang='lat' dir='ltr'><strong>bonitatis</strong></span> <span class='ocrx_word' id='word_1_429' title='bbox 3043 3450 3504 3514; x_wconf 87' lang='lat' dir='ltr'><strong>substantialis·</strong></span> 
     </span>
     <span class='ocr_line' id='line_1_76' title="bbox 2011 3549 3503 3636; baseline -0.003 -21"><span class='ocrx_word' id='word_1_430' title='bbox 2011 3572 2137 3636; x_wconf 90' lang='lat' dir='ltr'><strong>que</strong></span> <span class='ocrx_word' id='word_1_431' title='bbox 2185 3551 2613 3614; x_wconf 84' lang='lat' dir='ltr'><strong>subsistentiae</strong></span> <span class='ocrx_word' id='word_1_432' title='bbox 2650 3568 2724 3612; x_wconf 87' lang='lat' dir='ltr'><strong>ac</strong></span> <span class='ocrx_word' id='word_1_433' title='bbox 2764 3549 3092 3632; x_wconf 56' lang='lat' dir='ltr'><strong>sapientiai</strong></span> <span class='ocrx_word' id='word_1_434' title='bbox 3129 3569 3166 3612; x_wconf 90' lang='lat' dir='ltr'><strong>a</strong></span> <span class='ocrx_word' id='word_1_435' title='bbox 3214 3549 3503 3612; x_wconf 90' lang='lat' dir='ltr'><strong>Creatore</strong></span> 
     </span>
     <span class='ocr_line' id='line_1_77' title="bbox 2013 3645 3504 3734; baseline -0.003 -22"><span class='ocrx_word' id='word_1_436' title='bbox 2013 3649 2438 3734; x_wconf 84' lang='lat' dir='ltr'><strong>participant;</strong></span> <span class='ocrx_word' id='word_1_437' title='bbox 2490 3667 2606 3710; x_wconf 91' lang='lat' dir='ltr'><strong>nec</strong></span> <span class='ocrx_word' id='word_1_438' title='bbox 2652 3648 2837 3710; x_wconf 87' lang='lat' dir='ltr'><strong>aliter</strong></span> <span class='ocrx_word' id='word_1_439' title='bbox 2892 3667 2971 3710; x_wconf 88' lang='lat' dir='ltr'><strong>cx</strong></span> <span class='ocrx_word' id='word_1_440' title='bbox 3029 3647 3220 3711; x_wconf 88' lang='lat' dir='ltr'><strong>rebus</strong></span> <span class='ocrx_word' id='word_1_441' title='bbox 3278 3645 3504 3709; x_wconf 89' lang='lat' dir='ltr'><strong>creatis</strong></span> 
     </span>
     <span class='ocr_line' id='line_1_78' title="bbox 2011 3743 3506 3831; baseline -0.003 -20"><span class='ocrx_word' id='word_1_442' title='bbox 2011 3765 2349 3831; x_wconf 89' lang='lat' dir='ltr'><strong>possemus</strong></span> <span class='ocrx_word' id='word_1_443' title='bbox 2377 3747 2620 3829; x_wconf 86' lang='lat' dir='ltr'><strong>aliquid</strong></span> <span class='ocrx_word' id='word_1_444' title='bbox 2653 3764 2802 3809; x_wconf 88' lang='lat' dir='ltr'><strong>vere</strong></span> <span class='ocrx_word' id='word_1_445' title='bbox 2841 3753 2904 3809; x_wconf 90' lang='lat' dir='ltr'><strong>et</strong></span> <span class='ocrx_word' id='word_1_446' title='bbox 2943 3745 3200 3829; x_wconf 90' lang='lat' dir='ltr'><strong>proprie</strong></span> <span class='ocrx_word' id='word_1_447' title='bbox 3229 3764 3301 3808; x_wconf 95' lang='lat' dir='ltr'><strong>ac</strong></span> <span class='ocrx_word' id='word_1_448' title='bbox 3332 3743 3506 3806; x_wconf 89' lang='lat' dir='ltr'><strong>affir-</strong></span> 
     </span>
     <span class='ocr_line' id='line_1_79' title="bbox 2012 3843 3506 3927; baseline -0.003 -18"><span class='ocrx_word' id='word_1_449' title='bbox 2012 3847 2250 3910; x_wconf 86' lang='lat' dir='ltr'><strong>mative</strong></span> <span class='ocrx_word' id='word_1_450' title='bbox 2289 3847 2367 3909; x_wconf 92' lang='lat' dir='ltr'><strong>de</strong></span> <span class='ocrx_word' id='word_1_451' title='bbox 2407 3845 2700 3909; x_wconf 89' lang='lat' dir='ltr'><strong>Creatore</strong></span> <span class='ocrx_word' id='word_1_452' title='bbox 2732 3863 3134 3927; x_wconf 80' lang='lat' dir='ltr'><strong>cognoscere,</strong></span> <span class='ocrx_word' id='word_1_453' title='bbox 3169 3843 3506 3907; x_wconf 88' lang='lat' dir='ltr'><strong>conclude-</strong></span> 
     </span>
     <span class='ocr_line' id='line_1_80' title="bbox 2013 3943 3504 4026; baseline -0.001 -20"><span class='ocrx_word' id='word_1_454' title='bbox 2013 3964 2102 4018; x_wconf 91' lang='lat' dir='ltr'><strong>re,</strong></span> <span class='ocrx_word' id='word_1_455' title='bbox 2138 3945 2496 4016; x_wconf 86' lang='lat' dir='ltr'><strong>enuntiare,</strong></span> <span class='ocrx_word' id='word_1_456' title='bbox 2530 3944 2660 4007; x_wconf 91' lang='lat' dir='ltr'><strong>imo</strong></span> <span class='ocrx_word' id='word_1_457' title='bbox 2699 3944 2948 4006; x_wconf 88' lang='lat' dir='ltr'><strong>fallacia</strong></span> <span class='ocrx_word' id='word_1_458' title='bbox 2985 3943 3504 4026; x_wconf 83' lang='lat' dir='ltr'><strong>aequivocationis</strong></span> 
     </span>
     <span class='ocr_line' id='line_1_81' title="bbox 2011 4041 3502 4124; baseline -0.003 -17"><span class='ocrx_word' id='word_1_459' title='bbox 2011 4043 2347 4107; x_wconf 87' lang='lat' dir='ltr'><strong>accideret.</strong></span> <span class='ocrx_word' id='word_1_460' title='bbox 2400 4042 2546 4106; x_wconf 93' lang='lat' dir='ltr'><strong>ldeo</strong></span> <span class='ocrx_word' id='word_1_461' title='bbox 2593 4042 2918 4124; x_wconf 87' lang='lat' dir='ltr'><strong>analogice</strong></span> <span class='ocrx_word' id='word_1_462' title='bbox 2967 4048 3342 4123; x_wconf 89' lang='lat' dir='ltr'><strong>competunt</strong></span> <span class='ocrx_word' id='word_1_463' title='bbox 3387 4041 3502 4114; x_wconf 91' lang='lat' dir='ltr'><strong>eis,</strong></span> 
     </span>
     <span class='ocr_line' id='line_1_82' title="bbox 2012 4141 3508 4224; baseline -0.002 -20"><span class='ocrx_word' id='word_1_464' title='bbox 2012 4141 2132 4204; x_wconf 92' lang='lat' dir='ltr'><strong>hoc</strong></span> <span class='ocrx_word' id='word_1_465' title='bbox 2163 4149 2260 4205; x_wconf 88' lang='lat' dir='ltr'><strong>est</strong></span> <span class='ocrx_word' id='word_1_466' title='bbox 2297 4142 2427 4204; x_wconf 92' lang='lat' dir='ltr'><strong>Deo</strong></span> <span class='ocrx_word' id='word_1_467' title='bbox 2465 4160 2581 4224; x_wconf 91' lang='lat' dir='ltr'><strong>per</strong></span> <span class='ocrx_word' id='word_1_468' title='bbox 2622 4141 2821 4224; x_wconf 89' lang='lat' dir='ltr'><strong>prius,</strong></span> <span class='ocrx_word' id='word_1_469' title='bbox 2866 4141 3172 4203; x_wconf 87' lang='lat' dir='ltr'><strong>creaturis</strong></span> <span class='ocrx_word' id='word_1_470' title='bbox 3201 4157 3354 4202; x_wconf 90' lang='lat' dir='ltr'><strong>vero</strong></span> <span class='ocrx_word' id='word_1_471' title='bbox 3395 4157 3508 4221; x_wconf 91' lang='lat' dir='ltr'><strong>per</strong></span> 
     </span>
    </p>
   </div>
   <div class='ocr_carea' id='block_1_18' title="bbox 1932 4236 3504 4321">
    <p class='ocr_par' dir='ltr' id='par_1_20' title="bbox 1932 4236 3504 4321">
     <span class='ocr_line' id='line_1_83' title="bbox 1932 4236 3504 4321; baseline -0.004 -17"><span class='ocrx_word' id='word_1_472' title='bbox 1932 4241 1981 4304; x_wconf 90' lang='lat' dir='ltr'>D</span> <span class='ocrx_word' id='word_1_473' title='bbox 2010 4239 2390 4321; x_wconf 86' lang='lat' dir='ltr'><strong>analogiam,</strong></span> <span class='ocrx_word' id='word_1_474' title='bbox 2426 4238 2488 4300; x_wconf 93' lang='lat' dir='ltr'><strong>id</strong></span> <span class='ocrx_word' id='word_1_475' title='bbox 2519 4245 2616 4302; x_wconf 91' lang='lat' dir='ltr'><strong>est</strong></span> <span class='ocrx_word' id='word_1_476' title='bbox 2655 4238 3120 4311; x_wconf 90' lang='lat' dir='ltr'><strong>habitudinem,</strong></span> <span class='ocrx_word' id='word_1_477' title='bbox 3155 4236 3504 4320; x_wconf 90' lang='lat' dir='ltr'><strong>proportio-</strong></span> 
     </span>
    </p>
   </div>
   <div class='ocr_carea' id='block_1_19' title="bbox 2009 4337 3511 5302">
    <p class='ocr_par' dir='ltr' id='par_1_21' title="bbox 2009 4337 3511 5302">
     <span class='ocr_line' id='line_1_84' title="bbox 2011 4337 3505 4420; baseline -0.001 -20"><span class='ocrx_word' id='word_1_478' title='bbox 2011 4357 2158 4400; x_wconf 91' lang='lat' dir='ltr'><strong>nem</strong></span> <span class='ocrx_word' id='word_1_479' title='bbox 2189 4357 2262 4401; x_wconf 91' lang='lat' dir='ltr'><strong>ac</strong></span> <span class='ocrx_word' id='word_1_480' title='bbox 2304 4337 2594 4401; x_wconf 89' lang='lat' dir='ltr'><strong>ordinem</strong></span> <span class='ocrx_word' id='word_1_481' title='bbox 2638 4337 2981 4420; x_wconf 89' lang='lat' dir='ltr'><strong>quemdam</strong></span> <span class='ocrx_word' id='word_1_482' title='bbox 3011 4337 3089 4398; x_wconf 89' lang='lat' dir='ltr'><strong>ad</strong></span> <span class='ocrx_word' id='word_1_483' title='bbox 3123 4337 3505 4410; x_wconf 85' lang='lat' dir='ltr'><strong>Creatorem,</strong></span> 
     </span>
     <span class='ocr_line' id='line_1_85' title="bbox 2010 4435 3508 4518; baseline 0.001 -21"><span class='ocrx_word' id='word_1_484' title='bbox 2010 4436 2120 4518; x_wconf 91' lang='lat' dir='ltr'><strong>qui</strong></span> <span class='ocrx_word' id='word_1_485' title='bbox 2151 4455 2332 4498; x_wconf 91' lang='lat' dir='ltr'><strong>suam</strong></span> <span class='ocrx_word' id='word_1_486' title='bbox 2367 4435 2740 4510; x_wconf 88' lang='lat' dir='ltr'><strong>bonitatem,</strong></span> <span class='ocrx_word' id='word_1_487' title='bbox 2760 4435 3221 4518; x_wconf 86' lang='lat' dir='ltr'><strong>perfectionem</strong></span> <span class='ocrx_word' id='word_1_488' title='bbox 3251 4454 3323 4498; x_wconf 91' lang='lat' dir='ltr'><strong>ac</strong></span> <span class='ocrx_word' id='word_1_489' title='bbox 3355 4453 3508 4518; x_wconf 90' lang='lat' dir='ltr'><strong>opu-</strong></span> 
     </span>
     <span class='ocr_line' id='line_1_86' title="bbox 2012 4531 3510 4614; baseline 0.001 -20"><span class='ocrx_word' id='word_1_490' title='bbox 2012 4531 2272 4594; x_wconf 86' lang='lat' dir='ltr'><strong>lentiam</strong></span> <span class='ocrx_word' id='word_1_491' title='bbox 2319 4532 2476 4614; x_wconf 87' lang='lat' dir='ltr'><strong>ipsis</strong></span> <span class='ocrx_word' id='word_1_492' title='bbox 2517 4533 2950 4595; x_wconf 85' lang='lat' dir='ltr'><strong>communicat</strong></span> <span class='ocrx_word' id='word_1_493' title='bbox 2979 4533 3334 4596; x_wconf 88' lang='lat' dir='ltr'><strong>seeundum</strong></span> <span class='ocrx_word' id='word_1_494' title='bbox 3373 4551 3510 4614; x_wconf 88' lang='lat' dir='ltr'><strong>gra·</strong></span> 
     </span>
     <span class='ocr_line' id='line_1_87' title="bbox 2009 4629 3511 4712; baseline -0.001 -20"><span class='ocrx_word' id='word_1_495' title='bbox 2009 4630 2160 4692; x_wconf 90' lang='lat' dir='ltr'><strong>dum</strong></span> <span class='ocrx_word' id='word_1_496' title='bbox 2188 4637 2251 4692; x_wconf 90' lang='lat' dir='ltr'><strong>et</strong></span> <span class='ocrx_word' id='word_1_497' title='bbox 2280 4629 2714 4694; x_wconf 81' lang='lat' dir='ltr'><strong>diversitatem</strong></span> <span class='ocrx_word' id='word_1_498' title='bbox 2750 4629 3196 4712; x_wconf 87' lang='lat' dir='ltr'><strong>multiplicem,</strong></span> <span class='ocrx_word' id='word_1_499' title='bbox 3219 4629 3511 4712; x_wconf 88' lang='lat' dir='ltr'><strong>quamvis</strong></span> 
     </span>
     <span class='ocr_line' id='line_1_88' title="bbox 2012 4727 3508 4810; baseline -0.001 -21"><span class='ocrx_word' id='word_1_500' title='bbox 2012 4747 2126 4810; x_wconf 92' lang='lat' dir='ltr'><strong>per</strong></span> <span class='ocrx_word' id='word_1_501' title='bbox 2180 4729 2442 4791; x_wconf 90' lang='lat' dir='ltr'><strong>modum</strong></span> <span class='ocrx_word' id='word_1_502' title='bbox 2483 4728 2736 4791; x_wconf 84' lang='lat' dir='ltr'><strong>infinite</strong></span> <span class='ocrx_word' id='word_1_503' title='bbox 2783 4727 3152 4790; x_wconf 88' lang='lat' dir='ltr'><strong>inferiorem</strong></span> <span class='ocrx_word' id='word_1_504' title='bbox 3211 4746 3402 4810; x_wconf 88' lang='lat' dir='ltr'><strong>quam</strong></span> <span class='ocrx_word' id='word_1_505' title='bbox 3445 4727 3508 4789; x_wconf 90' lang='lat' dir='ltr'><strong>in</strong></span> 
     </span>
     <span class='ocr_line' id='line_1_89' title="bbox 2012 4825 3506 4909; baseline -0.001 -21"><span class='ocrx_word' id='word_1_506' title='bbox 2012 4827 2153 4908; x_wconf 90' lang='lat' dir='ltr'><strong>ipso</strong></span> <span class='ocrx_word' id='word_1_507' title='bbox 2195 4834 2362 4889; x_wconf 89' lang='lat' dir='ltr'><strong>sunt.</strong></span> <span class='ocrx_word' id='word_1_508' title='bbox 2399 4827 2556 4890; x_wconf 83' lang='lat' dir='ltr'><strong>Hinc</strong></span> <span class='ocrx_word' id='word_1_509' title='bbox 2595 4844 2849 4909; x_wconf 90' lang='lat' dir='ltr'><strong>quoque</strong></span> <span class='ocrx_word' id='word_1_510' title='bbox 2893 4827 3026 4888; x_wconf 85' lang='lat' dir='ltr'><strong>haec</strong></span> <span class='ocrx_word' id='word_1_511' title='bbox 3065 4825 3368 4888; x_wconf 88' lang='lat' dir='ltr'><strong>attributa</strong></span> <span class='ocrx_word' id='word_1_512' title='bbox 3397 4845 3506 4888; x_wconf 91' lang='lat' dir='ltr'><strong>seu</strong></span> 
     </span>
     <span class='ocr_line' id='line_1_90' title="bbox 2012 4923 3509 5007; baseline -0.001 -20"><span class='ocrx_word' id='word_1_513' title='bbox 2012 4924 2494 5006; x_wconf 88' lang='lat' dir='ltr'><strong>perfectionalia</strong></span> <span class='ocrx_word' id='word_1_514' title='bbox 2538 4925 2874 5007; x_wconf 83' lang='lat' dir='ltr'><strong>praedicata</strong></span> <span class='ocrx_word' id='word_1_515' title='bbox 2922 4941 3047 4985; x_wconf 91' lang='lat' dir='ltr'><strong>non</strong></span> <span class='ocrx_word' id='word_1_516' title='bbox 3090 4923 3392 4986; x_wconf 87' lang='lat' dir='ltr'><strong>dicuntur</strong></span> <span class='ocrx_word' id='word_1_517' title='bbox 3431 4924 3509 4986; x_wconf 92' lang='lat' dir='ltr'><strong>de</strong></span> 
     </span>
     <span class='ocr_line' id='line_1_91' title="bbox 2010 5021 3511 5105; baseline -0.002 -19"><span class='ocrx_word' id='word_1_518' title='bbox 2010 5022 2140 5086; x_wconf 90' lang='lat' dir='ltr'><strong>Deo</strong></span> <span class='ocrx_word' id='word_1_519' title='bbox 2199 5041 2318 5086; x_wconf 90' lang='lat' dir='ltr'><strong>nec</strong></span> <span class='ocrx_word' id='word_1_520' title='bbox 2381 5029 2754 5105; x_wconf 90' lang='lat' dir='ltr'><strong>competunt</strong></span> <span class='ocrx_word' id='word_1_521' title='bbox 2809 5021 2866 5084; x_wconf 89' lang='lat' dir='ltr'><strong>ei</strong></span> <span class='ocrx_word' id='word_1_522' title='bbox 2935 5021 3142 5084; x_wconf 89' lang='lat' dir='ltr'><strong>solum</strong></span> <span class='ocrx_word' id='word_1_523' title='bbox 3198 5039 3313 5103; x_wconf 90' lang='lat' dir='ltr'><strong>per</strong></span> <span class='ocrx_word' id='word_1_524' title='bbox 3366 5039 3511 5084; x_wconf 89' lang='lat' dir='ltr'><strong>cau·</strong></span> 
     </span>
     <span class='ocr_line' id='line_1_92' title="bbox 2010 5119 3505 5202; baseline -0.002 -17"><span class='ocrx_word' id='word_1_525' title='bbox 2010 5141 2170 5196; x_wconf 88' lang='lat' dir='ltr'><strong>sam,</strong></span> <span class='ocrx_word' id='word_1_526' title='bbox 2219 5129 2291 5184; x_wconf 87' lang='lat' dir='ltr'><strong>ut</strong></span> <span class='ocrx_word' id='word_1_527' title='bbox 2343 5121 2592 5184; x_wconf 88' lang='lat' dir='ltr'><strong>dicatur</strong></span> <span class='ocrx_word' id='word_1_528' title='bbox 2637 5121 2864 5193; x_wconf 91' lang='lat' dir='ltr'><strong>bonus,</strong></span> <span class='ocrx_word' id='word_1_529' title='bbox 2907 5119 3182 5202; x_wconf 85' lang='lat' dir='ltr'><strong>sapiens,</strong></span> <span class='ocrx_word' id='word_1_530' title='bbox 3226 5127 3505 5194; x_wconf 81' lang='lat' dir='ltr'><strong>sanctuS,</strong></span> 
     </span>
     <span class='ocr_line' id='line_1_93' title="bbox 2013 5217 3503 5302; baseline 0.001 -20"><span class='ocrx_word' id='word_1_531' title='bbox 2013 5220 2156 5285; x_wconf 92' lang='lat' dir='ltr'><strong>ideo</strong></span> <span class='ocrx_word' id='word_1_532' title='bbox 2187 5227 2436 5282; x_wconf 87' lang='lat' dir='ltr'><strong>tantum</strong></span> <span class='ocrx_word' id='word_1_533' title='bbox 2467 5219 2774 5302; x_wconf 90' lang='lat' dir='ltr'><strong>quoniam</strong></span> <span class='ocrx_word' id='word_1_534' title='bbox 2814 5237 3004 5282; x_wconf 88' lang='lat' dir='ltr'><strong>causa</strong></span> <span class='ocrx_word' id='word_1_535' title='bbox 3043 5226 3138 5281; x_wconf 91' lang='lat' dir='ltr'><strong>est</strong></span> <span class='ocrx_word' id='word_1_536' title='bbox 3179 5217 3503 5294; x_wconf 85' lang='lat' dir='ltr'><strong>bonitatis,</strong></span> 
     </span>
    </p>
   </div>
  </div>
 </body>
</html>
