4300 6259
40 3170 139 3215 λετ.
153 3170 335 3221 xxm,5.

122 3364 249 3405 latei,
287 3365 335 3403 6.

102 3963 168 4007 1⁸.
196 3976 259 4014 ιι,
281 3964 331 4004 6.

966 515 1047 561 DE
1088 514 1313 561 mmm:
1354 511 1736 559 cumsnANAE
1775 508 2078 568 THEORIAE,
2122 512 2300 558 LIBER
2341 512 2404 557 n.
2451 530 2530 541 ·-
2571 514 2710 559 Am·-
2757 514 2864 559 xxt

3355 494 3476 559 413

362 692 529 749 trem
571 685 682 749 tali
735 684 1057 768 agnitione
1098 684 1175 747 de
1215 702 1341 766 qua
1390 681 1858 765 praeinductum
1893 679 1945 744 A
1978 680 2041 743 in
2074 680 2267 744 rebus
2299 682 2526 745 creatis
2558 682 2880 765 perfectus
2910 682 3086 757 ordo,
3121 682 3232 764 qui
3261 688 3475 744 tamen

362 784 807 848 testimonium
854 783 1342 865 intelligendum
1386 790 1502 845 est.
1555 779 1865 863 Loquitur

362 902 597 966 nempe
654 884 734 947 de
792 882 1075 965 perfecta
1129 879 1705 962 comprehensione
1762 898 1865 961 pa-

362 990 559 1045 ternae
604 990 847 1045 naturae
889 998 903 1042 ε
938 1000 1129 1064 quam
1175 979 1393 1043 nullus
1437 985 1666 1061 praeter
1706 976 1865 1040 divi-

364 1100 515 1143 num
576 1080 976 1144 intellectum
1026 1078 1309 1163 perfecte
1356 1076 1861 1159 comprehendit,

362 1187 433 1239 ut
462 1178 633 1241 infra
663 1179 925 1262 patebit.
950 1178 1085 1241 Non
1116 1195 1269 1258 ergo
1298 1181 1591 1239 nosceret
1618 1175 1861 1237 Patrem

363 1278 561 1339 Filius
606 1277 727 1339 hoc
765 1276 983 1353 modo,
1021 1276 1073 1337 si
1120 1283 1408 1337 creatura
1452 1280 1641 1335 esset.
1688 1272 1864 1346 Quod

362 1376 415 1438 si
484 1376 678 1437 Arius
744 1375 915 1438 dicat
983 1373 1253 1437 verbum
1320 1371 1665 1453 allegatum
1736 1388 1862 1432 non

360 1480 657 1556 oportere
715 1472 921 1556 accipi
980 1472 1059 1535 de
1117 1470 1400 1554 perfecta
1456 1468 1865 1551 comprehen-

362 1573 540 1635 sione
580 1571 717 1646 Dei,
751 1579 907 1633 tunc
947 1570 1139 1633 etiam
1182 1588 1405 1632 omnes
1449 1567 1715 1649 spiritus
1758 1566 1863 1629 be-

362 1670 447 1731 ati
494 1678 853 1751 agnoscunt
902 1669 1172 1741 Patrem,
1227 1666 1521 1750 quamvis
1570 1665 1652 1727 sit
1700 1664 1867 1727 inter

362 1786 469 1830 eos
510 1767 689 1831 ordo.

1976 787 2073 841 est
2120 780 2420 863 proprius
2477 780 2752 845 effectus
2799 800 3068 845 summae
3125 780 3471 863 sapientiae.

1977 876 2112 939 Non
2159 886 2256 941 est
2299 896 2450 960 ergo
2497 898 2679 943 mens
2724 879 2932 963 prima
2985 885 3196 942 creata
3247 877 3476 941 ceteris

1978 976 2069 1037 sic
2108 976 2520 1041 vehementer
2560 976 2954 1059 praeferenda
2989 976 3255 1058 angelis,
3289 983 3361 1038 ut
3388 975 3478 1037 di·

1978 1082 2160 1136 catur
2201 1074 2572 1157 unigenitus
2617 1074 2813 1137 Filius
2852 1074 2964 1138 Dei
2999 1092 3013 1137 :
3049 1074 3200 1137 licet
3241 1074 3477 1157 primo-

1978 1173 2234 1253 genitus
2291 1172 2418 1235 dici
2479 1172 2697 1255 possit.
2763 1173 3050 1236 Christus
3109 1180 3321 1235 autem
3381 1178 3480 1233 est

1982 1271 2356 1352 Unigenitus
2389 1272 2522 1345 Dei,
2557 1272 2724 1334 sicut
2764 1271 2828 1333 in
2859 1271 3192 1352 evangelio
3218 1270 3477 1334 Joannis

1980 1368 2216 1430 dicitur
2267 1386 2280 1430 :
2331 1369 2623 1431 Vidimus
2669 1369 2936 1449 gloriam
2994 1369 3157 1451 ejus,
3209 1369 3474 1451 gloriam
3545 1380 3768 1432 Joann.1‚

1982 1466 2163 1549 quasi
2207 1466 2524 1548 Unigeniti
2567 1486 2604 1529 a
2645 1466 2841 1531 Patre.
3511 1446 3575 1488 ¹⁴·

2061 1567 2303 1640 Denuo,
2357 1566 2524 1649 quod
2576 1566 2732 1629 dicit
2779 1574 2988 1631 cetera
3033 1585 3174 1629 esse
3222 1566 3478 1629 condita

1980 1664 2216 1729 virtute
2259 1664 2454 1744 hujus
2496 1664 2686 1727 Verbi
2732 1664 2844 1728 Dei
2888 1666 3104 1740 creati,
3153 1666 3216 1727 in
3269 1665 3477 1749 primo
3525 1683 3772 1735 artum,

1980 1782 2149 1845 saepe
2195 1772 2522 1827 ostensum
2566 1772 2663 1827 est
2705 1764 3109 1847 impossibile
3150 1763 3304 1827 fore.
3339 1764 3478 1828 lllic
3505 1754 3617 1788 ¹⁶⁷¹·

440 1866 773 1940 Praeterea,
806 1866 885 1928 ad
917 1866 1231 1930 Romanos
1262 1863 1571 1938 scribenS,
1593 1862 1685 1924 ait
1704 1863 1867 1944 Apo·
1904 1863 1952 1927 B
1982 1864 2158 1927 enim
2225 1862 2381 1926 olim
2441 1864 2785 1926 deductum
2845 1873 2962 1939 est,
3023 1865 3194 1946 quod
3257 1882 3479 1927 creare

201 2000 269 2030 ιι.
322 1966 563 2027 .stolus
594 1982 609 2027 ε
644 1966 733 2027 De
772 1963 1009 2047 quibus
1048 1970 1145 2026 est
1185 1962 1473 2027 Christus
1512 1960 1868 2025 secundum

362 2082 647 2137 carnem,
699 2063 812 2145 qui
871 2070 969 2127 est
1025 2081 1221 2145 super
1277 2062 1495 2124 omnia
1539 2060 1705 2123 Deus
1764 2060 1869 2123 be-

362 2161 659 2223 nedictus
703 2160 769 2223 in
814 2160 1065 2225 saecula.
1115 2160 1189 2222 Et
1232 2158 1465 2221 iterum
1514 2156 1593 2220 ad
1635 2157 1867 2239 Philip-

362 2278 597 2343 penses
636 2258 746 2333 ait,
795 2258 963 2340 quod
1018 2258 1217 2322 Filius
1260 2266 1605 2341 antequam
1650 2276 1717 2320 se
1760 2275 1865 2319 ex·

364 2358 639 2421 inaniret
675 2356 945 2421 formam
980 2358 1147 2421 servi
1186 2357 1532 2439 accipienS,
1568 2356 1631 2419 in
1662 2355 1869 2419 forma

362 2456 476 2519 Dei
506 2464 661 2519 erat.
690 2454 765 2517 Et
797 2455 1029 2537 palam,
1054 2455 1223 2537 quod
1254 2454 1421 2517 sicut
1452 2473 1565 2536 per
1594 2453 1867 2517 formam

365 2556 532 2618 servi
594 2553 916 2636 accipitur
972 2561 1197 2615 natura
1253 2553 1555 2627 humana,
1606 2552 1699 2615 sic
1754 2570 1869 2634 per

362 2654 638 2717 formam
662 2653 775 2715 Dei
804 2652 1023 2716 divina
1053 2661 1279 2715 natura
1308 2651 1720 2733 intelligenda
1750 2659 1865 2714 est.

362 2753 599 2834 Aperte
652 2752 848 2831 igitur
888 2750 1251 2825 innotescit,
1296 2750 1466 2833 quod
1514 2750 1869 2814 secundum

363 2850 723 2913 doctrinam
767 2850 1201 2931 apostolicam,
1248 2849 1332 2911 sit
1372 2848 1659 2913 Christus
1706 2849 1873 2911 Deus

364 2968 583 3023 veruS,
635 2956 698 3011 et
756 2965 883 3011 non
943 2967 1105 3032 pura
1152 2957 1461 3011 creatura.
1516 2947 1631 3011 Cui
1680 2946 1873 3010 etiam

366 3048 677 3111 doctrina>
735 3064 945 3129 neque
997 3046 1371 3129 prophetica
1416 3045 1646 3109 desunt
1704 3044 1876 3107 testi·
1912 3044 2110 3111 Galia
2167 3046 2357 3123 fiunt,
2409 3047 2794 3131 praeexsistit
2851 3046 2980 3109 illis
3034 3065 3048 3109 :

367 3146 607 3208 monia.
640 3146 709 3208 In
739 3144 1013 3208 Ieremia
1050 3144 1287 3207 etenim
1329 3143 1634 3207 scribitur
1665 3162 1679 3205 :
1716 3144 1877 3206 Ecce

367 3245 507 3307 dies
556 3242 849 3317 veniunt,
894 3250 959 3305 et
1006 3243 1329 3306 suscitabo
1368 3242 1563 3305 David
1611 3260 1873 3324 germen

362 3344 639 3425 justum,
685 3348 805 3404 etc.
855 3341 933 3403 Et
976 3349 1119 3424 post
1162 3360 1363 3424 pauca
1411 3358 1425 3403 z
1472 3341 1549 3403 Et
1591 3341 1713 3404 hoc
1754 3347 1872 3414 est,

366 3440 605 3522 inquit,
655 3455 890 3501 nomen
938 3438 1109 3520 quod
1158 3437 1477 3500 vocabunt
1533 3456 1705 3512 eum,
1757 3437 1871 3500 Do—

365 3539 590 3601 minus
654 3537 867 3618 justus
924 3543 1157 3598 noster.
1211 3538 1282 3599 ln
1339 3535 1601 3599 Hebraeo
1658 3543 1871 3598 autem

362 3636 641 3700 habetur
670 3653 905 3699 nomen
934 3642 1529 3716 tetragrammaton:
1554 3635 1722 3717 quod
1754 3634 1871 3697 soli

364 3736 498 3798 Deo
535 3733 1021 3817 appropriatum
1064 3740 1177 3795 est.
1214 3733 1325 3795 Est
1364 3750 1515 3814 ergo
1552 3732 1733 3795 filius
1762 3733 1875 3796 Da-

364 3835 476 3898 vid
520 3835 705 3897 lesus
749 3832 1061 3907 ChristuS,
1102 3851 1293 3896 verus
1336 3834 1522 3895 Deus.
1568 3832 1643 3894 Et
1682 3832 1875 3895 Isaias

368 3932 670 4017 praedixit
722 3950 997 4013 puerum
1048 3931 1234 3993 illum
1286 3932 1397 4013 qui
1446 3930 1633 3994 nobis
1691 3932 1875 3995 datus

366 4042 491 4107 est,
535 4030 991 4113 appellandum
1026 4048 1166 4093 esse
1211 4031 1435 4103 Deum,
1468 4029 1739 4104 Fortem,
1773 4031 1877 4093 Pa-

364 4140 537 4194 trem
568 4127 770 4192 futuri
802 4128 1048 4203 saeculi,
1082 4135 1147 4191 et
1176 4128 1537 4211 Principem
1570 4129 1763 4211 pacis.

1982 1963 2065 2025 sit
2112 1963 2240 2025 Deo
2282 1963 2787 2045 appropriat-um.
2835 1962 2956 2026 Sed
3005 1963 3220 2027 dicere
3266 1970 3482 2046 posset

1981 2061 2274 2135 ArianuS,
2336 2062 2506 2144 quod
2565 2061 2764 2125 Filius
2824 2061 2890 2123 in
2947 2062 3184 2125 virtute
3243 2062 3480 2125 summi

1981 2158 2182 2221 Patris
2227 2160 2349 2222 hoc
2399 2168 2542 2240 agat
2589 2159 2768 2223 velut
2815 2160 3008 2242 primi
3068 2159 3327 2243 opificis
3383 2160 3480 2222 in-

1982 2264 2497 2330 strumentum,et
2525 2275 2652 2321 non
2683 2258 2848 2320 sicut
2880 2258 3234 2341 principale
3261 2276 3474 2340 agens.

1983 2356 2288 2439 Sequitur
2331 2374 2503 2439 erge,
2555 2356 2724 2439 quod
2773 2356 2972 2419 Filius
3019 2357 3293 2420 creando
3349 2375 3476 2420 non

1982 2455 2113 2536 agit
2154 2473 2270 2538 per
2309 2474 2398 2529 se,
2433 2473 2642 2537 neque
2679 2462 2750 2518 ut
2786 2455 3144 2538 principale
3183 2473 3477 2538 operans.

1984 2554 2104 2616 Sed
2144 2553 2265 2617 hoc
2306 2553 2518 2636 ipsum
2559 2572 2637 2616 ex
2676 2553 2874 2617 verbo
2911 2553 3188 2628 Domini,
3221 2554 3480 2617 Joannis

1983 2654 2231 2736 quinte,
2252 2660 2499 2716 constat
2527 2651 2760 2715 falsum
2791 2672 2949 2716 esse.
2971 2653 3074 2715 Ait
3103 2653 3276 2716 enim
3307 2653 3477 2717 illic:

1984 2753 2412 2835 Quaecumque
2457 2751 2608 2814 facit
2646 2752 2847 2827 Pater,
2879 2752 3016 2816 haec
3057 2760 3122 2815 et
3159 2752 3356 2815 Filius
3399 2752 3480 2814 si·
3544 2768 3775 2820 amna,

1986 2852 2226 2913 militer
2281 2849 2452 2913 facit.
2508 2850 2672 2932 Ergo
2728 2869 2909 2933 aeque
2966 2850 3411 2933 principaliter
3462 2832 3578 2913 1¹⁹·

1984 2950 2156 3031 quod
2185 2950 2373 3012 Arius
2411 2950 2687 3031 negavit.
2721 2950 3011 3033 Insuper,
3047 2950 3109 3011 id
3155 2968 3271 3032 per
3311 2950 3481 3032 quod

3105 3067 3254 3110 nam
3313 3048 3483 3131 quod

1986 3165 2113 3210 non
2172 3154 2290 3221 est,
2350 3162 2477 3209 non
2535 3152 2635 3209 est
2699 3145 2984 3209 medium
3051 3146 3300 3227 agendi.
3364 3147 3483 3209 Sed

1981 3245 2242 3308 Joannis
2300 3244 2512 3327 primo
2569 3244 2882 3326 scriptum
2949 3252 3046 3307 est
3109 3245 3188 3307 de
3247 3245 3406 3308 Filio
3466 3263 3481 3309 τ

1985 3344 2210 3407 Omnia
2250 3363 2364 3426 pcr
2402 3343 2616 3426 ipsum
2658 3343 2824 3405 facta
2861 3350 3032 3417 sunt,
3065 3350 3130 3405 et
3166 3343 3306 3407 sine
3345 3343 3486 3427 ipso
3519 3369 3679 3421 mad,
3709 3370 3750 3412 a.

1984 3441 2226 3505 factum
2269 3450 2368 3505 est
2409 3441 2592 3505 nihil.
2628 3442 2762 3505 Non
2807 3449 2905 3503 est
2943 3460 3095 3524 ergo
3134 3442 3329 3505 Filius
3374 3443 3484 3505 Dei

1984 3541 2190 3605 factus
2235 3560 2346 3605 seu
2391 3548 2640 3605 creatus
2685 3557 2698 3603 :
2739 3540 2977 3623 alioqui
3031 3540 3263 3605 fuisset
3316 3548 3487 3605 ante-

1984 3660 2178 3725 quam
2222 3639 2470 3704 fuisset.

2064 3739 2382 3821 AmpliuS,
2429 3739 2599 3823 quod
2647 3737 2928 3801 Verbum
2973 3737 3084 3801 Dei
3135 3739 3298 3801 dixit
3345 3758 3486 3803 esse

1985 3838 2236 3921 corpori
2298 3837 2528 3901 Christi
2592 3836 2732 3899 loco
2798 3836 3028 3899 animae
3087 3837 3364 3911 unitum,
3424 3846 3489 3900 et

1984 3935 2392 4020 passionibus
2459 3935 2817 4017 ceterisque
2883 3940 3124 3998 naturae
3189 3935 3487 3999 humanae

1985 4034 2346 4099 defectibus
2393 4032 2725 4107 affectum,
2779 4031 3116 4095 manifeste
3175 4040 3487 4116 repugnat

1988 4132 2370 4196 beatitudini
2401 4131 2541 4193 Filii
2575 4130 2705 4193 Dei.
2741 4129 3072 4193 Beatitudo
3111 4130 3352 4214 quippe
3389 4138 3487 4193 est

449 4228 765 4311 Denique,
814 4226 985 4310 quod
1032 4227 1223 4289 Arius
1284 4226 1538 4302 Filium,
1590 4236 1873 4289 creatum
1906 4229 1955 4290 D
1990 4230 2186 4294 finale
2244 4230 2508 4303 bonum,
2559 4237 2623 4292 et
2669 4229 2960 4312 quietum
3021 4228 3262 4291 faciens
3321 4229 3485 4293 desi-

364 4326 729 4391 secundum
774 4343 945 4399 eum,
979 4326 1208 4388 ceteris
1253 4326 1561 4388 creaturis
1604 4334 1733 4388 tam
1776 4344 1879 4389 ve-

364 4428 711 4489 hementer
759 4424 1063 4508 praetulit,
1115 4432 1185 4486 ut
1232 4424 1425 4487 etiam
1478 4431 1722 4487 ceteros
1768 4444 1876 4487 an-

362 4526 549 4607 gelos
598 4522 978 4596 condiderit,
1030 4522 1303 4584 naturali
1354 4522 1580 4585 rationi
1633 4531 1876 4585 contra·

366 4626 547 4687 rium
578 4631 695 4686 est.
730 4622 887 4685 Nam
928 4620 1378 4704 multipliciter
1411 4628 1739 4685 ostensum
1779 4630 1875 4684 est

228 4760 323 4789 xm.
368 4725 439 4785 in
474 4722 706 4805 prim0,
739 4721 911 4803 quod
951 4720 1105 4783 ordo
1144 4728 1241 4782 est
1279 4720 1547 4783 intimus
1575 4719 1789 4795 rebus,
1813 4728 1877 4784 et

362 4822 545 4905 quod
590 4819 837 4903 species
870 4838 1085 4881 rerum
1128 4838 1197 4881 se
1242 4817 1479 4881 habent
1522 4819 1721 4881 instar
1764 4838 1876 4880 nu-

366 4937 722 4983 merorum.
746 4917 1023 4999 Ideoque
1055 4917 1223 4979 sicut
1254 4917 1676 4998 intelligentia
1704 4917 1875 4980 tertii

360 5018 619 5083 ordinis
650 5036 719 5079 se
758 5015 953 5078 habet
987 5016 1063 5077 ad
1108 5015 1593 5096 intelligentiam
1634 5016 1877 5078 ordinis

360 5117 665 5191 secundi,
699 5116 791 5179 sic
838 5132 907 5177 se
947 5114 1139 5177 babet
1176 5113 1599 5195 intelligentia
1633 5115 1878 5177 ordinis

360 5215 641 5280 secundi
674 5216 751 5277 ad
787 5214 1062 5297 primam
1096 5219 1381 5275 mentem
1412 5214 1732 5276 conditam
1764 5233 1876 5277 seu

358 5316 653 5403 primam
704 5311 1191 5393 intelligentiam
1240 5329 1255 5375 ε
1302 5311 1488 5375 aliter
1535 5330 1663 5377 non
1712 5321 1880 5377 esset

1990 4332 2238 4393 derium
2307 4329 2497 4391 beati.
2571 4326 2845 4391 Omnino
2911 4345 3061 4408 ergo
3129 4328 3486 4391 innaturale

1988 4427 2218 4491 fuisset
2245 4426 2453 4490 Verbo
2500 4426 2610 4488 Dei
2650 4425 2849 4507 (quod
2898 4425 3088 4488 etiam
3131 4426 3484 4489 secundum

1988 4527 2234 4601 Arium,
2268 4526 2516 4588 cunctis
2545 4524 2790 4605 angelis
2821 4524 3023 4587 multo
3056 4523 3309 4586 felicius
3338 4526 3484 4604 est),

1988 4625 2240 4707 corpori
2298 4624 2655 4687 formaliter
2722 4622 2916 4696 uniri,
2979 4623 3298 4704 tantisque
3362 4627 3488 4685 tor-

1990 4724 2223 4785 mentis
2272 4721 2470 4784 affici.
2520 4722 2765 4795 Adbuc,
2817 4720 3024 4783 forma
3075 4739 3216 4803 quae
3264 4738 3486 4783 secun·

1988 4823 2139 4884 dum
2174 4822 2496 4904 propriam
2541 4829 2832 4883 naturam
2878 4828 2974 4883 est
3012 4839 3050 4882 a
3083 4838 3348 4903 corpore
3387 4839 3482 4883 se-

1987 4928 2224 5004 parat-a,
2250 4920 2501 4982 videtur
2527 4918 2778 4982 felicior
2805 4937 2944 4981 esse
2974 4927 3262 5001 separata
3289 4937 3482 5001 quam

1988 5017 2341 5083 formaliter
2371 5017 2731 5098 conjuncta.
2769 5017 2889 5079 Sed
2919 5025 3144 5081 natura
3172 5018 3478 5100 angelica,

1986 5125 2049 5180 et
2093 5116 2424 5198 potissime
2467 5121 2690 5177 natura
2729 5113 2943 5189 Verbi,
2977 5116 3328 5178 secundum
3375 5134 3480 5177 na-

1986 5223 2197 5278 turam
2240 5233 2277 5276 a
2320 5230 2584 5295 corpore
2625 5213 2850 5275 saltem
2894 5212 3175 5276 humano
3221 5231 3482 5296 prorsus

1990 5320 2280 5398 separata
2307 5320 2423 5376 est.
2457 5312 2596 5376 Non
2626 5329 2776 5395 ergo
2807 5311 3106 5376 convenit
3132 5311 3340 5377 Verbo
3369 5313 3482 5377 Dei
