4300 6259
1370 501 1793 550 nummulo
1834 497 2232 548 mtotoctca.
2279 517 2360 528 -·-
2401 499 2480 546 DE
2522 497 2780 548 attentis

3509 473 3628 540 169

514 672 682 755 quia
736 673 1095 737 secundum
1152 689 1285 748 eoS,
1330 671 1557 754 Angeli
1614 669 2107 735 nominanturA
2134 667 2510 732 insessionis
2553 667 2728 732 illius
2775 687 2894 752 per
2934 665 3464 750 tranquillitatem
3515 663 3630 724 im·

514 772 645 854 qui
672 771 971 836 nuntiant
1000 772 1299 852 minima;
1318 769 1721 852 Archangeli,
1752 769 1867 852 qui
1898 787 2029 830 ma-

509 868 1041 950 jora3Virtutes‚
1086 870 1154 932 hi
1194 888 1309 953 per
1348 887 1511 952 quos
1552 867 1863 932 miracula
1904 866 2027 930 fre-

512 968 831 1050 quentius
861 967 1072 1048 fiunt3
1102 968 1469 1040 Potestates,
1490 966 1601 1050 qui
1632 964 2027 1028 adversarios

512 1067 893 1149 reprimunt
930 1067 1239 1150 spiritus3
1270 1065 1669 1147 Prmcipatus
1704 1081 1881 1138 vero,
1914 1062 2027 1145 qui

512 1173 589 1227 et
618 1165 997 1230 hominibus
1028 1172 1309 1248 praesunt
1334 1181 1353 1244 ;
1382 1162 1881 1236 nominationes,
1914 1161 2025 1244 qui

510 1263 775 1346 angelis
820 1263 1159 1346 imperant.

876 1470 1397 1538 PROPOSITIO
1434 1469 1677 1534 LXIX.

602 1654 1073 1734 Asstgnatto
1092 1653 1637 1720 &sanctionis
1655 1652 2027 1720 ordinum

506 1753 1075 1832 ang-ancorum
1156 1765 1203 1818 a
1282 1751 1560 1817 dlv-ino
1641 1751 2025 1832 D1onys1o

2137 767 2468 844 mobilem,
2519 769 2685 832 sicut
2731 787 2880 832 vere
2927 765 3177 840 deiferi,
3230 762 3632 828 familiariter

2132 867 2264 950 apti
2313 866 2391 930 ad
2441 866 2912 949 susceptionem
2965 864 3468 948 superadventus
3517 859 3629 924 Dei

2134 967 2202 1028 in
2247 966 2438 1049 ipsos.

2213 1063 2502 1148 insuper,
2545 1081 2779 1128 nomen
2829 1063 3346 1127 Dominationum
3389 1057 3635 1142 signifi·

2131 1169 2234 1224 cat
2262 1163 2327 1225 in
2358 1162 2695 1245 spiritibus
2726 1161 2902 1225 chori
2935 1161 3106 1224 illius
3136 1161 3202 1222 in
3234 1158 3440 1222 media
3468 1157 3636 1220 hier·

2130 1261 2348 1324 archia
2388 1259 2697 1344 supremi,
2731 1259 3092 1323 libertatem
3133 1257 3522 1340 praecipuam
3553 1253 3634 1319 ab

2132 1359 2308 1421 omni
2341 1359 2648 1422 servitute
2679 1357 2942 1440 indigna
2971 1355 3498 1438 subjectioneque
3546 1353 3636 1416 in·

2132 1457 2408 1530 decenti,
2459 1475 2534 1520 ac
2583 1456 3158 1540 promptitudinem
3214 1454 3292 1517 ad
3351 1471 3634 1515 sursum·

2132 1553 2470 1618 ferendum
2521 1573 2636 1638 per
2684 1555 2958 1638 primam
3007 1551 3432 1616 hierarchiam
3485 1568 3498 1613 :
3545 1550 3634 1612 ita

2132 1654 2304 1735 quod
2337 1651 2850 1716 indissolubilem
2879 1651 3082 1715 sortiti
3115 1657 3262 1714 sunt
3294 1648 3631 1713 dominati-

2132 1769 2324 1815 onem
2363 1770 2558 1833 super
2593 1751 2852 1833 angelos
2893 1749 3226 1814 inferiores
3271 1767 3361 1821 se,
3395 1746 3632 1830 quibus

504 1851 855 1932 tradita,
924 1851 1197 1918 verior
1284 1849 1821 1932 subtiliorque
1884 1850 2023 1914 ·v1·
2056 1855 2105 1920 B
2134 1849 2608 1912 ordinatissime
2667 1857 2968 1932 praesunt,
3021 1866 3136 1931 per
3193 1847 3630 1909 reductionem

502 1951 781 2017 detur.

602 2047 785 2122 Quod
831 2055 951 2121 est,
1003 2045 1307 2130 quoniam
1358 2046 1496 2129 ipse
1544 2045 1711 2110 inter
1768 2045 2025 2110 ordines

504 2145 703 2228 ipsos
750 2144 1085 2225 distinguit
1130 2163 1208 2208 ex
1254 2143 1625 2206 acutissima
1672 2143 2027 2208 considera·

504 2244 705 2306 tione
764 2242 1257 2324 significationis
1314 2243 1651 2305 nominum
1712 2260 1829 2326 per
1882 2261 2026 2325 quae

510 2341 657 2424 ipsi
689 2341 945 2405 ordines
986 2341 1421 2423 designantur,
1454 2346 1517 2403 et
1547 2349 1737 2424 prout
1764 2360 1801 2403 a
1832 2339 2026 2422 magi·

512 2447 667 2502 stro
704 2457 839 2513 suo,
880 2439 1253 2503 beatissimo
1298 2437 1513 2512 Paulo,
1552 2439 1819 2521 accepit.
1868 2439 2025 2500 Hinc

454 2593 473 2605 .
514 2539 595 2600 in
630 2537 797 2600 libro
824 2538 903 2601 de
929 2536 1231 2619 Angelica
1268 2537 1627 2600 hierarchia
1670 2535 1828 2599 dicit
1860 2554 1875 2598 :
1906 2536 2025 2600 No-

514 2655 685 2698 men
724 2636 865 2710 hoc,
898 2635 1255 2717 Seraphim,
1286 2634 1543 2698 denotat
1582 2635 1647 2696 in
1692 2634 2027 2717 spiritibus

506 2734 661 2796 illis
721 2731 911 2816 primi
970 2731 1235 2806 ordiniS,
1284 2731 1665 2795 incessabile
1720 2731 2029 2794 calidissi-

506 2849 839 2914 mumque
868 2849 1141 2894 acumen
1170 2830 1341 2894 circa
1368 2829 1692 2904 divina,et
1720 2831 2025 2893 exceden-

498 2938 659 2993 tem
728 2929 1041 2992 fervorem
1120 2927 1527 3012 sempiternae
1594 2928 1892 2992 motionis
1960 2929 2024 2991 in

2132 1965 2356 2010 eorum
2385 1947 2464 2010 ad
2497 1948 2690 2011 totius
2721 1947 2990 2010 dominii
3022 1945 3266 2009 fontem
3295 1963 3370 2007 ac
3400 1943 3634 2026 princi-

2133 2067 2304 2131 pem,
2329 2047 2433 2109 cui
2464 2065 2533 2109 se
2565 2046 2737 2129 ipsos
2767 2053 2834 2108 et
2863 2045 3006 2109 illos
3024 2044 3262 2127 quibus
3292 2043 3634 2126 praesident

2130 2144 2486 2208 assimilare
2547 2145 2888 2207 intendunt
2953 2151 3018 2206 et
3083 2147 3378 2224 satagunt
3435 2141 3635 2203 inces-

2132 2243 2560 2316 santer,nulla
2589 2248 2803 2304 tamen
2834 2241 3165 2324 tyrannica
3194 2239 3628 2322 oppressione.

2134 2341 2442 2424 Denique,
2511 2358 2744 2404 nomen
2805 2340 3126 2403 Virtutum
3210 2338 3500 2420 designat
3566 2337 3630 2398 in

2134 2439 2468 2522 spiritibus
2509 2438 2688 2502 chori
2719 2438 2892 2500 illius
2923 2437 3248 2500 robustam
3279 2444 3344 2499 et
3373 2453 3632 2518 prorsus

2132 2538 2470 2601 efficacem
2514 2537 2958 2600 fortitudinem
2999 2535 3336 2599 exercendi
3382 2542 3446 2597 et
3490 2551 3632 2616 pro·

2132 2637 2442 2719 sequendi
2501 2653 2693 2698 omne
2742 2635 2912 2717 quod
2961 2651 3182 2696 eorum
3231 2631 3439 2695 ordini
3487 2649 3634 2695 con-

2130 2735 2326 2816 gruit,
2355 2734 2538 2815 juxta
2567 2733 2736 2796 vires
2767 2739 2832 2795 et
2857 2731 3092 2812 gratias
3122 2729 3358 2812 quibus
3387 2728 3632 2793 Altissi·

2134 2850 2242 2896 mo
2271 2830 2796 2909 conformantur3
2827 2848 2946 2892 nec
2988 2847 3268 2911 unquam
3312 2825 3632 2891 debilitari

2132 2939 2240 2994 aut
2273 2929 2576 2993 minorari
2609 2929 2675 2991 in
2705 2927 2964 3002 talibuS,
3004 2927 3134 2990 imo
3171 2927 3252 2990 ad
3291 2925 3634 3008 supersub-

498 3030 753 3102 Deum,
785 3026 849 3088 in
888 3045 1083 3110 quem
1122 3025 1545 3089 attentissime
1586 3033 1650 3088 et
1694 3025 2027 3089 irremissi-
2053 3033 2097 3097 C
2133 3028 2494 3092 stantialem
2533 3027 2646 3090 Dei
2684 3027 2992 3089 virtutem
3031 3026 3322 3106 vigorose
3361 3022 3630 3087 sustolli.

498 3127 743 3190 biliter
770 3134 834 3188 et
862 3124 1489 3207 superfervidissime
1528 3123 2021 3200 transferuntur,

500 3243 855 3306 nunquam
896 3223 963 3284 in
1010 3223 1185 3285 aliud
1234 3220 1658 3286 desiderabile
1706 3223 2025 3285 declinan-

500 3332 639 3386 tes.
675 3320 1005 3403 Significat
1034 3337 1288 3402 quoque
1320 3319 1439 3383 hoc
1478 3337 1711 3382 nomen
1760 3319 1823 3381 in
1866 3319 2023 3402 ipsis

500 3419 1007 3483 clarificativam
1048 3425 1113 3480 et
1150 3417 1647 3480 illuminativam
1693 3417 2019 3491 virtutem,

498 3537 651 3601 qua
684 3516 1017 3579 inferiores
1046 3515 1307 3598 angelos
1338 3521 1631 3598 purgant,
1658 3515 2025 3578 illuminant

498 3635 593 3680 ac
626 3615 755 3678 sibi
786 3613 1162 3686 assimilant,
1195 3631 1268 3676 ac
1302 3613 1505 3694 magis
1548 3613 1909 3676 accendunt
1944 3632 2021 3676 ex

500 3712 1031 3778 consideratione
1074 3713 1303 3776 horum
1344 3730 1485 3794 quae
1527 3711 1655 3773 illis
1695 3710 2019 3791 revelant3

498 3821 581 3876 et
630 3818 945 3894 quantum
993 3810 1073 3872 ad
1120 3810 1263 3884 hoc,
1306 3809 1481 3892 ipsos
1530 3809 1594 3871 in
1645 3808 1773 3872 Deo
1824 3809 2022 3891 magis

498 3909 967 3992 simplificant,
1012 3908 1329 3971 reducunt
1370 3925 1443 3969 ac
1490 3907 1719 3988 figunt.
1752 3907 1832 3969 At
1872 3924 2025 3970 vero

500 4026 761 4072 nomen
822 4004 1165 4070 Cherubim
1232 4004 1516 4068 insinuat
1574 4005 1638 4066 in
1698 4004 2023 4068 mentibus

498 4105 706 4170 chori
752 4104 927 4167 illius
983 4104 1117 4166 vim
1174 4100 1563 4166 excellenter
1610 4101 2021 4184 cognitivum,

2132 3127 2376 3190 Nomen
2408 3127 2600 3188 etiam
2633 3125 3016 3187 Potestatum
3063 3124 3286 3206 pandit
3315 3123 3380 3186 in
3413 3121 3636 3186 menti-

2134 3225 2255 3287 bus
2287 3224 2464 3286 chori
2509 3223 2682 3285 illius
2719 3240 2861 3286 esse
2898 3222 3030 3284 vim
3067 3221 3476 3294 ordinariam,
3510 3239 3636 3303 qua

2134 3320 2678 3384 inconfusibiliter
2705 3320 3158 3383 coordinantur
3186 3318 3542 3382 Virtutibus
3573 3326 3636 3382 et

2134 3418 2712 3492 DominationibuS,
2757 3426 2948 3500 atque
2990 3418 3070 3480 ad
3115 3417 3503 3480 influxiones
3545 3416 3634 3479 di·

2133 3518 2315 3579 vinas
2353 3533 2471 3580 suo
2509 3515 2718 3579 ordini
2760 3523 3218 3598 competentes,
3260 3523 3632 3578 connatura-

2136 3615 2282 3678 liter
2343 3631 2598 3697 quoque
2657 3613 2726 3676 s'e
2784 3613 3022 3677 habent
3075 3614 3154 3677 ad
3211 3612 3632 3676 hierarchiam

2134 3720 2533 3795 sequentem,
2559 3719 2630 3774 ut
2657 3731 2798 3776 eam
2831 3712 2954 3775 sibi
2987 3710 3389 3775 conforment
3420 3719 3636 3793 quate-

2136 3831 2258 3874 nus
2289 3830 2486 3893 capax
2519 3819 2637 3884 est,
2670 3811 3176 3892 sursumagendo
3207 3810 3384 3872 illam
3417 3817 3636 3892 poten-

2136 3916 2234 3972 ter
2298 3909 2492 3972 simul
2552 3917 2742 3990 atque
2809 3907 3082 3988 benigne
3141 3907 3219 3970 ad
3279 3906 3633 3989 pleniorem

2135 4009 2502 4071 divinorum
2549 4006 2872 4069 luminum
2915 4004 3492 4087 participationem.

2215 4106 2538 4177 Praeterea‚
2573 4103 2926 4167 nominatio
2947 4103 3424 4184 principatuum
3447 4104 3636 4166 deno-

496 4203 889 4268 divinorum
937 4209 1331 4266 secretorum
1392 4200 1781 4274 intuitivam‚
1832 4207 2023 4282 atque
2053 4207 2104 4272 D
2134 4210 2226 4266 tat
2253 4201 2795 4285 principalitatem
2833 4202 3195 4264 animorum
3239 4200 3418 4265 chori
3459 4201 3634 4264 illius

498 4308 669 4386 post
708 4299 1041 4383 Seraphim
1086 4299 1543 4364 exuberantius
1590 4299 2023 4381 susceptivam

502 4397 970 4464 illustrationis
1000 4397 1257 4471 divinae,
1274 4397 1355 4461 de
1384 4397 1571 4478 cujus
1604 4396 2024 4460 redundantia

502 4495 937 4562 inferioribus
996 4495 1253 4579 copiose
1312 4494 1711 4584 diffundunt,
1762 4513 1835 4557 ac
1894 4495 2019 4557 sibi

502 4613 641 4681 pro
670 4594 917 4658 viribus
955 4593 1315 4658 assimilant
1356 4593 1549 4676 ipsos.
1586 4594 1777 4656 Porro
1818 4595 2022 4656 nomi·

500 4695 697 4759 natio
751 4693 985 4757 Throni
1046 4691 1269 4775 pandit
1328 4692 1393 4754 in
1449 4690 1787 4774 spiritibus
1844 4691 2019 4754 illius

498 4793 693 4857 tertii
725 4791 967 4855 ordinis
1003 4809 1143 4854 esse
1183 4789 1603 4853 elevationem
1647 4787 2015 4863 sublimem,

496 4892 597 4957 ab
625 4891 801 4954 omni
832 4889 1237 4971 subjectione
1270 4887 1531 4970 indigna
1570 4887 1861 4960 liberam,
1893 4907 2019 4970 qua

500 4987 931 5055 invisibiliter
974 4986 1467 5069 superferuntur
1506 4985 1879 5049 hierarchias
1922 5005 2017 5048 se-

500 5087 763 5161 cundae,
821 5105 897 5149 ac
954 5085 1127 5148 circa
1183 5085 1383 5147 Deum
1442 5083 1830 5146 altissimum
1888 5092 2018 5148 toto

502 5191 749 5251 conatu
796 5181 1387 5248 inconcussibiliter
1428 5181 1842 5256 collocantur,
1886 5190 2019 5245 tan·

502 5303 713 5371 quam
740 5283 1109 5348 eminenter
1136 5299 1401 5365 capaces
1432 5279 1913 5344 inhabitationis
1952 5289 2017 5344 et

2134 4308 2431 4382 respectu
2476 4301 2748 4364 duorum
2786 4300 3086 4363 ordinum
3127 4299 3528 4376 inferiorum,
3569 4307 3634 4363 et

2132 4400 2304 4482 quod
2373 4399 2774 4463 ordinatione
2839 4399 3246 4462 convenienti
3304 4399 3630 4462 deducunt

2130 4497 2560 4578 Archangelos
2589 4515 2664 4559 ac
2693 4496 2966 4577 Angelos
3009 4497 3088 4559 ad
3132 4497 3412 4578 primum
3463 4498 3632 4578 prin-

2130 4595 2374 4677 cipium
2407 4596 2720 4658 universae
2749 4595 3168 4658 ordinationis
3197 4595 3627 4668 hierarchicae‚

2128 4712 2203 4756 ac
2234 4693 2428 4756 simul
2475 4712 2624 4756 cum
2667 4693 2794 4755 illis
2835 4701 3294 4756 convertuntur
3336 4693 3413 4756 ad
3454 4693 3632 4758 Crea-

2129 4799 2360 4864 torem,
2393 4799 2458 4854 et
2489 4791 2724 4874 pariter
2763 4790 3245 4854 conformantur
3287 4792 3496 4854 eidem
3537 4791 3630 4853 in-

2128 4889 2394 4953 fluendo
2423 4897 2486 4952 et
2527 4889 2915 4970 recipiendo,
2948 4907 3020 4950 ac
3061 4889 3348 4952 ordinate
3386 4891 3632 4971 agendo

2129 4986 2194 5049 in
2234 4986 2560 5057 omnibus,
2591 4986 2825 5049 divina}
2856 4984 3276 5048 ordinationis
3314 4987 3632 5069 principa-

2128 5093 2261 5147 tum
2287 5084 2667 5167 perpulchre
2695 5090 3168 5166 repraesentant.
3185 5085 3376 5147 Porro
3399 5101 3626 5147 nomen

2125 5183 2664 5264 Archangelorum
2719 5182 3000 5244 insinuat
3049 5181 3114 5243 in
3173 5181 3329 5265 ipsis
3385 5182 3628 5245 ordinis

2127 5281 2324 5362 hujus
2355 5279 2726 5344 substantiis
2765 5299 2904 5344 esse
2948 5281 3252 5344 virtutem
3295 5299 3422 5364 qua
3457 5281 3628 5344 Prin·
