4300 6259
850 481 971 550 486

1398 503 1477 548 DE
1518 501 1745 550 Lunum
1786 501 2168 548 CHRISTIANAE
2208 499 2510 556 runomAE,
2553 499 2728 548 mmm
2768 501 2831 547 11.
2877 519 2958 530 -—
2995 501 3135 548 Am.
3179 500 3414 548 LXXXIII

851 674 1271 757 quantitatem
1320 692 1437 755 per
1493 692 1561 735 se
1608 671 1933 746 exsistere,
1985 679 2049 734 et
2094 671 2162 733 in
2215 670 2354 752 ipsa
2383 667 2436 732 A
2465 669 2720 747 dicitur,
2755 691 2866 736 seu
2899 672 3093 736 etiam
3127 671 3193 734 in
3224 671 3506 734 cinerem
3548 688 3664 753 per
3701 667 3955 734 combu-

850 772 975 834 alia
1014 771 1307 850 fundari3
1340 770 1492 833 hinc
1530 788 1656 833 non
1698 778 1795 833 est
1833 769 2105 832 difficile
2132 768 2353 832 videre

850 870 1125 952 qualiter
1153 870 1433 932 actiones
1462 868 1563 930 vel
1595 869 2001 930 alterationes
2031 887 2174 950 quae
2213 885 2352 929 sen-

850 967 1072 1031 sibiles
1130 968 1466 1050 qualitates
1516 975 1893 1050 sequuntur,
1945 971 2089 1049 post
2136 983 2356 1028 conse-

851 1068 1201 1130 crationem
1262 1074 1633 1129 remaneant
1684 1083 1698 1127 t
1752 1074 1822 1128 ut
1871 1066 2041 1148 quod
2090 1083 2352 1127 sensum

850 1166 1193 1228 immutent
1228 1165 1329 1228 vel
1372 1166 1795 1227 circumstans
1834 1164 2138 1227 medium.
2177 1164 2352 1226 Unde

849 1264 1099 1338 albedo,
1162 1280 1371 1345 sapor,
1436 1263 1755 1326 mediante
1822 1261 2113 1342 subjecto
2182 1261 2350 1343 quod

850 1370 948 1426 est
989 1362 1331 1445 quantitaS,
1364 1380 1536 1422 nunc
1577 1367 1942 1442 operantur,
1976 1360 2144 1422 sicut
2175 1359 2352 1442 prius

852 1461 918 1523 in
962 1461 1201 1524 virtute
1244 1460 1619 1523 substantiae
1663 1458 2109 1541 operabantur.

932 1559 1053 1622 Sed
1097 1558 1423 1640 generatio
1460 1565 1523 1620 et
1564 1556 1889 1639 corruptio
1937 1576 2079 1638 quae
2122 1556 2189 1617 in
2233 1555 2354 1617 hoc

850 1664 1251 1719 sacramento
1295 1656 1585 1718 accidere
1634 1655 1954 1728 videntur,
1996 1655 2163 1716 sicut
2207 1662 2352 1716 ante

848 1755 1434 1838 argumentabatur,
1476 1755 1855 1836 ampliorem
1898 1754 2348 1816 difficultatem

2465 771 2738 834 stionem
2801 771 3032 835 resolvi
3086 788 3100 832 ε
3155 771 3248 833 sic
3303 770 3476 852 quod
3537 787 3749 851 neque
3805 770 3958 831 acci-

2466 870 2682 932 dentia
2742 889 2950 953 neque
3011 888 3242 952 corpus
3293 867 3526 931 Christi
3591 875 3958 931 convertan-

2465 975 2591 1042 tur,
2615 970 2724 1032 sed
2757 969 3114 1033 substantia
3145 969 3328 1050 panis
3359 987 3502 1050 quae
3531 975 3820 1050 praeerat.
3845 967 3960 1030 Sed

2465 1068 2694 1130 horum
2748 1068 3082 1150 responsio
3140 1067 3370 1130 ceteris
3429 1084 3558 1128 non
3617 1065 3850 1148 placet..
3897 1065 3958 1127 Id

2465 1166 2636 1228 enim
2670 1168 2770 1247 (ut
2797 1167 3047 1247 dicunt)
3077 1166 3246 1247 quod
3279 1165 3344 1226 in
3375 1164 3552 1226 aliud
3583 1181 3960 1226 conversum

2465 1271 2581 1337 est,
2625 1264 2792 1326 idem
2835 1282 3105 1326 numero
3144 1263 3352 1326 redire
3395 1280 3522 1325 non
3566 1269 3800 1343 potest,
3842 1261 3962 1323 nisi

2465 1361 2528 1423 id
2574 1362 2640 1424 in
2679 1362 2848 1444 quod
2891 1361 3403 1434 convertebatur,
3437 1379 3664 1423 rursus
3707 1376 3966 1422 conver-

2464 1466 2632 1521 tatur
2671 1460 2737 1522 in
2777 1461 3010 1542 ipsum.
3047 1460 3112 1523 Si
3153 1459 3348 1539 igitur
3387 1459 3572 1540 panis
3613 1457 3968 1521 substantia

2463 1577 2604 1640 quae
2636 1559 2891 1640 praefuit
2921 1559 3155 1631 redeat,
3174 1565 3496 1640 oporteret
3525 1575 3764 1638 corpus
3796 1557 3968 1620 Chri·

2465 1657 2544 1718 sti
2591 1658 2803 1719 denuo
2847 1657 3132 1721 converti
3181 1657 3245 1718 in
3294 1657 3500 1739 ipsam
3537 1674 3552 1717 :
3586 1656 3761 1737 quod
3809 1655 3970 1717 male

2465 1763 2736 1817 sonaret.
2799 1756 2969 1818 Alias
3028 1773 3286 1836 quoque
3347 1755 3626 1816 rationes
3687 1753 3970 1816 introdu-

850 1854 1164 1917 inducunt
1199 1871 1213 1915 z
1248 1853 1405 1916 tales
1454 1853 1696 1934 quippe
1748 1853 2151 1924 mutationeS,
2205 1860 2350 1913 ante
2390 1851 2436 1914 B
2467 1860 2637 1914 cunt.
2703 1854 2878 1916 Unde
2936 1853 3380 1915 rationabilius
3437 1852 3698 1915 videtur
3747 1851 3849 1913 his
3907 1857 3972 1912 ut

850 1952 1421 2025 consecrationem,
1473 1969 1601 2013 non
1661 1950 1784 2012 nisi
1835 1951 2005 2012 circa
2058 1949 2350 2012 substan-

846 2052 1003 2113 tiam
1054 2049 1437 2112 videbantur
1488 2065 1672 2131 posse
1719 2049 2027 2111 accidere.
2084 2048 2348 2120 Quidam

850 2149 1047 2230 igitur
1086 2149 1405 2220 dixerunt,
1438 2148 1559 2210 hoc
1593 2155 1992 2210 sacramento
2023 2147 2350 2208 hominem

849 2265 977 2309 non
1020 2263 1205 2328 posse
1245 2245 1499 2318 nutriri,
1551 2246 1661 2308 sed
1713 2245 2055 2307 refocillari
2108 2245 2354 2306 dumta-

850 2353 955 2408 xat
994 2353 1057 2406 et
1096 2344 1439 2407 confortari
1474 2361 1487 2406 :
1524 2343 1691 2406 sicut
1728 2363 1928 2426 quum
1968 2343 2045 2404 ad
2082 2343 2350 2406 odorum

850 2442 983 2504 vim
1051 2443 1198 2524 quis
1268 2442 1731 2505 corroboratur.
1796 2443 1916 2504 Sed
1985 2439 2155 2503 istud
2224 2458 2350 2502 non

849 2540 1106 2602 videtur
1134 2539 1360 2602 stabile
1392 2559 1550 2602 esse.
1586 2540 1740 2602 Nam
1775 2539 2154 2602 confortatio
2185 2537 2349 2611 talis,

852 2637 998 2699 licet
1048 2637 1125 2699 ad
1182 2637 1405 2699 horam
1455 2637 1731 2710 duraret,
1784 2656 1897 2718 per
1946 2656 2085 2698 eam
2136 2642 2350 2698 tamen

851 2735 988 2799 sine
1028 2735 1154 2797 alio
1200 2736 1507 2798 alimento
1546 2736 1761 2798 nullus
1800 2736 1909 2798 diu
1952 2735 2346 2797 subsisteret.

850 2833 971 2895 Sed
1012 2834 1451 2914 experimento
1492 2832 1678 2894 facile
1723 2830 2064 2915 comperiri
2111 2839 2348 2913 posset,

850 2931 1295 2994 sacramentali
1362 2931 1508 2993 cibo
1566 2931 1934 3012 quempiam
1994 2930 2105 2991 diu
2167 2947 2350 3010 posse

2465 1951 2732 2024 dicatur,
2795 1951 2964 2032 quod
3031 1951 3199 2012 sicut
3267 1951 3405 2033 ipsa
3463 1949 3968 2020 consecratione,

2464 2048 2680 2112 divina
2711 2049 2946 2112 virtute
2977 2048 3159 2130 panis
3191 2049 3550 2111 substantia
3577 2049 3974 2111 convertitur

2469 2147 2532 2210 in
2562 2165 2794 2229 corpus
2827 2147 3082 2222 Christi,
3116 2155 3179 2209 et
3223 2167 3302 2210 ex
3343 2147 3770 2228 consequenti
3817 2147 3974 2208 acci·

2465 2245 2766 2308 dentibus
2798 2245 3124 2308 confertur
3156 2264 3271 2327 pcr
3301 2264 3367 2308 se
3399 2245 3782 2318 subsistere,
3807 2246 3970 2326 quod

2465 2344 2837 2406 substan'tiae
2898 2343 3231 2426 proprium
3291 2350 3388 2406 est
3445 2345 3810 2406 secundum
3869 2362 3972 2404 na·

2465 2451 2704 2521 turam3
2730 2444 2822 2506 sic
2855 2442 3290 2524 pariformiter
3319 2443 3564 2505 eisdem
3595 2443 3880 2505 donetur
3909 2451 3972 2503 ut

2466 2542 2712 2624 possint
2755 2561 2829 2604 ea
2868 2540 3078 2604 facere
3127 2549 3191 2604 et
3243 2541 3369 2623 pati
3421 2560 3566 2623 quae
3614 2541 3974 2603 substantia

2463 2639 2674 2702 faeere
2721 2658 2794 2702 ac
2845 2640 2976 2720 pati
3030 2639 3252 2721 possit,
3305 2639 3358 2702 si
3408 2641 3659 2702 adesset
3717 2657 3732 2700 :
3787 2641 3972 2701 etita

2464 2738 2602 2800 sine
2647 2754 2812 2800 novo
2858 2737 3170 2800 miraculo
3210 2737 3478 2811 nutrire,
3514 2736 3867 2810 inebriare,
3909 2738 3970 2799 in

2463 2854 2718 2898 carnem
2773 2835 3122 2917 permutari
3165 2843 3229 2897 et
3269 2844 3636 2917 putrescere
3679 2844 3968 2916 possunt.

2463 2934 2639 3005 Quod
2688 2941 2900 2995 tamen
2959 2941 3203 2996 naturae
3260 2949 3518 3015 prorsus
3567 2934 3972 3015 impossibile

850 3029 1212 3091 sustentari.
1275 3029 1601 3100 Praeterea,
1658 3046 1859 3109 quum
1919 3045 2032 3109 per
2090 3027 2351 3089 combu—
2381 3030 2425 3094 C
2464 3039 2578 3104 est,
2614 3050 2813 3113 quum
2853 3031 3275 3093 substantiam
3323 3050 3400 3094 ex
3445 3049 3572 3093 non
3613 3031 3974 3094 substantia

850 3127 1122 3189 stionem
1193 3145 1305 3188 seu
1374 3126 1904 3209 putrefactionem
1967 3126 2087 3187 hoc
2146 3143 2350 3188 sacra-

853 3232 1141 3288 mentum
1184 3224 1249 3286 in
1289 3224 1481 3286 aliam
1520 3223 1965 3298 substantiam,
2000 3231 2226 3304 utputa
2269 3224 2351 3284 ci·

852 3323 1023 3386 neris
1080 3323 1183 3385 vel
1243 3322 1550 3405 pulveris,
1602 3321 1884 3384 converti
1946 3323 2166 3403 possit,
2220 3322 2350 3383 imo

852 3423 953 3502 (ut
996 3421 1211 3495 sensui
1246 3421 1447 3503 patet)
1479 3426 1906 3493 convertatur,
1940 3438 2067 3483 non
2096 3421 2352 3482 videtur

855 3539 970 3582 cur
998 3527 1231 3599 negent
1261 3519 1325 3580 in
1359 3537 1615 3580 carnem
1660 3526 1724 3580 et
1762 3518 2135 3598 sanguinem
2181 3518 2350 3580 idem

854 3618 1066 3699 ipsum
1118 3617 1402 3680 converti
1456 3635 1661 3698 posse.
1714 3652 1795 3661 —
1842 3616 1967 3678 Alii
2024 3616 2218 3697 igitur
2260 3616 2353 3678 di-

853 3723 1104 3790 xerunt,
1147 3714 1315 3797 quod
1362 3715 1529 3776 sicut
1572 3713 1953 3776 miraculose
1998 3714 2353 3777 substantia

853 3815 1035 3896 panis
1092 3813 1159 3876 in
1217 3831 1447 3894 corpus
1497 3813 1730 3875 Christi
1792 3813 2207 3886 convertitur,
2259 3813 2350 3874 sic

854 3912 1237 3975 miraculose
1297 3912 1361 3973 in
1423 3910 1846 3973 substantiam
1890 3911 2045 3993 -ipsa
2093 3928 2351 3993 quoque

854 4018 1315 4072 convertuntur
1344 4009 1715 4072 accidentia.
1753 4009 1873 4071 Sed
1920 4010 2089 4071 istud
2130 4028 2352 4071 rursus

855 4109 1183 4172 modicum
1213 4108 1425 4171 valere
1454 4108 1726 4169 videtur.
1762 4106 1969 4170 Primo
2008 4108 2182 4170 enim
2225 4127 2352 4170 non

854 4215 1120 4289 apparet
1156 4225 1510 4286 congruum
1562 4212 1632 4267 ut
1682 4205 1989 4267 miraculo
2036 4205 2354 4268 adscriba-
2383 4209 2433 4271 D

854 4312 981 4380 tur,
1028 4323 1237 4386 neque
1282 4303 1593 4366 miraculo
1643 4302 1893 4365 videtur
1940 4304 2351 4378 convenienS‚

856 4410 928 4466 ut
976 4403 1097 4466 hoc
1154 4408 1623 4464 sacramentum
1684 4408 2025 4481 putrescat,
2074 4410 2184 4463 aut
2240 4421 2356 4483 per

856 4501 1367 4565 combustionem
1413 4499 1819 4561 dissolvatur.
1854 4499 2170 4579 AmpliuS,
2204 4516 2356 4581 quo·

853 4601 1029 4663 niam
1080 4597 1461 4681 putrefactio
1518 4604 1580 4659 et
1637 4596 1997 4659 combustio
2049 4606 2353 4661 consueto

852 4706 1095 4761 naturae
1137 4696 1361 4759 ordine
1400 4701 1797 4756 sacramento
1838 4695 1941 4756 isti
1982 4696 2351 4775 contingere

850 4795 1270 4862 inveniuntur
1303 4810 1318 4855 ε
1354 4792 1523 4874 quod
1557 4792 1619 4853 in
1651 4791 1751 4853 his
1784 4810 1925 4873 quae
1971 4793 2350 4856 miraculose

2461 3130 2774 3210 generari,
2827 3129 3113 3192 naturale
3173 3148 3300 3192 non
3360 3129 3459 3192 sit.
3513 3130 3636 3192 Sed
3695 3129 3972 3192 infinitae

2462 3227 2685 3289 virtuti
2733 3227 2894 3290 nihil
2946 3245 3168 3290 eorum
3220 3247 3362 3310 quae
3420 3228 3970 3292 incommutabilis

2463 3333 2854 3387 contestatur
2881 3325 3146 3398 VeritaS,
3181 3326 3582 3408 impossibile
3610 3335 3728 3389 est.
3759 3327 3971 3389 Enim-

2463 3439 2614 3486 vero
2653 3422 2923 3486 dubium
2963 3423 3148 3486 nobis
3187 3441 3314 3485 non
3355 3431 3474 3496 est,
3506 3430 3598 3486 tot
3645 3425 3972 3487 mirabilia

2464 3520 2528 3582 in
2589 3521 2710 3583 hoc
2767 3529 3164 3584 sacramento
3223 3520 3392 3596 fieri,
3446 3521 3724 3604 ejusque
3785 3541 3970 3585 vene-

2465 3618 2726 3681 randam
2776 3619 3108 3681 veritatem
3159 3628 3290 3682 tam
3345 3619 3970 3701 incomprehensibi·

2464 3717 2608 3779 liter
2637 3717 2834 3779 velari
2876 3726 3136 3799 propter
3174 3717 3328 3779 fidei
3369 3718 3740 3798 augendum
3789 3720 3971 3782 meri-

2466 3822 2624 3887 tum,
2687 3823 2755 3877 ut
2822 3815 2905 3877 sit
2971 3814 3136 3877 fides
3195 3816 3576 3878 sacramenti
3635 3816 3841 3898 hujus
3897 3835 3969 3880 eo

2465 3913 2664 3992 magis
2715 3913 3060 3986 meritoria,
3112 3931 3240 3995 quo
3290 3913 3500 3996 ipsum
3564 3913 3969 3977 ineffabilius

2462 4019 2558 4074 est
2605 4029 2618 4073 ε
2665 4011 2983 4093 siquidem
3031 4010 3192 4074 fides
3231 4012 3283 4074 si
3328 4012 3573 4075 ratione
3617 4013 3965 4087 stabilitur,

2466 4110 2694 4172 merito
2736 4109 3125 4172 destituitur.

2754 4371 3243 4436 ARTIGULUS
3289 4371 3672 4436 Lxxxm.
3785 4355 3808 4378 ‘

2463 4514 2550 4572 Ec
2599 4520 2690 4571 est
2741 4512 3068 4586 responsio
3113 4514 3202 4571 ad
3251 4513 3640 4572 instantiam
3687 4535 3842 4592 φατε
3887 4536 3968 4574 ex

2615 4609 2814 4676 parte
2857 4601 3211 4675 fractionis
3259 4599 3638 4661 introducta
3683 4612 3802 4664 est.

2599 4797 2746 4860 UNC
2811 4813 3000 4877 porro
3054 4796 3131 4858 ad
3189 4795 3618 4876 objectionem
3682 4818 3834 4880 quae
3889 4819 3964 4861 ex

847 4896 1018 4959 fiunt
1047 4893 1305 4956 evenire
1338 4910 1465 4954 non
1496 4891 1673 4954 solet.
1707 4926 1788 4937 -—
1817 4891 1941 4953 Alii
1976 4909 2125 4972 ergo
2155 4892 2348 4955 aliam

849 4993 1236 5077 positionem
1280 4991 1691 5062 induxerunt,
1725 4990 2010 5052 dicentes
2054 4990 2349 5054 substan-

846 5093 1002 5156 tiam
1052 5091 1235 5172 panis
1284 5088 1504 5152 divino
1554 5088 1865 5150 miraculo
1912 5088 2139 5162 redire,
2192 5090 2346 5152 dum

850 5211 963 5276 per
1010 5189 1475 5252 nutrimentum
1517 5187 1583 5249 in
1626 5205 1882 5250 carnem
1932 5206 2045 5250 seu
2094 5189 2346 5269 sangui-

849 5309 997 5354 nem
1066 5287 1289 5351 nutriti
1354 5287 1475 5348 hoc
1532 5293 2002 5349 sacramentum
2060 5288 2345 5350 converti

2625 4904 2803 4978 parte
2833 4895 3163 4958 fractionis
3205 4895 3369 4957 facta
3410 4903 3527 4968 est,
3571 4899 3966 4978 respondere
4011 4917 4198 4975 μιττιιει

2457 4993 2766 5074 congruit.
2803 4993 2880 5055 Et
2909 4992 3170 5075 quidem
3205 4992 3534 5056 fractionis
3573 4993 3774 5074 hujus
3815 4995 3964 5056 sub-
3989 4997 4024 5026 ³‘

2451 5091 2718 5172 jectum,
2781 5109 3014 5174 corpus
3071 5089 3302 5153 Christi
3362 5109 3488 5154 non
3559 5099 3674 5154 est.
3743 5094 3960 5156 Decla-

2454 5198 2662 5252 ratum
2710 5198 2807 5252 est
2853 5190 3050 5260 enim,
3102 5189 3314 5271 ipsum
3363 5189 3485 5252 sub
3531 5190 3762 5255 hostiae
3811 5211 4194 5274 qua-mum

2455 5288 2612 5352 libet
2666 5296 2844 5371 parte
2903 5287 3236 5352 contineri.
3301 5287 3612 5362 Quoniam
3669 5289 3958 5372 denique
