4300 6259
812 477 931 542 176
1677 493 2096 541 armeniano
2137 491 2536 540 morosius.
2583 511 2663 522 —
2702 493 2781 539 nr.
2824 493 3083 542 manus

519 679 602 724 soa
621 693 721 734 xxv,
748 683 787 724 a.
811 663 950 738 lob,
980 663 1308 746 Numquid
1341 671 1439 726 est
1466 681 1774 726 numerus
1805 662 2086 725 militum
2125 661 2316 742 ejus?
2345 661 2396 724 A
2429 663 2635 725 minos
2683 663 3068 745 populorum
3112 663 3296 745 juxta
3352 682 3697 727 numerum
3746 679 3949 744 ange-
4013 736 4023 746 ‚

549 976 622 1032 Cf.
635 981 667 1021 t.
679 976 785 1027 ΧΧΙ.

519 1052 565 1095 p.
581 1042 658 1084 231
675 1039 736 1086 B’.

541 2250 614 2305 Cf.
627 2252 661 2293 t.
677 2247 786 2301 xxi,

516 2326 561 2369 p.
577 2315 656 2356 232
673 2311 734 2355 C’.

508 5226 642 5340 ghul-
655 5241 779 5284 xxm,

815 780 931 845 per
950 761 1345 843 hyperbolen
1367 762 1608 824 dictum
1631 768 1748 834 est,
1763 759 1841 822 ad
1866 759 2313 821 insinuandam

813 859 1316 923 inaestimabilem
1344 859 1708 940 angelorum
1739 858 2187 941 pluralitatem.
2205 857 2317 919 De-

814 959 1025 1040 nique,
1051 964 1122 1019 ut
1151 957 1407 1019 divinus
1431 957 1767 1040 Dionysius
1797 955 2318 1037 loquitur‚quem-

811 1056 1154 1120 admodum
1182 1055 1466 1119 coelestia
1496 1073 1760 1137 corpora
1787 1053 2102 1116 excedunt
2132 1053 2314 1135 quasi

816 1153 1403 1236 incomparabiliter
1451 1155 1516 1215 in
1563 1151 2004 1234 magnitudine
2047 1168 2315 1232 corpora

812 1251 1156 1331 inferiora3
1190 1251 1282 1313 sic
1311 1251 1521 1334 angeli
1567 1249 1768 1313 sancti
1801 1249 1865 1310 in
1901 1248 2311 1310 multitudine

809 1357 1114 1432 superant
1179 1367 1521 1411 numerum
1579 1366 1835 1412 omnem
1905 1345 2306 1409 inferiorum.

807 1449 1134 1522 Praeterea,
1180 1447 1466 1509 universi
1508 1445 1718 1527 angeli
1769 1444 2076 1507 custodiis
2108 1443 2312 1505 homi-

807 1564 963 1610 num
1010 1545 1319 1627 deputati,
1352 1544 1431 1606 de
1478 1543 1707 1607 infimo
1745 1542 2116 1623 angelorum
2164 1547 2313 1603 sunt

806 1645 1018 1706 choro.
1036 1643 1168 1716 Quo
1197 1649 1443 1706 constat
1472 1660 1597 1705 non
1632 1641 1958 1724 pauciores
1989 1640 2054 1701 in
2085 1638 2312 1702 infimo

805 1741 1174 1824 angelorum
1205 1741 1428 1804 ordine
1459 1739 1808 1802 consistere
1835 1737 2090 1819 angelos
2121 1736 2310 1799 bene-

2427 760 2634 823 lorum
2678 761 2807 823 Dei.
2843 761 3153 835 Quocirca
3192 761 3553 836 sciendum,
3592 761 3767 844 quod
3810 760 3944 822 He·

2424 859 2639 922 braica
2706 860 2937 922 veritas
2997 860 3179 940 juxta
3240 860 3719 924 translationem
3787 859 3943 922 Hie-

2425 959 2672 1041 ronymi
2732 958 2924 1020 habet
2980 959 3071 1022 sic
3134 975 3149 1020 :
3210 958 3555 1023 Constituit
3616 957 3945 1021 terminos

2425 1055 2809 1137 populorum
2837 1055 3017 1135 juxta
3038 1074 3382 1118 numerum
3402 1055 3691 1118 filiorum
3709 1053 3939 1117 lsrael.

2423 1152 2597 1226 Quod
2627 1153 2705 1216 ad
2738 1152 3013 1214 litteram
3045 1153 3387 1235 exponitur
3428 1154 3508 1217 de
3545 1152 3705 1215 siliis
3734 1151 3943 1214 Israel

2423 1259 2485 1311 et
2535 1250 2790 1332 populis
2850 1251 2913 1312 in
2961 1268 3182 1314 eorum
3233 1251 3508 1313 circuitu
3556 1251 3939 1324 demoratiS,

2424 1366 2539 1431 pro
2599 1357 2888 1430 tempore
2947 1348 3440 1412 introductionis
3496 1347 3941 1411 israelitarum

2424 1447 2489 1508 in
2540 1453 2772 1508 terram
2824 1447 3269 1528 promissionis
3324 1447 3445 1509 sub
3488 1447 3697 1510 Josue.
3750 1446 3941 1508 Unde

2423 1564 2537 1627 per
2579 1545 2837 1627 Moysen
2880 1552 3027 1607 ante
3066 1545 3199 1625 jam
3246 1545 3493 1608 dixerat
3533 1561 3547 1607 :
3581 1545 3632 1607 A
3675 1545 3945 1608 deserto
3972 1569 4251 1618 zze-emm.

2420 1650 2485 1705 et
2511 1642 2753 1704 Libano
2782 1649 2845 1704 et
2872 1641 3077 1705 fluvio
3110 1659 3338 1724 magno
3370 1642 3691 1724 Euphrate
3720 1660 3941 1723 usque

2421 1740 2499 1801 ad
2532 1739 2743 1802 rivum
2774 1740 3023 1822 AEgypti
3054 1748 3246 1802 erunt
3272 1740 3533 1803 termini
3562 1739 3941 1821 vestri.1psi

805 1841 1034 1915 dictos,
1069 1858 1262 1922 quam
1289 1839 1520 1921 jamin
1552 1846 1682 1902 toto
1723 1837 1843 1900 hoc
1884 1836 2122 1899 mundo
2160 1843 2309 1897 sunt
2336 1832 2385 1895 B
2422 1856 2677 1921 quoque
2721 1838 2911 1901 Josue
2954 1838 3263 1920 Dominus
3308 1837 3503 1919 jussit
3543 1855 3560 1900 ε
3602 1837 3785 1900 Sorte
3829 1837 3937 1900 eis
3992 1863 4225 1910 ,ιω-«με,

807 1940 1125 2014 homineS,
1157 1946 1266 2001 aut
1309 1955 1594 2020 unquam
1639 1936 1901 1999 fuerunt
1946 1934 2159 1997 simul.
2193 1932 2308 1995 Ve-

811 2055 954 2099 rum
1003 2037 1150 2118 quis
1200 2035 1516 2098 aestimare
1567 2033 1926 2116 praevaleat,
1978 2039 2134 2114 quot
2176 2030 2309 2111 jam

809 2135 876 2196 in
907 2134 1148 2197 mundo
1176 2134 1305 2195 sint
1333 2133 1671 2196 homines?
1700 2132 1780 2193 At
1807 2147 1959 2193 vero
1993 2129 2177 2210 juxta
2219 2127 2312 2192 di-

812 2231 944 2294 vini
976 2238 1041 2293 et
1069 2231 1282 2312 magni
1314 2229 1600 2312 Dionysii
1637 2230 2040 2301 documenta,
2074 2233 2312 2308 quanto

812 2331 989 2395 chori
1019 2330 1390 2412 angelorum
1421 2336 1570 2391 sunt
1597 2327 2065 2402 altiores,tanto
2093 2326 2311 2408 plures

811 2430 877 2492 in
907 2447 976 2492 se
1007 2428 1338 2492 continent
1365 2427 1624 2508 angelos
1655 2425 2070 2498 venerandos,
2102 2424 2313 2505 splen·

809 2528 1048 2592 disluos
1081 2546 1096 2589 :
1129 2527 1352 2609 sicque
1381 2525 1448 2589 in
1478 2524 1700 2587 ordine
1730 2523 2063 2606 Seraphim
2096 2520 2309 2585 forsan

810 2628 877 2691 in
908 2626 1106 2709 duplo
1136 2633 1286 2689 sunt
1315 2625 1532 2706 plures
1576 2622 2021 2685 sacratissimae
2061 2628 2308 2683 mentes

810 2726 1183 2807 seraphicae,
1216 2741 1408 2806 quam
1439 2721 1647 2802 angeli
1691 2722 1756 2783 in
1800 2719 2024 2782 ordine
2055 2717 2302 2782 infimo.

807 2823 966 2886 Hinc
1007 2830 1071 2886 et
1110 2823 1170 2886 S.
1203 2821 1470 2902 Brigitta
1509 2820 1574 2881 in
1617 2817 2133 2882 Revelationibus
2174 2816 2308 2878 suis

808 2921 1062 2994 fatetur,
1095 2919 1266 3003 quod
1304 2936 1612 2980 numerus
1647 2917 2018 2998 angelorum
2061 2922 2307 2978 sancto·

2421 1936 2668 1999 divides
2710 1944 2987 2015 terram3
3022 1935 3317 2018 pluribus
3359 1935 3543 1998 dabis
3587 1934 3935 2016 majorem,
3968 1927 4210 2034 {¹3¹³}-

2422 2041 2485 2097 et
2534 2033 2944 2116 paucioribus
2993 2034 3329 2096 minorem.
3374 2032 3665 2096 Probatio
3710 2039 3939 2096 autem
4076 2022 4091 2042 ’
4166 2023 4179 2033 “

2421 2151 2536 2215 per
2582 2132 2941 2214 Scripturas
3002 2149 3129 2194 non
3192 2138 3369 2195 tenet
3430 2131 3556 2194 nisi
3603 2150 3683 2195 ex
3730 2149 3941 2196 sensu

2420 2230 2697 2294 litterali.

2503 2330 2832 2403 Praeterea,
2868 2328 3161 2411 quamvis
3200 2327 3382 2409 juxta
3410 2327 3783 2410 praehabita,
3815 2348 3943 2393 an-

2420 2428 2545 2510 geli
2585 2427 2871 2510 quinque
2912 2427 3209 2490 ordinum
3250 2425 3627 2490 inferiorum
3670 2427 3943 2491 mittan-

2420 2535 2545 2602 tur,
2564 2534 2629 2589 et
2655 2526 2866 2606 angeli
2897 2533 3170 2608 quatuor
3198 2524 3497 2588 ordinum
3528 2524 3945 2609 superiorum

2418 2626 2748 2699 adsistant,
2784 2623 2988 2686 nihilo
3034 2625 3247 2687 minus
3286 2624 3641 2686 secundum
3684 2625 3941 2688 summi

2422 2722 2594 2786 illius
2634 2722 2912 2803 theologi
2956 2721 3161 2784 divini
3194 2720 3479 2803 Dionysii
3519 2721 3935 2796 documenta,

2420 2822 2636 2904 plures
2681 2829 2829 2883 sunt
2872 2837 3160 2901 personae
3202 2819 3507 2901 angelicae
3546 2820 3937 2884 adsistentes

2416 2938 2611 3003 quam
2644 2919 3085 2981 ministrantes
3119 2934 3133 2979 :
3167 2918 3341 2999 quia,
3372 2925 3446 2980 ut
3481 2919 3589 2992 ait,
3624 2936 3753 3001 quo
3778 2919 3937 2982 cho-

809 3038 951 3081 rum
994 3018 1058 3080 in
1102 3023 1350 3078 tantum
1391 3016 1642 3079 excedit
1681 3013 2161 3076 multitudinem
2198 3011 2308 3075 ho·
2337 3012 2379 3075 C
2418 3037 2524 3080 rus
2572 3017 2899 3098 angelicus
2954 3016 3145 3078 altior
3188 3024 3307 3090 est,
3354 3033 3431 3078 eo
3474 3015 3692 3098 plures
3735 3017 3801 3079 in
3844 3035 3933 3081 eo

808 3117 1060 3180 minum
1091 3115 1561 3188 universorum,
1585 3114 1756 3196 quod
1785 3111 2079 3195 quamvis
2109 3110 2304 3174 simul

805 3215 938 3296 jam
969 3220 1185 3276 essent
1211 3211 1505 3274 homines
1544 3211 1827 3274 universi
1866 3210 1977 3292 qui
2017 3227 2303 3291 unquam

808 3314 1092 3385 fuerunt,
1143 3317 1293 3373 sunt
1339 3317 1403 3372 et
1450 3317 1657 3384 erunt,
1697 3310 1904 3372 adhuc
1952 3308 2303 3389 unicuique

809 3410 1056 3475 homini
1088 3409 1378 3492 deputari
1410 3415 1672 3491 possent
1706 3408 1785 3470 ad
1827 3407 2039 3468 minus
2078 3407 2301 3468 decem

807 3509 1014 3591 angeli
1066 3507 1348 3589 gloriosi,
1403 3507 1525 3569 hoc
1572 3513 1691 3580 est,
1740 3505 1908 3586 quod
1969 3503 2177 3566 adhuc
2236 3503 2301 3564 in

807 3607 1082 3689 decuplo
1111 3607 1330 3689 plures
1359 3605 1489 3667 sint
1517 3604 1727 3685 angeli
1757 3603 1924 3665 beati
1958 3621 2148 3685 quam
2190 3601 2305 3664 ho-

808 3705 1016 3768 mines
1060 3703 1296 3766 cuncti.

1133 3963 1654 4031 PROPOSITIO
1700 3961 1976 4026 LXXX.

2414 3123 2565 3179 sunt
2593 3114 2819 3196 angeli.
2841 3114 3094 3177 Etenim
3125 3113 3419 3196 digniora
3449 3113 3517 3178 in
3548 3115 3761 3190 rebuS‚
3788 3135 3930 3179 ma-

2412 3215 2508 3297 gis
2541 3214 2784 3277 intenta
2813 3221 2877 3276 et
2910 3211 3335 3295 multiplicata
3364 3221 3723 3276 censentur.
3742 3214 3931 3289 Quod

2413 3321 2625 3376 tamen
2685 3330 2813 3375 non
2871 3318 3049 3373 tenet
3096 3311 3161 3373 in
3210 3310 3537 3385 omnibuS,
3588 3330 3789 3393 quum
3856 3321 3930 3376 et

2414 3411 2479 3473 in
2538 3409 2838 3473 militanti
2899 3409 3205 3482 Ecclesia,
3268 3426 3398 3490 quo
3456 3409 3701 3491 praelati
3766 3419 3928 3474 sunt

2412 3509 2741 3591 dignitatis
2810 3507 3231 3581 sublimioriS,
3292 3525 3369 3571 eo
3432 3513 3583 3570 sunt
3650 3528 3929 3574 numero

2415 3604 2941 3689 pauciores.Hinc
2972 3612 3037 3667 et
3067 3603 3297 3687 positio
3328 3603 3439 3667 illa
3459 3604 3743 3686 Gregorii
3770 3625 3927 3672 con-

2414 3713 2595 3768 sonat
2649 3704 3119 3767 Platonicorum
3175 3702 3485 3766 doctrinis
3543 3703 3923 3780 dicentium,

2414 3805 2584 3886 quod
2633 3801 3085 3884 multiplicatio
3128 3819 3345 3864 rerum
3390 3809 3489 3864 est
3528 3820 3645 3885 per
3687 3803 3927 3867 distan-

2415 3902 2567 3964 tiam
2628 3919 2701 3964 ac
2762 3918 3085 3962 recessum
3135 3918 3174 3961 a
3224 3898 3435 3981 primo
3482 3917 3615 3963 uno
3658 3919 3733 3963 ac
3776 3902 3929 3964 sim-

2415 3999 2771 4083 plicissimo
2836 4007 2983 4062 ente
3046 4015 3061 4060 ε
3120 3997 3344 4080 sicque
3412 3997 3794 4080 perfectiora
3856 4009 3925 4064 et

2414 4098 2743 4181 superiora
2788 4096 2852 4159 in
2894 4095 3086 4159 rebus
3129 4095 3556 4159 consisterent
3598 4098 3915 4180 pauciora.

888 4198 1193 4265 Posiflo
1231 4194 1378 4261 illa
1422 4193 1889 4271 dicentium,
1928 4191 2137 4270 quod
2183 4191 2307 4256 tot
2333 4193 2384 4258 D
2414 4196 2626 4260 Nihilo
2674 4197 2887 4259 minus
2933 4195 3123 4258 dictis
3164 4194 3365 4257 divini
3412 4203 3476 4257 et
3526 4197 3738 4278 magni
3782 4197 3922 4262 Dio-

805 4297 1172 4364 hommes
1219 4290 1750 4359 salvabuntur
1795 4291 1991 4369 quot
2034 4289 2305 4368 ang-en

805 4397 1112 4464 stantes
1204 4390 1696 4469 manserunt,
1779 4388 2104 4454 videtur
2192 4388 2307 4454 in-

805 4495 1060 4667 oegtti'g‘d
1120 4596 1237 4665 est,
1289 4586 1591 4670 quoniam
1640 4585 1692 4648 si
1739 4585 1873 4666 jam
1923 4583 2181 4647 inducta
2227 4584 2305 4647 de

807 4691 1220 4753 innumerosa
1265 4685 1639 4767 angelorum
1690 4681 2102 4745 multitudine
2156 4699 2306 4744 vera

805 4795 975 4861 sunt,
1028 4803 1432 4868 nequaquam
1491 4788 1586 4846 tot
1640 4780 1936 4844 homines
1995 4787 2143 4843 sunt
2190 4780 2307 4842 sal-

807 4886 996 4950 vandi
1049 4892 1207 4966 quot
1261 4881 1471 4964 angeli
1524 4881 1956 4963 perstiterunt.
2010 4879 2304 4941 Attamen

806 4984 865 5047 S.
901 4983 1240 5064 Gregorius
1270 4980 1447 5053 dicit,
1481 4979 1652 5063 quod
1681 4977 1944 5059 aequalis
1975 4977 2058 5040 sit
2086 4994 2307 5039 nume-

805 5101 914 5144 rus
945 5081 1280 5145 hominum
1312 5079 1662 5142 electorum
1694 5084 1758 5140 et
1783 5075 2157 5156 angelorum
2200 5075 2308 5138 bo·

806 5197 1060 5254 norum,
1096 5178 1372 5261 probans
1403 5177 1524 5240 hoc
1553 5175 1928 5238 auctoritate
1973 5175 2307 5257 scripturae

807 5275 1308 5349 Deuteronomii,
1351 5290 1480 5356 quo
1527 5272 1800 5335 habetur
1851 5289 1865 5334 :
1919 5271 2151 5335 Statuit
2188 5279 2308 5336 ter-

2416 4293 2579 4377 nysii
2613 4311 2755 4356 reor
2787 4292 2987 4374 magis
3016 4293 3575 4368 consentiendum,
3607 4312 3807 4375 quum
3837 4296 3919 4359 ab

2413 4390 2698 4475 apostolo
2746 4391 2937 4454 Paulo
2981 4397 3047 4453 et
3094 4389 3461 4473 apostolicis
3520 4391 3678 4454 viris
3722 4391 3922 4456 fuerit

2414 4509 2609 4572 super
2636 4489 2737 4552 his
2770 4487 3172 4552 informatus.
3204 4488 3502 4552 Attamen
3532 4489 3915 4572 positionem

2415 4587 2700 4668 Gregorii
2733 4586 2918 4649 multi
2950 4585 3163 4667 magni
3202 4585 3494 4650 doctores
3535 4596 3916 4672 sequuntur,

2416 4685 2769 4768 praesertim
2810 4683 3191 4749 Guillelmus
3232 4683 3397 4747 libro
3435 4684 3515 4748 de
3556 4687 3863 4751 Universo
3898 4707 3913 4751 ε

2414 4783 2740 4866 quoniam,
2774 4791 2848 4846 ut
2889 4783 2955 4845 in
2983 4782 3368 4866 Apocalypsi
3398 4784 3726 4861 asseritur,
3760 4785 3916 4850 late·
3977 4815 4133 4870 Apu.
4150 4831 4237 4866 u„

2414 4901 2483 4945 ra
2530 4882 2808 4945 civitatis
2857 4881 3031 4945 illius
3081 4899 3376 4964 supernae
3422 4881 3693 4964 aequalia
3738 4893 3911 4948 sunt.
3946 4887 4027 4930 ¹⁶·

2413 4980 2747 5063 Quumque
2777 4999 2855 5043 ex
2884 4979 3127 5060 angelis
3164 4979 3401 5042 sanctis
3438 4986 3505 5043 et
3541 4980 3764 5046 electis
3801 4984 3914 5047 ho·

2416 5078 2699 5141 minibus
2758 5084 3165 5142 construatur
3224 5077 3385 5140 urbs·
3450 5078 3563 5143 illa
3633 5080 3914 5146 coelestis

2414 5184 2718 5257 tanquam
2776 5193 2865 5239 ex·
2904 5174 3156 5238 duobus
3215 5175 3595 5257 parietibus,
3644 5189 3915 5263 apparet

2414 5274 2585 5357 quod
2637 5275 2892 5357 utrique
2937 5290 3207 5337 numero
3249 5273 3380 5336 sint
3420 5275 3717 5357 aequales.
3752 5279 3918 5346 con-
