4300 6259
801 473 920 542 122

1470 497 1892 546 numanum
1930 499 2328 547 monomca.
2373 518 2454 534 —-
2496 499 2576 548 DE
2617 501 2735 548 nito
2775 502 2896 550 UNO
2937 503 3014 549 ΕΤ
3053 503 3234 551 'mmo

804 667 1099 750 proclivi,
1152 675 1343 734 tantae
1400 669 1858 753 profunditatis
1914 672 2293 755 mysterium
2329 670 2382 734 A
2409 679 2473 735 et
2530 674 2851 756 quomodo
2907 681 3036 738 tres
3085 692 3372 759 personae
3429 675 3904 758 distinguantur

802 764 1057 848 plenius
1086 767 1369 840 revelari,
1385 769 1538 851 quin
1570 769 1781 852 potius
1805 770 2296 834 obscuritatibus

800 863 929 945 tegi
987 883 1063 927 ac
1119 867 1505 947 tegumentis
1562 867 1804 931 involvi
1862 887 1875 930 :
1938 869 2025 932 ita
2078 877 2294 933 tamen

803 963 974 1044 quod
1023 963 1226 1027 nihilo
1265 965 1479 1028 minus
1522 966 2013 1030 studiosioribus
2052 968 2118 1032 in
2159 968 2295 1049 lege

804 1060 1050 1144 peritis,
1094 1063 1247 1126 satis
1289 1064 1545 1128 daretur
1585 1064 1876 1147 intelligi.

1173 1271 1692 1339 PROPOSITIO
1738 1273 1927 1337 XIII.

879 1452 1553 1530 Quemadmodum
1600 1456 2297 1535 superessentialis

797 1563 891 1616 ae
930 1551 1847 1632 superpraestantissimae
1875 1553 2296 1620 Trinitatis

797 1649 1109 1730 notitia,
1142 1651 1366 1717 nulla
1396 1652 1665 1730 potuit
1690 1666 2038 1732 unquam
2066 1654 2292 1719 natu-

796 1746 953 1813 rali
1010 1748 1316 1815 ratione
1376 1749 1727 1816 inveniri
1782 1751 1923 1816 aut
1978 1750 2294 1816 demon-

2408 771 2664 836 realiter
2691 772 3017 848 relatione,
3035 792 3109 836 ac
3140 794 3341 837 unum
3370 775 3500 838 sint
3528 775 3596 837 in
3624 773 3904 837 essentia

2407 877 2472 933 et
2501 870 2752 934 deitatis
2792 880 3038 946 natura,
3070 893 3272 955 quum
3313 881 3528 936 tamen
3572 872 3796 936 relatio
3835 872 3900 934 in

2408 969 2644 1032 divinis
2675 969 2766 1031 nil
2806 970 2974 1033 reale
3005 972 3386 1053 superaddat
3412 971 3723 1035 essentiae.
3761 970 3904 1033 Pos-

2406 1074 2635 1142 tremo,
2667 1076 2970 1150 tanquam
3007 1069 3286 1132 maxima
3313 1076 3412 1134 est
3449 1069 3515 1132 in
3553 1067 3730 1132 omni
3762 1067 3904 1151 phi-

2409 1166 2718 1249 losophia,
2765 1185 2885 1230 nec
2925 1165 3004 1229 ab
3049 1168 3182 1231 ullo
3226 1167 3756 1251 philosophorum
3797 1185 3906 1230 ne-

2405 1272 2570 1345 gata,
2630 1265 2800 1346 quod
2857 1284 2999 1347 quae
3052 1266 3274 1329 eadem
3334 1273 3486 1330 sunt
3541 1265 3658 1329 uni
3716 1265 3912 1327 tertio

2407 1362 2738 1444 singulari,
2789 1371 2938 1427 sunt
2997 1363 3220 1426 eadem
3268 1363 3454 1427 inter·
3483 1381 3602 1443 se3
3655 1362 3724 1426 in
3781 1382 3910 1444 qua

2407 1461 2600 1525 etiam
2642 1462 2921 1524 maxima
2960 1463 3172 1526 omnis
3199 1463 3296 1544 (ni
3326 1462 3540 1544 fallor)
3569 1461 3910 1546 syllogisti-

2409 1578 2522 1622 cus
2552 1558 2856 1622 fundatur
2885 1561 3212 1623 discursus
3252 1579 3266 1622 ε
3300 1580 3443 1642 quae
3470 1569 3688 1624 tamen
3731 1557 3908 1623 vide-

2404 1664 2512 1719 tur
2550 1657 2771 1720 fallere
2803 1658 2869 1719 in
2907 1658 3165 1735 divinis,
3199 1679 3398 1742 quum
3438 1666 3569 1723 tres
3609 1677 3908 1741 supersu-

2406 1754 2639 1818 blimes
2689 1773 2976 1838 personae
3025 1757 3155 1819 sint
3193 1757 3432 1821 eaedem
3482 1757 3596 1818 uni
3633 1775 3906 1820 numero

794 1846 1069 1928 Strati,
1109 1847 1224 1912 ita
1267 1861 1411 1914 neo
1461 1848 1726 1928 potuit
1764 1849 2292 1929 philosophiae
2329 1852 2378 1915 B
2407 1854 2641 1917 divinae
2669 1854 2981 1928 essentiae‚
3016 1861 3080 1917 et
3117 1855 3321 1918 nihilo
3365 1855 3580 1918 minus
3616 1854 3698 1918 ab
3743 1854 3908 1917 invi-

796 1944 1450 2013 demonstrativis
1505 1947 1957 2016 rationibus
2002 1949 2294 2029 impro-

764 2077 769 2080 -
793 2041 991 2109 bari.

527 3830 561 3874 ll
590 3831 695 3876 Cor.
719 3848 763 3887 x,

875 2141 1051 2215 Quod
1093 2148 1211 2218 est,
1255 2143 1557 2224 quoniam
1604 2143 1766 2208 fides
1811 2144 2142 2218 catholica,
2185 2163 2296 2228 po-

796 2239 1043 2302 tissime
1082 2241 1389 2303 articulus
1432 2241 1585 2304 fidei
1631 2243 1711 2305 de
1761 2243 2043 2305 trinitate
2088 2262 2296 2325 perso—

794 2355 1024 2399 narum
1055 2337 1121 2401 in
1153 2339 1303 2412 Deo,
1327 2358 1583 2403 omnem
1616 2341 2009 2406 transcendit
2036 2342 2294 2406 investi-

796 2435 1117 2516 gationem
1164 2436 1512 2500 humanam
1561 2439 2047 2522 naturalemque
2106 2440 2292 2504 ratio-

796 2552 946 2596 nem
990 2552 1004 2596 :
1048 2534 1201 2616 quia
1249 2535 1416 2598 Deus
1472 2536 1744 2599 Trinitas
1793 2545 2112 2600 creaturas
2163 2556 2290 2601 non

795 2633 1097 2715 produxit
1145 2642 1460 2716 quatenus
1511 2635 1577 2697 in
1628 2635 1917 2717 personis
1965 2636 2288 2710 distincta,

792 2731 902 2794 sed
936 2738 1006 2793 ut
1036 2731 1102 2793 in
1142 2733 1421 2794 essentia
1455 2751 1529 2795 ac
1567 2740 1877 2816 potestate
1918 2733 2192 2816 simplex
2230 2742 2294 2798 et

792 2849 939 2904 una,
972 2849 1047 2893 ac
1086 2830 1457 2893 indistincta
1499 2831 1563 2893 in
1608 2831 1862 2894 deitatis
1906 2840 2149 2895 natura.
2199 2834 2293 2896 Fi-

792 2929 903 2991 des
949 2946 1204 3011 quoque
1249 2946 1375 2992 non
1413 2929 1605 2992 habet
1653 2931 1977 3006 meritum,
2018 2933 2123 2994 cui
2173 2931 2288 2994 hu-

2405 1971 2546 2016 cem
2615 1953 2870 2016 realiter
2925 1953 3056 2016 sint
3111 1954 3445 2018 distincta).
3505 1954 3645 2017 Non
3712 1953 3906 2036 igitur

2403 2051 2875 2126 aestimandum,
2929 2052 3100 2134 quod
3146 2051 3382 2134 aliquis
3433 2070 3718 2134 unquam
3767 2052 3906 2134 phi-

2404 2150 2708 2233 losophus
2747 2169 2860 2213 seu
2899 2150 3024 2213 alia
3062 2168 3333 2233 persona
3369 2150 3672 2224 humana,
3707 2150 3772 2212 in
3813 2149 3906 2212 lu-

2403 2249 2578 2312 mine
2629 2267 2788 2332 pure
2837 2249 3110 2312 naturali
3151 2248 3391 2331 reperit
3435 2256 3546 2312 aut
3581 2249 3900 2330 cognovit,

2403 2347 2755 2411 trinitatem
2783 2353 2895 2409 aut
2923 2347 3354 2429 pluralitatem
3384 2364 3804 2429 personarum
3833 2347 3900 2408 in

2400 2445 2887 2528 simplicissimo
2931 2464 3072 2508 esse
3114 2445 3262 2508 Deo.

2479 2543 2947 2616 Verumtamen,
2971 2541 3557 2625 quantumcumque
3588 2542 3722 2608 haec
3741 2542 3900 2606 fidei

2400 2641 2760 2705 christianae
2798 2641 3063 2704 assertio
3103 2641 3396 2704 videatur
3439 2640 3776 2716 mirabilis,
3819 2641 3910 2703 ir·-

2400 2737 2796 2801 rationabilis
2865 2745 2929 2801 et
2992 2737 3668 2822 incomprehensibilis
3732 2757 3902 2812 esse,

2400 2837 2580 2899 nulla
2636 2844 2849 2899 tamen
2910 2855 3194 2918 unquam
3255 2837 3464 2920 potuit
3509 2837 3790 2899 humana
3837 2844 3910 2900 et

2399 2935 2674 2998 naturali
2724 2935 2968 2998 ratione
3017 2935 3312 2999 convinci
3363 2952 3376 2997 ε
3429 2934 3560 2997 imo
3607 2935 3902 2998 omnium

791 3045 974 3088 mana
1005 3027 1166 3090 ratio
1193 3026 1435 3109 praebet
1464 3029 1979 3111 experimentum.
2000 3031 2285 3112 Insuper,
2319 3034 2363 3099 C
2403 3032 2850 3096 haereticorum
2909 3039 2974 3095 et
3031 3032 3564 3115 philosophorum
3615 3032 3904 3096 infideli-

788 3125 991 3187 voluit
1050 3125 1306 3190 Creator
1368 3127 1775 3209 omnipotens
1834 3134 1904 3189 ut
1960 3129 2287 3192 rationalis

790 3230 1082 3286 creatura
1125 3243 1193 3287 se
1236 3231 1434 3287 totam
1478 3244 1594 3289 suo
1638 3225 1942 3307 subjiciat
1983 3227 2285 3302 Creatori,

793 3329 1077 3384 mactans
1117 3341 1185 3384 se
1226 3323 1319 3384 illi
1362 3323 1426 3384 in
1466 3323 1860 3387 sacrificium
1900 3325 2176 3388 salutare
2215 3345 2288 3388 ac

790 3421 1035 3495 vivum,
1088 3421 1485 3484 intellectum
1545 3423 1878 3505 proprium
1926 3424 2288 3486 auctoritati

791 3518 1135 3601 Scripturae
1166 3539 1281 3601 per
1312 3518 1507 3582 fidem
1548 3519 1737 3602 plene
1777 3521 2108 3585 subdendo
2146 3541 2288 3605 pro-

791 3622 934 3699 pter
965 3617 1075 3679 Dei
1107 3617 1450 3681 revelantis
1483 3619 1905 3681 reverentiam
1946 3638 2018 3681 ac
2058 3620 2288 3682 sancti-

790 3721 1007 3790 tatem,
1040 3716 1151 3797 qui
1182 3735 1300 3779 nec
1330 3717 1467 3779 falli
1498 3717 1668 3780 valet
1697 3735 1815 3780 nec
1846 3717 2085 3780 fallere.
2112 3719 2288 3781 Unde

790 3812 952 3876 dixit
992 3814 1331 3897 Apostolus
1366 3833 1379 3876 :
1413 3816 1483 3877 In
1527 3815 1961 3897 captivitatem
2000 3816 2289 3896 redigen-

789 3918 885 3974 tes
915 3930 1167 3976 omnem
1198 3912 1590 3976 intellectum
1622 3915 1687 3976 in
1719 3913 2087 3996 obsequium
2117 3914 2293 3978 Chri-

791 4011 893 4074 sti.
947 4012 1253 4095 Denique,
1305 4013 1370 4075 in
1422 4013 1835 4076 universitate
1878 4015 2044 4077 entis
2092 4013 2288 4076 creati

790 4109 1025 4172 nullibi
1074 4111 1439 4173 invenimus
1488 4112 1886 4193 personalem
1936 4112 2289 4175 distinctio-

789 4227 938 4271 nem
980 4216 1045 4272 et
1082 4228 1273 4271 unam
1309 4228 1578 4273 numero
1619 4210 1686 4271 in
1734 4211 2021 4292 personis
2065 4211 2288 4273 distin·
2322 4210 2371 4273 D

791 4307 911 4370 ctis
942 4309 1305 4370 essentiam.
1338 4307 1655 4390 AmpliuS,
1690 4309 1756 4370 in
1787 4309 1964 4371 nulla
2009 4327 2075 4371 re
2113 4309 2288 4372 vide-

786 4413 893 4469 tur
959 4405 1313 4487 personalis
1381 4406 1708 4469 distinctio
1778 4407 1866 4469 ita
1931 4425 2288 4489 repugnare

791 4504 1144 4566 secundum
1221 4502 1531 4566 naturalis
1604 4504 1869 4567 rationis
1948 4523 2282 4567 censuram

790 4601 1187 4684 simplicitati
1237 4601 1442 4683 ipsius
1486 4603 1578 4664 rei
1626 4601 1793 4664 sicut
1834 4602 1900 4665 in
1944 4602 2073 4666 Deo
2107 4620 2122 4665 τ
2158 4603 2288 4667 imo

789 4701 853 4763 in
900 4701 1079 4763 nullo
1127 4708 1273 4764 ente
1323 4699 1574 4763 videtur
1621 4700 1946 4765 distinctio
1994 4720 2288 4783 persona-

788 4818 932 4862 rum
982 4799 1074 4862 sic
1124 4799 1494 4864 contrariari
1538 4799 1809 4863 naturali
1854 4801 2081 4863 rationi
2120 4801 2288 4863 sicut

788 4900 854 4961 in
887 4898 1367 4982 simplicissimo
1396 4899 1608 4981 primo
1637 4899 1956 4982 principio
1987 4899 2115 4961 Deo
2154 4918 2288 4963 om-

788 4999 1136 5081 nipotente.
1184 4997 1663 5060 Difficillimum
1708 4998 1951 5080 quippe
2008 5005 2105 5060 est
2154 5016 2286 5060 cer-

786 5113 941 5158 nere
996 5095 1270 5176 qualiter
1327 5095 1521 5158 simul
1580 5101 1750 5157 stent
1805 5094 2288 5176 simplicissima

789 5193 1001 5255 unitas
1031 5199 1094 5254 et
1122 5192 1311 5256 realis
1342 5191 1707 5271 distineti03
1740 5193 2071 5274 quomodo
2090 5193 2286 5255 etiam

788 5291 855 5354 in
886 5307 1049 5373 puro
1078 5298 1225 5354 actu
1256 5291 1459 5373 possit
1484 5290 1811 5372 generatio
1837 5308 1977 5354 esse
2009 5291 2282 5374 passiva,

2402 3149 2642 3212 umque
2687 3129 2959 3210 objecta,
3001 3149 3038 3192 a
3081 3131 3316 3193 sanctis
3361 3129 3648 3194 Patribus
3687 3130 3904 3195 catho-

2400 3228 2671 3310 licisque
2701 3228 3071 3291 doctoribus
3099 3247 3248 3291 vere
3278 3236 3342 3291 et
3371 3228 3728 3293 efficaciter
3755 3239 3908 3292 sunt

2400 3325 2626 3391 soluta.
2692 3325 3030 3408 Quumque
3088 3326 3225 3390 haec
3271 3327 3692 3391 divinissimae
3742 3326 3902 3391 fidei

2399 3424 2688 3487 doctrina
2716 3424 2801 3486 sit
2827 3425 3103 3507 desuper
3148 3426 3444 3498 revelata,
3477 3434 3541 3488 et
3569 3444 3685 3508 per
3711 3425 3904 3489 innu-

2400 3521 2734 3584 merabilia
2763 3523 2964 3603 signa,
2997 3522 3327 3597 miracula,
3361 3523 3671 3605 prodigia,
3703 3521 3909 3586 virtu-

2399 3626 2494 3682 tes
2546 3638 2621 3682 ac
2671 3621 3041 3683 testimonia
3083 3620 3435 3703 approbata
3479 3629 3544 3684 et
3585 3619 3902 3695 roborata,

2399 3724 2472 3779 ut
2499 3717 2652 3780 alibi
2685 3717 3127 3800 copiosissime
3159 3726 3256 3780 est
3285 3719 3640 3800 probatum,
3655 3727 3909 3784 constat

2399 3816 2567 3897 quod
2601 3824 2821 3879 contra
2849 3834 2989 3879 eam
3018 3816 3196 3878 nulla
3222 3825 3416 3899 queat
3445 3817 3908 3882 demonstratio

2401 3914 2719 3977 introduci
2751 3921 2861 3978 aut
2890 3914 3167 3978 militare
3202 3933 3217 3977 ε
3251 3932 3406 3978 vero
3447 3935 3728 3998 namque
3769 3935 3901 3980 non

2400 4031 2649 4088 verum,
2684 4014 2795 4076 sed
2837 4012 3070 4076 falsum
3115 4014 3478 4096 opponitur.

2774 4223 3294 4289 PROPOSITIO
3343 4224 3528 4288 XIV.

2481 4411 2578 4479 In
2647 4410 2976 4489 seriptis
3044 4410 3470 4488 gentilium
3539 4412 3904 4492 quaedam

2400 4507 2810 4589 1eguntur,
2831 4522 2931 4574 ex
2959 4507 3255 4589 quibus
3282 4510 3650 4576 nonnulli
3671 4513 3906 4592 puta-

2400 4608 2592 4673 runt
2632 4605 2833 4686 ipsis
2874 4605 3256 4686 gentibus
3290 4607 3734 4676 innotuisse
3775 4624 3904 4676 su·

2401 4704 3296 4785 perexcellentissimam
3383 4705 3902 4790 Trinitatem,

2401 4804 2542 4871 aut
2584 4803 2875 4869 saltem
2933 4804 3197 4870 Patris
3249 4805 3529 4870 aeterni
3573 4805 3642 4886 ej
3651 4821 3904 4887 usque

2399 4899 2818 4980 Unigeniti
2865 4902 3273 4970 deitatem.

2478 4999 2654 5073 Quod
2705 5007 2823 5073 est,
2875 5000 3027 5081 quia
3074 4999 3140 5060 in
3193 4999 3359 5063 libro
3407 4999 3902 5066 confessionum

2398 5096 2620 5161 beatus
2653 5099 2876 5161 recitat
2903 5097 3318 5178 Augustinus,
3353 5118 3420 5162 se
3451 5099 3516 5162 in
3549 5099 3731 5164 libris
3767 5101 3904 5165 Pla-

2395 5196 2758 5259 tonicorum
2817 5195 3131 5278 reperisse
3187 5202 3378 5278 atque
3427 5197 3657 5278 legisse
3704 5219 3903 5282 quan-

2395 5301 2535 5356 tum
2566 5294 2644 5357 ad
2675 5312 2959 5369 sensum,
2993 5294 3288 5375 quamvis
3317 5295 3438 5357 sub
3475 5295 3619 5360 aliis
3656 5297 3898 5373 verbis,
