4300 6259
917 520 1342 567 numano
1381 518 1842 566 rnunsormca.
1883 534 1968 547 -
2007 518 2090 565 na
2127 518 2559 569 marusim
2598 522 2905 569 amau
3384 504 3461 567 31

361 690 428 752 in
481 690 661 754 omni
715 709 950 773 genere
1007 692 1290 775 primum
1347 698 1444 753 est
1503 688 1856 752 maximum
1885 686 1938 751 A
2035 688 2215 761 Quod
2242 690 2523 773 esuquia
2550 690 2941 774 principium
2966 690 3465 754 antecessionem

355 796 550 871 atque
581 789 914 871 potissime
951 790 1374 860 causativum,
1407 789 1476 851 in
1513 787 1724 850 causis
1762 786 1856 849 di·

336 895 528 973 ·recte
575 888 1082 951 essentialiterve
1137 888 1588 949 subordinatis.
1643 885 1860 949 Praeci-

357 1004 484 1067 pue
526 1004 786 1069 quoque
835 986 1230 1050 universales
1279 1005 1488 1049 causae
1531 984 1858 1068 appellan-

355 1092 477 1157 tur,
511 1104 656 1167 quae
687 1086 750 1147 in
781 1086 1000 1148 omnia
1039 1086 1160 1147 ista
1201 1084 1504 1148 inferiora
1541 1084 1664 1147 sub
1701 1084 1856 1147 orbe

357 1181 526 1246 lunae
585 1192 906 1257 contenta,
957 1192 1114 1265 puta
1159 1184 1224 1246 in
1281 1192 1478 1247 totam
1535 1184 1850 1266 spbaeram

353 1282 710 1344 activorum
739 1291 806 1344 et
833 1282 1256 1363 passivorum,
1287 1290 1484 1363 agunt
1519 1300 1592 1343 ac
1633 1281 1855 1363 impri-

357 1388 542 1441 munt
581 1398 598 1441 ε
639 1381 718 1443 de
757 1381 996 1463 quibus
1037 1381 1248 1442 causis
1295 1388 1518 1443 tractat
1567 1379 1730 1442 liber
1775 1380 1854 1442 de

353 1478 576 1541 Causis
607 1478 986 1541 intitulatus.
1019 1480 1168 1553 Quae
1209 1480 1402 1541 etiam
1447 1496 1654 1541 causae
1693 1496 1854 1541 nun-

357 1586 678 1659 cupantur
727 1597 934 1641 causae
981 1578 1326 1659 primariae.
1375 1596 1450 1640 ac
1495 1598 1532 1639 a
1581 1577 1856 1659 pbiloso-

359 1676 506 1758 pbis
564 1684 841 1759 quatuor
903 1695 1046 1739 esse
1103 1674 1421 1747 feruntur,
1477 1676 1776 1737 videlicet
1837 1691 1854 1736 :

357 1774 546 1840 Deus.
591 1774 1036 1856 intelligentia,
1074 1774 1290 1837 anima
1329 1772 1588 1842 nobilis,
1621 1774 1856 1837 coelum

1965 788 2307 869 quamdam
2354 789 2665 870 designat.
2698 798 2927 872 utputa
2966 788 3321 852 durationis
3363 789 3466 852 vel

1965 885 2297 968 temporis,
2328 888 2595 969 originis
2623 896 2734 950 aut
2762 896 3025 951 naturae.
3058 888 3135 949 Et
3170 888 3467 970 quamvis

1967 1002 2159 1047 causa
2208 986 2733 1069 principiumque
2788 987 3177 1059 coincidant,
3230 986 3467 1069 princi·

1967 1082 2148 1165 pium
2179 1092 2389 1145 tamen
2421 1086 2677 1147 videtur
2704 1104 2845 1147 esse
2874 1085 3283 1148 communius
3324 1103 3469 1147 cau·

1965 1200 2038 1243 sa
2077 1199 2094 1242 :
2137 1182 2226 1243 ita
2262 1182 2431 1263 quod
2469 1184 2683 1246 omnis
2732 1203 2925 1247 causa
2968 1192 3069 1246 est
3114 1203 3233 1247 suo
3280 1184 3469 1248 modo

1967 1280 2385 1362 principium,
2418 1298 2549 1344 non
2578 1282 2961 1348 econtrario,
2982 1301 3181 1364 quum
3211 1290 3275 1344 et
3308 1302 3467 1365 pun·

1967 1387 2110 1440 ctus
2147 1380 2399 1441 dicatur
2428 1381 2825 1463 principium
2856 1381 3065 1455 lineae,
3096 1380 3286 1462 eujus
3322 1400 3468 1442 cau-

1969 1495 2038 1538 sa
2087 1496 2217 1541 non
2264 1486 2363 1540 est
2418 1479 2545 1541 nisi
2604 1480 2963 1542 secundum
3018 1480 3469 1561 imaginarium

1969 1572 2243 1637 fluxum.
2294 1576 2509 1639 Nihilo
2559 1578 2777 1639 minus
2824 1578 3218 1660 principium
3266 1578 3467 1640 dividi

1971 1680 2181 1753 potest
2206 1675 2755 1756 quemadmodum
2794 1695 3007 1738 causa.
3044 1676 3153 1739 Est
3192 1694 3469 1759 namque

1969 1770 2325 1835 increatum
2360 1774 2777 1857 principium,
2808 1793 2845 1837 a
2872 1791 3003 1856 quo
3032 1775 3331 1837 universa
3372 1793 3471 1837 ce-

355 1892 468 1935 seu
499 1873 596 1934 vis
627 1873 902 1935 causalis
939 1871 1308 1936 coelestibus
1349 1870 1724 1954 corporibus
1764 1873 1856 1933 in·
1891 1867 1938 1931 B
1967 1876 2102 1931 tera
2131 1871 2581 1951 profluxerunt
2614 1889 2630 1933 ε
2662 1892 2809 1935 nam
2842 1880 2907 1936 et
2934 1874 3145 1936 omnis
3186 1873 3471 1936 multitu·

355 1970 496 2032 sita.
529 1970 830 2045 Quatuor,
867 1972 1154 2053 inquam,
1189 1978 1340 2033 sunt
1369 1972 1434 2033 in
1465 1971 1794 2034 communi
1837 1988 1854 2031 ε

359 2087 506 2132 nam
549 2070 846 2151 quamvis
887 2070 1094 2151 prima
1129 2088 1320 2133 causa
1357 2070 1440 2132 sit
1477 2068 1860 2151 simpliciter

359 2187 486 2229 una
531 2186 802 2231 numero
845 2176 1118 2239 tantum,
1162 2168 1602 2250 intelligentia
1645 2177 1858 2230 tamen

357 2286 432 2328 ac
460 2266 694 2329 animae
723 2265 972 2330 nobiles
999 2266 1386 2346 (secundum
1417 2266 1862 2349 philosophos)

359 2373 423 2427 et
449 2364 640 2428 orbes
669 2364 960 2428 coelestes
987 2374 1142 2427 sunt
1171 2364 1404 2446 plures.
1441 2366 1630 2427 Porro
1671 2382 1860 2427 causa

363 2464 766 2546 particularis
806 2472 1126 2534 censetur,
1165 2484 1310 2546 quae
1351 2465 1724 2545 pauciorum
1763 2472 1860 2525 est

363 2581 578 2635 causa,
635 2571 700 2625 et
759 2562 960 2643 magis
1027 2562 1362 2625 limitatam
1421 2563 1858 2626 causalitatem

363 2662 588 2723 sortita
629 2667 746 2723 est.
797 2662 1040 2724 Idcirco
1085 2660 1177 2723 nil
1223 2660 1522 2744 probibet
1567 2662 1860 2725 eamdem

367 2778 624 2821 causam
651 2766 944 2841 roepectu
987 2758 1386 2821 diversorum
1427 2767 1494 2822 et
1535 2760 1864 2822 universa-

369 2858 494 2921 lem
537 2858 856 2920 nominari
899 2864 964 2919 et
1005 2858 1478 2939 particularem.

447 2958 713 3040 Insuper
756 2975 950 3019 causa
995 2956 1306 3019 dividitur
1341 2958 1406 3019 in
1447 2975 1704 3019 causam
1753 2976 1860 3019 na-

1967 1968 2050 2030 do
2077 1967 2162 2030 ab
2194 1988 2321 2033 uno
2350 1972 2651 2034 manavit.
2668 1972 2774 2033 Est
2804 1990 3050 2055 quoque
3080 1972 3469 2055 principium

1967 2075 2277 2141 creatum,
2310 2070 2483 2151 quod
2522 2070 2859 2152 multiplex
2899 2089 3040 2133 esse
3082 2078 3351 2143 constat,
3379 2072 3469 2133 vi-

1967 2164 2203 2227 delicet
2238 2184 2253 2227 :
2292 2168 2589 2246 gencrale
2628 2176 2694 2229 et
2730 2168 3135 2250 particulare,
3172 2169 3467 2231 intrinse-

1969 2282 2116 2325 cum
2147 2271 2215 2325 et
2240 2265 2699 2337 extrinsecum,
2722 2267 2891 2329 reale
2918 2276 2983 2329 et
3012 2267 3467 2349 praedicamen·

1969 2362 2094 2423 tale
2129 2363 2381 2443 (decem
2420 2363 2595 2425 enim
2638 2364 3130 2445 praedicamenta
3165 2366 3469 2428 dicuntur

1969 2462 2193 2523 decem
2235 2462 2555 2545 principia
2594 2464 2875 2544 rerum):
2908 2463 3129 2546 sicque
3162 2466 3469 2548 deinceps

1973 2560 2623 2642 proportionabiliter,
2656 2562 2822 2624 sieut
2850 2562 2931 2625 de
2968 2581 3175 2627 causae
3213 2564 3471 2627 divisio-

1973 2676 2054 2721 ne
2097 2659 2431 2722 inductum
2474 2668 2593 2722 est.

2358 2870 2877 2937 PROPOSrrlo
2924 2872 3081 2936 XII.

367 3056 661 3128 turalem,
693 3063 758 3117 et
785 3054 1358 3138 supernaturalem.
1383 3055 1586 3119 Causa
1613 3062 1862 3117 natura-
1893 3056 1940 3120 C
2051 3054 2395 3121 Habitus
2456 3057 2891 3123 seeundum
2954 3072 3199 3125 unam
3254 3072 3471 3125 aoce-

367 3153 446 3216 Iis
473 3154 802 3220 asseritur,
832 3172 976 3235 quae
1015 3154 1372 3216 secundum
1415 3153 1674 3217 solitum
1719 3172 1862 3217 cur-

365 3272 510 3315 sum
537 3270 614 3314 ac
643 3252 932 3315 ordinem
965 3250 1158 3314 rebus
1187 3252 1559 3315 naturaliter
1585 3254 1860 3316 inditum

365 3360 710 3433 operatur3
741 3369 934 3412 causa
970 3369 1124 3413 vero
1161 3352 1684 3433 supernaturalis,
1717 3371 1860 3433 quae

363 3450 574 3512 altiori
617 3448 829 3513 efficit
875 3449 1086 3516 modo,
1125 3458 1192 3512 et
1235 3469 1430 3531 supra
1477 3469 1740 3513 cursum
1783 3470 1858 3513 ac

363 3548 656 3612 ordinem
687 3556 1018 3610 rerumtut
1051 3548 1116 3609 in
1149 3548 1546 3611 miraculosis
1576 3557 1748 3631 patet
1775 3549 1862 3611 ei·

365 3646 664 3710 lectibus.
683 3647 920 3708 Iterum
951 3665 1142 3709 causa
1167 3646 1478 3707 dividitur
1505 3648 1570 3709 in
1601 3665 1858 3711 causam

365 3764 482 3829 per
509 3764 598 3817 se,
629 3754 697 3807 et
727 3746 788 3807 in
823 3764 1080 3807 causam
1113 3763 1231 3827 per
1255 3745 1586 3823 accidens3
1621 3746 1684 3807 in
1715 3765 1860 3808 cau-

365 3864 502 3907 sam
547 3861 800 3926 quoque
841 3843 1286 3925 principalem,
1317 3851 1382 3905 et
1415 3845 1860 3907 instrumenta-

369 3944 536 4021 lem3
569 3944 852 4024 itemque
883 3942 950 4003 in
980 3960 1238 4004 causam
1268 3942 1510 4005 directe
1538 3952 1855 4025 agentem,

365 4049 430 4103 et
447 4060 704 4104 causam
733 4040 874 4103 sine
893 4059 1020 4123 qua
1045 4058 1170 4102 non
1187 4058 1204 4117 3
1221 4049 1286 4102 et
1307 4060 1528 4103 rursus
1549 4042 1612 4103 in
1635 4060 1858 4106 causas

363 4138 790 4202 essentialiter
817 4139 1264 4201 subordinatas
1293 4158 1406 4201 seu
1437 4140 1855 4217 coordinataS,

1969 3155 2491 3235 ptionem,est
2516 3170 2763 3221 unum
2796 3156 3067 3222 decem
3095 3158 3467 3238 praedioa-

1969 3256 2425 3319 mentorum
2462 3274 2481 3331 ;
2526 3256 2961 3321 seeundum
3016 3256 3285 3337 aliam,
3344 3258 3471 3323 est

1971 3351 2279 3429 speeies
2332 3350 2793 3431 qualitatis3
2842 3353 3277 3419 seeundum
3312 3356 3469 3420 ter-

1969 3446 2195 3527 tiam,
2242 3450 2369 3513 est
2410 3450 3325 3530 postpraedioamentum.

2049 3546 2263 3608 Primo
2310 3546 2499 3609 modo
2543 3566 2581 3609 a
2626 3546 2911 3611 Gilberto
2958 3549 3051 3611 sic
3098 3549 3413 3613 delinitur
3452 3570 3467 3614 :

1969 3642 2235 3706 Habitus
2262 3654 2361 3707 est
2388 3663 2753 3727 corporum,
2784 3656 2849 3709 et
2876 3664 3099 3710 eorum
3128 3668 3273 3731 quae
3300 3650 3473 3713 eirca

1969 3761 2205 3825 corpus
2260 3751 2431 3815 sunt,
2491 3744 2867 3824 adjacentia.
2930 3746 3223 3810 Secundo
3280 3748 3470 3811 modo

1968 3841 2284 3924 accipitur
2332 3860 2450 3923 pro
2496 3843 2801 3924 qualitate
2848 3844 3205 3907 difficulter
3262 3864 3469 3910 remo-

1971 3941 2084 4001 bili
2115 3959 2153 4002 a
2182 3958 2299 4002 suo
2326 3940 2641 4021 subjecto.
2676 3950 2829 4024 puta
2869 3941 3147 4006 firmiter
3190 3946 3471 4007 radicata

1969 4038 2034 4100 in
2065 4037 2197 4099 illo.
2232 4038 2443 4102 Tertio
2474 4039 2661 4102 modo
2690 4040 2991 4121 importat
3022 4040 3467 4107 habitudinem

1967 4136 2311 4219 quamdam
2362 4156 2475 4198 seu
2522 4136 2991 4201 ordinationem
3041 4140 3315 4204 aliorum
3362 4162 3469 4224 ge-

363 4248 428 4302 et
467 4240 532 4301 in
583 4257 810 4301 causas
855 4239 1336 4301 accidentaliter
1379 4257 1738 4319 connexas3
1791 4244 1854 4305 in
1887 4240 2195 4305 Dnerum
2258 4236 2338 4299 ad
2398 4236 2603 4319 ipstm
2666 4236 3117 4301 subsunfiam·
3166 4240 3467 4313 Quamvis

363 4357 620 4401 causam
673 4338 826 4400 item
887 4337 1320 4411 intrinsecam,
1371 4347 1435 4400 et
1485 4339 1550 4400 in
1597 4358 1856 4404 causam

363 4437 788 4500 extrinsecam
813 4454 832 4513 3
861 4444 1054 4517 atque
1101 4436 1166 4497 in
1203 4454 1460 4499 causam
1493 4438 1556 4499 in
1597 4438 1762 4506 fieri,
1793 4448 1860 4503 et

365 4537 428 4597 in
471 4554 730 4598 causam
779 4534 842 4595 in
889 4552 1048 4596 esse.
1093 4534 1416 4597 Postremo
1461 4554 1652 4599 causa
1699 4538 1858 4600 divi·

363 4635 538 4697 ditur
583 4632 908 4695 communi
953 4632 1268 4694 divisione
1307 4633 1372 4694 in
1409 4652 1666 4698 causam
1717 4636 1858 4699 el'l'i-

363 4734 668 4804 cientem,
709 4730 996 4802 finalem,
1041 4730 1398 4796 formalem.
1434 4750 1512 4794 ac
1563 4734 1852 4797 materia-

365 4828 492 4892 lem
525 4847 542 4891 :
573 4830 654 4892 de
685 4828 920 4912 quibus
957 4828 1124 4891 infra
1153 4829 1422 4891 dicetur.

769 5038 1290 5104 PROPOSITIO
1335 5040 1456 5103 xl.

443 5224 942 5308 Principium
983 5226 1106 5291 est
1147 5225 1232 5290 id
1270 5237 1318 5289 a
1355 5237 1512 5305 quo
1553 5224 1862 5305 aliquid

363 5326 674 5408 incipit,
721 5322 1192 5407 producitur
1238 5325 1385 5389 aut
1425 5323 1804 5404 procedit.

1967 4334 2140 4397 enim
2200 4354 2279 4397 ex
2330 4343 2509 4418 parte
2564 4334 2859 4397 habentis
2914 4346 3207 4399 sumatur
3264 4358 3463 4401 unum

1965 4432 2243 4515 speciale
2274 4434 2839 4514 predicamentum
2878 4436 3048 4517 quod
3086 4437 3323 4499 dicitur
3358 4438 3467 4500 ha·

1969 4531 2455 4605 bitus‚attamen
2487 4551 2566 4594 ex
2597 4542 2775 4614 parte
2806 4534 2895 4595 rei
2930 4532 3161 4597 babitae
3188 4535 3467 4617 speciale

1969 4650 2094 4694 non
2126 4632 2297 4695 valet
2323 4632 2529 4713 accipi
2564 4634 3151 4715 praedicamentum,
3184 4635 3335 4719 quia
3364 4655 3465 4699 res

1971 4728 2078 4791 illa
2109 4730 2175 4791 in
2216 4729 2513 4812 pluribus
2554 4732 2875 4813 reperitur
2912 4733 3463 4814 praedicamentis;

1967 4828 2078 4889 sed
2125 4828 2295 4901 inde,
2338 4828 2457 4889 hoc
2496 4837 2591 4889 est
2634 4847 2673 4889 a
2716 4848 2785 4889 re
2826 4826 3061 4902 habita,
3096 4834 3464 4914 postpraedi-

1967 4934 2331 4989 camentum
2372 4926 2741 5007 suscipitur.
2776 4926 2931 4989 Nam
2970 4928 3087 4991 etsi
3138 4948 3239 4991 res
3286 4930 3465 4993 babi-

1969 5035 2053 5099 ta,
2087 5025 2441 5087 secundum
2471 5026 2641 5107 quod
2674 5044 2775 5087 res
2806 5034 3069 5099 naturae,
3102 5046 3229 5090 non
3264 5030 3345 5091 sit
3384 5032 3463 5095 de

1971 5124 2173 5204 logica
2216 5123 2745 5197 consideratione,
2780 5124 2983 5189 nihilo
3022 5127 3239 5190 minus
3280 5130 3463 5191 redu·

1967 5225 2096 5287 ctio
2131 5222 2275 5303 ejus
2312 5222 2391 5285 ad
2429 5242 2619 5287 suum
2658 5225 3243 5307 praedicamentum,
3288 5246 3465 5291 coor-

1968 5323 2211 5385 dinatio
2258 5338 2515 5405 quoque
2556 5324 2757 5406 ipsius
2792 5323 2871 5386 ad
2920 5324 3285 5401 habentem,
3326 5346 3467 5411 spe·
