4300 6259
1005 499 1084 544 nt:
1125 494 1350 542 nnuma
1391 493 1773 541 cumsrlANAE
1813 493 2114 550 THEORIAE,
2160 493 2335 540 UBER
2377 494 2417 540 1.
2464 512 2543 524 —
2584 497 2723 542 ΛΒΤ.
2767 495 2867 542 xm

3366 475 3487 540 345

387 670 770 752 intelligitur
811 679 1034 735 natura
1080 668 1333 750 generis
1371 665 1512 729 sine
1551 665 1790 750 specie,
1823 673 1886 728 et
1913 665 1966 730 A
1993 667 2072 729 ad
2116 666 2346 730 ultima
2386 668 2629 732 ordinis
2668 667 3073 750 superpositi.
3107 666 3319 739 Porro,
3353 683 3491 747 spe·

388 771 748 834 econtrario
788 789 806 833 :
853 771 1004 834 licet
1047 767 1405 832 secundum
1458 786 1597 830 esse
1646 767 1886 829 abstra-

387 869 618 933 ctionis
647 871 768 934 hoc
800 870 943 933 fieri
975 870 1177 952 possit
1203 867 1410 950 quoad
1451 874 1742 928 naturam
1781 885 1883 948 ge-

383 968 576 1030 neris,
641 968 854 1032 Genus
911 968 1104 1031 etiam
1164 964 1433 1046 intelligi
1494 981 1622 1028 non
1678 971 1886 1046 potest

385 1067 522 1130 sine
565 1085 644 1130 eo
685 1067 854 1148 quod
897 1072 1048 1128 sunt
1090 1083 1221 1128 suae
1263 1063 1522 1145 species.

463 1165 587 1228 Sed
644 1164 954 1227 Averroes
1003 1171 1068 1227 et
1113 1161 1412 1225 Albertus
1473 1177 1600 1223 non
1658 1160 1881 1222 distin-

380 1269 590 1344 guunt
633 1262 700 1324 in
743 1263 992 1334 eodem,
1025 1280 1166 1324 esse
1203 1261 1285 1322 ab
1325 1259 1622 1332 essentia,
1657 1277 1882 1321 secun-

383 1361 538 1422 dum
584 1379 742 1423 rem.
776 1360 943 1422 Dicit
985 1359 1158 1422 enim
1188 1358 1508 1430 AlbertuS,
1549 1357 1613 1419 in
1655 1356 1882 1438 angelo

381 1476 496 1520 seu
543 1457 966 1538 intelligentia
1010 1476 1138 1520 non
1187 1475 1326 1520 esse
1377 1456 1609 1518 realem
1659 1455 1882 1517 distin-

381 1556 661 1618 ctionem
713 1556 880 1618 inter
927 1560 1100 1636 quod
1146 1563 1210 1617 et
1256 1575 1406 1634 quo,
1447 1555 1558 1616 sed
1619 1553 1880 1616 rationis

381 1655 473 1717 rei
515 1653 913 1718 rationabilis
953 1655 1282 1716 dumtaxat
1314 1671 1328 1715 :
1362 1653 1454 1716 sic
1494 1653 1663 1734 quod
1709 1653 1877 1714 idem

379 1753 738 1815 secundum
791 1753 1266 1816 concretionem
1315 1759 1379 1814 et
1435 1751 1876 1814 habitudinem

1995 765 2124 828 cies
2174 766 2421 828 entium
2478 767 2717 831 habent
2764 786 2831 831 se
2878 767 3045 830 sicut
3094 765 3366 829 numeri.
3418 765 3487 826 In

1995 864 2281 927 numeris
2329 872 2543 928 autem
2602 865 2911 948 proximis
2968 864 3131 928 nihil
3189 864 3490 926 interme-

1993 961 2169 1024 diare
2216 963 2402 1026 valet.
2456 964 2559 1026 Sic
2617 981 2767 1045 ergo
2814 970 2909 1026 est
2959 963 3266 1025 habitudo
3326 961 3491 1024 inter

1993 1060 2241 1141 species
2290 1061 2597 1136 universi,
2650 1069 2721 1124 ut
2776 1069 3025 1125 tantum
3083 1061 3485 1135 conveniant,

1993 1159 2163 1238 quod
2210 1158 2354 1241 plus
2392 1162 2735 1224 convenire
2778 1179 2905 1223 non
2950 1161 3217 1244 possint,
3264 1159 3316 1222 si
3364 1160 3488 1222 dis-

1991 1255 2207 1320 tinctae
2265 1259 2689 1322 remanebunt
2740 1278 2753 1322 ε
2805 1261 2973 1342 quod
3022 1260 3102 1322 de
3152 1257 3488 1340 speciebus

1991 1356 2301 1437 proximis
2331 1358 2775 1440 accipiendum
2808 1367 2923 1421 est.
2958 1358 3022 1422 Si
3068 1358 3261 1440 igitur
3304 1357 3489 1420 ratio-

1991 1453 2153 1516 nalis
2181 1456 2397 1518 anima
2425 1457 2493 1518 in
2524 1457 2751 1520 umbra
2790 1457 3225 1538 intelligentiae
3266 1456 3489 1518 imme-

1988 1552 2157 1615 diate
2188 1562 2397 1616 creata
2426 1563 2543 1628 est,
2574 1563 2729 1618 tunc
2759 1574 3019 1618 necesse
3058 1563 3155 1618 est
3196 1555 3492 1635 hujusce·

1992 1652 2165 1715 modi
2222 1671 2363 1716 esse
2430 1653 2921 1716 similitudinem
2988 1655 3155 1716 inter
3220 1673 3360 1716 eam
3428 1660 3490 1716 et

1989 1750 2481 1833 intelligentiam
2514 1737 2902 1827 in'ascensu,
2935 1759 2999 1815 et
3028 1752 3265 1815 formas
3309 1759 3488 1814 natu-

379 1852 455 1914 ad
495 1852 774 1924 diversa,
806 1851 1056 1914 dicatur
1084 1854 1258 1931 quod
1295 1858 1358 1913 et
1397 1871 1544 1930 quo.
1581 1849 1682 1912 Sic
1723 1849 1878 1911 dicit
1911 1845 1958 1908 B
1993 1849 2154 1911 rales
2201 1850 2265 1911 in
2314 1851 2645 1912 descensu.
2700 1850 2809 1912 Est
2857 1859 3070 1914 autem
3122 1851 3489 1914 immediate

377 1950 550 2030 quod
581 1950 859 2012 essentia
887 1956 1252 2031 comparata
1290 1949 1369 2010 ad
1415 1948 1696 2030 primum
1740 1948 1877 2011 fon-

379 2055 534 2122 tem,
569 2049 654 2110 sit
683 2069 808 2128 quo
836 2057 966 2116 esc,·
986 2055 1051 2110 et
1075 2054 1173 2110 est
1201 2050 1376 2126 quod
1401 2057 1493 2107 est
1521 2047 1876 2109 secundum

378 2147 550 2228 quod
583 2145 950 2208 causalitate
983 2145 1176 2227 primi
1210 2144 1512 2226 principii
1551 2163 1631 2207 ex
1675 2145 1878 2209 nihilo

377 2246 444 2307 in
491 2263 636 2308 esse
685 2244 906 2325 surgit.
951 2245 1166 2326 Ipsum
1215 2245 1408 2306 etiam
1457 2263 1619 2317 esse,
1651 2261 1876 2308 secun-

377 2344 532 2405 dum
583 2361 758 2416 eum,
809 2350 906 2405 est
964 2341 1136 2404 idem
1195 2361 1342 2404 cum
1401 2343 1698 2416 essentia,
1749 2359 1874 2405 non

378 2442 691 2505 differens
740 2442 864 2504 nisi
913 2441 1082 2504 sicut
1129 2441 1300 2504 idem
1357 2441 1766 2505 nominaliter
1814 2450 1878 2504 et

375 2539 723 2602 verbaliter
749 2539 1204 2620 significatum.
1241 2539 1413 2601 Hanc
1441 2539 1742 2622 equidem
1772 2557 1878 2622 po-

375 2637 676 2700 sitionem
706 2638 838 2718 jam
881 2655 1006 2700 non
1047 2645 1300 2721 oportet
1328 2637 1643 2700 deducere
1676 2655 1689 2699 :
1724 2638 1876 2700 alibi

373 2736 546 2798 enim
575 2735 790 2798 locum
821 2735 1034 2809 habet,
1066 2744 1131 2799 et
1169 2736 1360 2798 chaos
1401 2735 1719 2817 quoddam
1759 2735 1880 2798 dif-

373 2832 742 2896 ficultatum
776 2834 1070 2914 consistit
1097 2834 1164 2896 in
1192 2853 1286 2897 ea.
1306 2834 1487 2897 Nunc
1518 2850 1670 2896 vero
1698 2833 1880 2896 suffi-

374 2931 507 2994 ciat
541 2932 620 2994 de
667 2950 956 3004 numere,
989 2931 1234 3004 ordine,
1267 2939 1514 3002 natura,
1549 2931 1878 2994 intellectu

1993 1945 2479 2028 intelligentiam
2522 1967 2887 2030 assequens.
2923 1949 3079 2012 Nam
3121 1949 3248 2011 cito
3284 1957 3491 2012 osten-

1990 2045 2199 2117 detur,
2242 2061 2367 2108 non
2410 2054 2700 2128 oportere
2742 2063 2979 2128 ponere
3015 2047 3261 2109 animas
3300 2046 3487 2109 coelo-

1989 2161 2134 2205 rum
2170 2160 2183 2204 :
2218 2162 2359 2224 quae
2400 2145 2453 2206 si
2494 2152 2729 2218 essent,
2761 2145 3102 2208 similiores
3134 2144 3343 2207 forent
3372 2144 3491 2206 uti-

1989 2259 2114 2322 que
2146 2240 2610 2322 intelligentiis,
2630 2261 2821 2323 quam
2854 2241 2982 2304 sint
3008 2241 3237 2305 animae
3266 2242 3491 2304 huma-

1991 2359 2105 2402 nae.
2160 2339 2453 2402 Salvatur
2499 2340 2777 2422 denique
2824 2339 3032 2402 adhuc
3081 2340 3492 2422 pulchritudo

1989 2437 2233 2501 ordinis
2278 2438 2582 2500 mundani
2628 2439 2767 2500 sine
2810 2438 3063 2501 orbium
3102 2438 3437 2501 animabus
3472 2455 3487 2500 τ

1991 2553 2134 2618 quae
2154 2543 2367 2597 tamen
2398 2536 2451 2598 si
2484 2544 2801 2618 ponantur
2820 2535 2900 2598 ab
2917 2536 3134 2618 aliquo
3153 2535 3489 2617 Origenem

1991 2641 2056 2695 et
2107 2633 2434 2697 Platonem
2495 2643 2559 2696 et
2612 2634 3016 2697 Aristotelem
3081 2634 3485 2708 defendente,

1989 2751 2171 2813 aeque
2204 2730 2365 2794 bene
2397 2751 2546 2794 vera
2583 2740 2733 2794 sunt
2776 2751 2917 2814 quae
2958 2751 3129 2795 nunc
3174 2733 3485 2794 dicentur.

2069 2831 2140 2891 In
2170 2830 2346 2892 omni
2381 2829 2594 2911 itaque
2624 2829 2869 2903 ordine,
2894 2830 3067 2892 entia
3098 2830 3291 2893 medii
3322 2829 3493 2892 ordi-

1992 2928 2114 3000 niS,
2164 2927 2229 2989 in
2273 2928 2551 3009 quodam
2596 2947 2744 2990 cum
2788 2927 2978 2991 rebus
3023 2929 3394 3011 superioris,
3428 2936 3493 2990 et

372 3028 778 3110 etqualitate
811 3029 1208 3111 intelligendi
1253 3049 1326 3092 ac
1369 3029 1874 3110 intelligibilium
1909 3025 1952 3090 C
1994 3025 2054 3088 in
2098 3026 2371 3107 quodam
2414 3045 2561 3089 cum
2606 3026 2797 3089 rebus
2840 3027 3206 3091 declivioris
3249 3028 3492 3090 ordinis

369 3127 832 3202 formarum,et
861 3127 1274 3209 simplicitate
1307 3127 1874 3208 intelligentiarum

369 3225 616 3288 dixisse
653 3225 782 3287 hoc
828 3226 1036 3288 modo.

773 3495 1262 3560 ARTICULUS
1309 3497 1482 3561 XCI.

367 3641 467 3699 De
528 3638 1012 3712 comparatione
1083 3636 1430 3695 rationalis
1495 3639 1734 3698 animm
1790 3642 1878 3698 ad

451 3727 857 3786 substantias
925 3733 1262 3801 separatas
1318 3735 1379 3785 et
1432 3727 1685 3802 formas
1741 3749 1877 3788 sen·

452 3819 671 3876 suales
711 3835 788 3875 ac
829 3816 1204 3891 inferiore&

523 4011 770 4074 MNmM
811 4012 1175 4074 divinorum
1215 4018 1555 4075 ornatuum
1599 4033 1872 4088 summa,

555 4117 622 4171 ut
651 4109 1042 4171 theoremate
1085 4109 1436 4172 centesimo
1474 4112 1876 4192 quadragesi-

1991 3132 2237 3206 oportet
2266 3124 2760 3187 communicare.
2797 3125 2899 3190 Sic
2943 3127 3005 3188 in
3047 3134 3272 3188 natura
3311 3125 3493 3188 intel-

1993 3223 2251 3286 lectuali
2283 3242 2429 3285 cum
2471 3225 2800 3306 separatiS,
2834 3231 2897 3288 et
2936 3224 2999 3286 in
3038 3225 3236 3305 gradu
3278 3244 3493 3287 sensu-

1991 3322 2076 3385 ali
2133 3339 2282 3384 cum
2340 3323 2570 3385 ceteris
2636 3323 3001 3386 viventibus
3059 3323 3494 3386 communicat

1993 3420 2209 3482 anima
2250 3421 2530 3482 humana
2563 3439 2577 3483 :
2612 3439 2759 3484 cum
2800 3421 3027 3484 ultima
3066 3438 3217 3503 ergo
3258 3421 3489 3483 intelli-

1992 3518 2207 3598 gentia
2274 3519 2617 3581 maximam
2684 3520 3201 3583 communionem
3274 3518 3486 3582 habet.

1993 3616 2169 3679 Unde
2213 3617 2707 3679 existimandum
2752 3625 2868 3692 est,
2910 3618 3080 3699 quod
3129 3617 3345 3680 fluxus
3396 3619 3489 3681 in-

1991 3715 2427 3797 telligibilium
2458 3715 2815 3798 specierum
2849 3735 2886 3778 a
2914 3716 3133 3778 divino
3164 3716 3489 3780 intellectu

1991 3814 2058 3876 in
2089 3813 2539 3895 intelligentias
2571 3815 2987 3888 manantium,
3024 3814 3089 3876 in
3132 3815 3358 3877 ultima
3398 3815 3489 3876 in-

1991 3913 2343 3994 telligentia
2369 3919 2497 3976 tam
2532 3912 2797 3976 confuse
2826 3921 2890 3976 et
2920 3913 3296 3995 imperfecte
3335 3915 3491 3976 reci·

1991 4011 2225 4092 piatur,
2259 4019 2331 4073 ut
2362 4011 2425 4072 in
2456 4028 2531 4073 ea
2568 4011 2797 4074 merito
2838 4011 3103 4072 finiatur
3137 4029 3151 4073 :
3185 4012 3279 4074 sic
3318 4012 3487 4093 quod

1991 4107 2353 4170 intellectus
2385 4127 2525 4170 eam
2546 4128 2915 4191 assequenS,
2950 4111 3324 4173 naturaliter
3354 4129 3487 4174 cor-

367 4227 482 4271 mo
515 4207 788 4290 septimo
815 4207 906 4270 ait
940 4208 1220 4280 ProcluS,
1254 4207 1691 4271 assimilantur
1735 4210 1876 4272 ulti·
1909 4210 1958 4272 D
1993 4207 2130 4288 pori
2162 4207 2542 4288 copulabilis
2576 4207 2709 4278 fiat,
2741 4216 3055 4289 quatenus
3098 4227 3213 4292 per
3255 4228 3487 4292 organa

369 4307 504 4369 mis
553 4306 1123 4388 superpositorum.
1167 4307 1296 4370 Hoc
1347 4313 1444 4368 est
1490 4306 1704 4370 dicere
1749 4325 1764 4370 :
1811 4308 1876 4370 in

365 4405 628 4468 cunctis
656 4405 990 4468 ordinibus
1030 4404 1572 4487 perfectissimum
1619 4406 1876 4471 inferio—

366 4505 462 4567 ris
515 4503 758 4566 ordinis
817 4503 1029 4565 simile
1084 4510 1183 4566 est
1241 4502 1470 4566 infimo
1526 4506 1876 4586 superioris

363 4603 642 4667 ordinis.
693 4601 807 4664 Cui
867 4602 1040 4664 favet
1095 4601 1457 4683 DionysiuS,
1507 4602 1662 4664 dum
1717 4603 1807 4665 ait
1858 4621 1871 4665 ε

125 4715 177 4757 no
201 4717 338 4760 nina.
365 4702 605 4764 Divina
658 4699 972 4782 sapientia
1015 4707 1362 4762 nectuntur
1406 4701 1724 4782 principia
1781 4721 1874 4764 se-

93 4791 192 4820 nom.
210 4795 246 4822 e.
263 4796 318 4822 Vl!

362 4799 732 4862 eundorum
805 4797 1047 4860 finibus
1115 4797 1495 4880 primorum.
1561 4798 1630 4860 In
1697 4801 1873 4862 omni

360 4899 552 4962 enim
581 4897 804 4959 ordine
834 4902 934 4958 est
961 4895 1356 4958 continuatio
1383 4896 1670 4977 quaedam
1699 4914 1874 4960 coor-

361 4997 758 5069 dinatorum,
791 5013 936 5075 quae
964 4993 1138 5055 aliud
1169 5011 1298 5055 non
1331 5000 1427 5055 cst
1457 4992 1580 5054 nisi
1623 4995 1875 5075 copula-

358 5095 458 5158 tio
489 5093 922 5156 secundorum
961 5091 1040 5154 ad
1087 5090 1313 5173 prima.
1350 5089 1680 5172 Copulatio
1723 5110 1874 5156 vero

357 5190 614 5254 ratione
659 5188 1107 5252 similitudinis
1155 5187 1460 5251 efficitur.
1509 5188 1874 5252 Similitudo

353 5305 518 5372 ergo
563 5287 688 5350 erit
741 5285 1212 5370 principiorum
1259 5285 1581 5350 inferioris
1627 5287 1870 5351 ordinis

1989 4325 2215 4368 sensus
2272 4306 2519 4387 species
2576 4306 2847 4382 hauriat,
2898 4326 3055 4389 quas
3103 4308 3184 4371 ab
3233 4308 3486 4370 influxu

1988 4412 2423 4486 separatorum
2456 4405 2895 4468 intellectuum
2934 4407 3300 4469 immediate
3330 4407 3486 4469 reci-

1990 4521 2140 4584 pere
2184 4504 2425 4585 nequit.
2472 4504 2548 4566 Et
2596 4504 2701 4565 hic
2754 4504 3117 4567 intellectus
3167 4505 3485 4568 humanus

1987 4608 2104 4664 est.
2168 4602 2530 4676 Enimvero,
2582 4603 2749 4666 sicut
2810 4603 2874 4665 in
2925 4602 3090 4666 libro
3139 4603 3485 4666 Causarum

1988 4699 2312 4774 scribitur,
2364 4701 2531 4763 inter
2580 4720 2709 4763 rem
2768 4700 2955 4781 cujus
3013 4699 3369 4763 substantia
3425 4710 3489 4763 et

1986 4799 2151 4861 actio
2182 4806 2331 4862 sunt
2363 4800 2428 4860 in
2460 4805 2783 4862 momento
2812 4799 3205 4871 aeternitatiS,
3230 4807 3293 4861 et
3322 4799 3488 4861 inter

1987 4915 2120 4959 rem
2155 4897 2339 4977 cujus
2380 4896 2733 4959 substantia
2764 4904 2827 4958 et
2855 4896 3021 4959 actio
3060 4903 3211 4958 sunt
3249 4897 3311 4958 in
3356 4915 3487 4959 mo-

1987 5001 2203 5054 mento
2246 4992 2576 5075 temporiS‚
2610 4991 2923 5054 exsistens
2955 5000 3051 5054 est
3083 4993 3390 5066 medium,
3424 5001 3487 5055 et

1985 5099 2081 5153 est
2112 5090 2270 5152 illud
2304 5090 2488 5171 cujus
2526 5089 2880 5153 substantia
2918 5096 3016 5152 est
3052 5090 3117 5152 in
3158 5098 3487 5154 momento

1984 5189 2378 5262 aeternitatiS,
2412 5196 2474 5251 et
2518 5187 2803 5270 operatio
2846 5187 2911 5250 in
2958 5195 3283 5251 momento
3324 5197 3482 5252 tem-

1983 5288 2177 5371 poris,
2204 5288 2413 5352 Sumit
2440 5295 2657 5350 autem
2683 5286 3125 5376 aeternitatem,
3150 5287 3317 5350 sicut
3346 5306 3481 5352 aevo
