4300 6259
807 462 888 529 42
1115 482 1538 531 ELEUENTATIO
1579 483 2038 531 Pnlnosorch.
2085 503 2165 513 —
2206 485 2285 531 DE
2327 485 2761 532 sunsrAN'nAm
2804 484 3122 533 CORPORUH
3162 484 3601 533 conrosrrlorm

807 658 1070 735 tumque
1099 662 1196 718 est
1225 654 1557 720 materiam
1584 656 1840 739 aliquod
1888 675 2027 720 esse
2071 655 2303 721 habere
2333 657 2386 721 A
2415 677 2541 732 am,
2568 627 2836 740 ideoque
2857 657 3160 740 distingui
3185 677 3299 741 per
3318 656 3648 740 proprium
3670 661 3907 729 actum,

810 751 876 814 in
917 754 1446 837 corruptibilibus
1486 756 1656 837 quod
1697 772 1822 819 non
1865 755 2056 818 babet
2096 756 2163 818 in
2211 756 2304 819 in-

809 851 1359 934 corruptibilibus.
1411 853 1877 936 Metaphysicus
1919 854 2181 916 demum
2219 862 2306 915 at·

807 949 1013 1011 tendit
1059 950 1389 1014 materiam
1447 969 1575 1014 non
1634 950 1839 1014 solum
1899 953 2106 1034 quoad
2165 952 2309 1034 ejus

808 1064 972 1121 esse,
1004 1048 1115 1111 sed
1158 1056 1222 1111 et
1264 1056 1574 1132 quantum
1618 1050 1696 1112 ad
1741 1049 1881 1131 ejus
1921 1050 2303 1131 essentiam3

809 1164 1140 1228 quumque
1181 1147 1356 1210 omni
1396 1146 1602 1211 forma
1649 1154 1714 1210 et
1760 1166 1900 1210 esse
1946 1147 2303 1223 abstractiS,

809 1260 936 1305 non
967 1244 1050 1307 sit
1079 1246 1382 1327 reperire,
1408 1246 1538 1308 imo
1569 1264 1686 1307 nec
1717 1244 1984 1327 fingere,
2012 1246 2077 1309 in
2111 1255 2308 1309 mate-

807 1342 901 1403 ria
931 1342 1388 1418 diversitatem,
1421 1344 1650 1406 asserit
1691 1344 2020 1406 materiam
2066 1345 2131 1407 in
2176 1362 2307 1407 om-

806 1439 999 1502 nibus
1064 1460 1204 1504 esse
1271 1461 1466 1504 unam
1533 1442 1886 1505 secundum
1961 1444 2305 1505 essentiam

806 1556 985 1600 suam
1027 1546 1090 1601 et
1134 1540 1437 1622 speciem.
1474 1540 1784 1621 Denique,
1818 1541 2118 1622 quoniam
2154 1541 2307 1603 emi-

805 1638 1080 1701 nentiori
1115 1640 1303 1703 modo
1332 1639 1576 1720 judicat
1609 1640 2079 1737 metaphysicus
2111 1660 2303 1723 quam

806 1734 1142 1799 inferiores
1174 1737 1481 1812 scientiae,
1507 1738 1658 1800 hinc
1689 1746 2042 1801 asserentes
2077 1738 2140 1801 in
2172 1756 2303 1801 om-

2414 755 2479 819 id
2511 765 2608 819 est
2642 756 2915 820 formam
2952 757 3457 831 substantialem,
3491 756 3569 819 ad
3601 774 3793 839 quam
3823 754 3912 816 di-

2415 862 2585 918 recte
2633 856 2982 929 ordinatur,
3024 856 3564 939 quemadmodum
3612 852 3910 935 potentiae

2414 953 2722 1035 distingui
2766 954 3068 1016 dicuntur
3122 973 3234 1036 per
3285 963 3464 1016 actus
3519 959 3584 1015 et
3638 950 3905 1031 objecta.

2414 1086 2493 1097 —
2524 1052 2799 1134 Utraque
2838 1052 3215 1134 opinionum
3256 1053 3521 1115 istarum
3560 1047 3911 1132 probabilis

2416 1157 2532 1212 est.
2569 1150 2645 1212 Et
2673 1150 2822 1213 huic
2860 1152 3155 1214 secundae
3194 1150 3480 1233 opinioni
3525 1148 3725 1230 magis
3764 1164 3909 1210 con-

2416 1248 2703 1311 sentiunt
2727 1249 3099 1321 RicharduS,
3132 1250 3373 1323 PetruS,
3405 1247 3757 1321 UdalricuS,
3789 1246 3911 1308 Du-

2418 1347 2677 1420 randus,
2710 1347 2841 1409 imo
2879 1355 2943 1410 et
2978 1347 3333 1409 Alexander
3362 1354 3551 1429 atque
3588 1344 3905 1408 AlbertuS.

2414 1444 2867 1507 Verumtamen
2897 1445 3107 1527 prima
3146 1444 3254 1507 illa
3293 1444 3525 1527 positio
3566 1442 3779 1505 verior
3815 1439 3909 1504 ra-

2416 1542 2912 1625 tionabiliorque
2953 1543 3205 1605 videtur
3252 1560 3266 1605 :
3308 1561 3385 1605 ex
3428 1560 3555 1624 qua
3597 1540 3812 1613 etiam,
3842 1547 3911 1601 ut

2414 1648 2681 1722 apparet
2727 1648 2791 1703 et
2835 1648 3074 1704 tactum
3126 1649 3243 1715 est,
3287 1646 3494 1722 potest
3539 1645 3909 1719 competens

2415 1739 2865 1801 concordantia
2904 1739 3233 1819 assignari.
3275 1737 3559 1811 Interim,
3593 1736 3764 1818 quod
3804 1752 3910 1817 po-

804 1833 997 1897 nibus
1042 1835 1331 1898 eamdem
1378 1854 1516 1899 esse
1563 1836 1917 1911 materiam,
1949 1836 2140 1898 altius
2182 1836 2305 1899 ele·
2340 1834 2387 1897 B
2415 1837 2629 1900 tentiae
2658 1837 2958 1900 dicuntur
2988 1836 3293 1918 distingui
3325 1855 3441 1917 per
3468 1842 3668 1908 actua,
3700 1830 3912 1897 verifi-

756 2008 774 2023 ·
803 1932 930 1994 vati
977 1941 1148 2008 sunt,
1183 1942 1246 1996 et
1291 1935 1520 1997 melius
1547 1934 2016 2015 judicaverunt.
2051 1934 2307 1997 Materia

805 2049 1086 2113 namque
1115 2032 1462 2115 dupliciter
1492 2040 1700 2116 potest
1731 2032 2027 2113 cognosci
2055 2050 2068 2095 ε
2096 2033 2306 2115 primo

806 2148 922 2211 per
988 2130 1279 2193 omnium
1342 2131 1692 2194 formarum
1749 2139 1813 2194 et
1866 2131 2305 2194 actualitatum

804 2226 1174 2290 formalium
1225 2228 1647 2309 privationem
1699 2237 1765 2292 et
1809 2229 2303 2292 abstractionem

805 2332 1107 2408 tanquam
1142 2326 1609 2409 intelligibilem
1644 2328 1994 2391 tenebram.
2017 2327 2307 2408 Cognitio

803 2431 1018 2487 autem
1042 2444 1156 2508 per
1175 2425 1528 2506 analogiam
1559 2434 1656 2489 est
1687 2426 1964 2507 cognitio
1996 2444 2108 2508 per
2128 2426 2306 2488 habi-

803 2522 1096 2585 tudinem
1139 2524 1526 2606 quamdam3
1568 2523 1877 2586 habitudo
1919 2541 2070 2587 vero
2111 2531 2306 2586 mate-

805 2620 915 2684 riae
945 2630 1039 2684 est
1070 2640 1186 2704 per
1215 2623 1560 2703 potentiam
1590 2623 1669 2684 ad
1699 2621 1992 2685 formam.
2019 2622 2128 2685 Est
2158 2640 2307 2703 ergo

805 2720 1085 2801 cognitio
1125 2722 1406 2784 materiae
1445 2720 1589 2795 alia,
1622 2740 1738 2804 per
1769 2720 2307 2804 comparationem

802 2819 881 2880 ad
941 2818 1236 2894 formam,
1289 2820 1609 2882 mediante
1668 2820 1970 2901 potentia.
2023 2820 2307 2882 Potentia

803 2934 1058 2998 quoque
1103 2918 1381 2981 materiae
1422 2918 1765 2999 dupliciter
1804 2924 2009 2999 potest
2050 2935 2306 2999 compa-

2417 1943 2598 1997 catur
2644 1936 2855 2017 potius
2895 1942 3205 2017 quantum
3254 1934 3331 1996 ad
3382 1930 3907 1996 innotescentiam

2416 2053 2529 2096 seu
2590 2033 3168 2097 manifestationem
3217 2030 3645 2095 distinctionis
3693 2036 3911 2112 poten-

2416 2132 2675 2205 tiarum,
2709 2150 2898 2213 quam
2934 2132 3140 2214 quoad
3172 2128 3599 2193 distinctionis
3629 2127 3913 2191 efficien-

2416 2231 2593 2305 tiam,
2645 2249 2845 2313 quum
2903 2229 3123 2292 eadem
3167 2230 3295 2291 sint
3340 2227 3658 2311 principia
3699 2244 3910 2289 essen-

2419 2329 2483 2390 di
2523 2336 2585 2391 et
2624 2328 3082 2409 distinguendi,
3120 2336 3183 2389 et
3213 2326 3497 2409 potentia
3527 2344 3654 2387 una
3681 2323 3761 2387 ab
3790 2322 3913 2385 alia

2419 2426 2941 2508 distingueretur,
3001 2425 3295 2508 quamvis
3361 2424 3452 2486 nil
3518 2428 3906 2504 operaretur.

2417 2525 2682 2607 Insuper
2730 2525 2782 2587 si
2838 2524 3117 2587 materiae
3166 2524 3561 2586 diversorum
3614 2526 3911 2603 praetacto

2419 2624 2606 2686 modo
2650 2642 2764 2705 per
2804 2622 3095 2686 ordinem
3140 2629 3205 2683 et
3247 2619 3690 2683 habitudinem
3730 2636 3908 2680 suam

2416 2721 2492 2783 ad
2545 2722 2835 2803 proprias
2886 2720 3121 2783 formas
3171 2719 3738 2800 distinguerentur,
3788 2734 3914 2778 ma-

2415 2820 2590 2883 teriae
2662 2820 2883 2901 primae
2943 2818 3334 2881 nobiliorum
3395 2816 3747 2879 formarum
3818 2832 3913 2876 es·

2415 2926 2557 2981 sent
2588 2937 2701 3000 per
2743 2936 2811 2979 se
2845 2916 3193 2980 nobiliores
3235 2915 3517 2979 materiis
3560 2913 3913 2977 formarum

804 3015 929 3076 rari
959 3014 1038 3076 ad
1066 3014 1338 3077 formam
1365 3032 1378 3077 :
1404 3016 1634 3097 primo,
1669 3016 1734 3077 in
1767 3021 2078 3097 quantum
2113 3022 2304 3077 mate·
2335 3011 2379 3075 C
2416 3015 2894 3096 ignobiliorum,
2939 3021 3003 3078 et
3042 3016 3127 3077 ita
3169 3032 3296 3077 non
3340 3020 3555 3076 essent
3596 3031 3771 3095 purae
3803 3027 3911 3093 po·

805 3114 900 3175 ria
931 3113 1170 3195 praebet
1208 3112 1427 3177 formae
1464 3113 1917 3176 fulcimentum
1958 3114 2024 3176 in
2063 3113 2306 3176 ratione

805 3211 993 3285 entiS,
1023 3218 1089 3273 et
1118 3212 1203 3273 ita
1233 3212 1591 3275 considerat
1618 3230 1758 3274 eam
1793 3211 2303 3294 metaphysicus3

803 3318 914 3372 aut
943 3309 1064 3372 sub
1094 3310 1335 3373 ratione
1367 3310 1646 3385 mobilis,
1679 3309 1902 3392 sicque
1931 3328 2071 3373 eam
2103 3311 2307 3372 consi-

805 3407 984 3470 derat
1022 3408 1349 3471 naturalis.
1382 3409 1600 3491 Itaque
1640 3408 1878 3489 duplex
1921 3407 2144 3470 modus
2187 3408 2306 3471 iste

807 3506 1231 3587 cognoscendi
1260 3514 1324 3568 et
1353 3505 1795 3569 considerandi
1829 3506 2183 3580 materiam,
2208 3513 2306 3568 est

806 3605 967 3667 ratio
998 3612 1062 3667 et
1097 3605 1275 3685 origo
1320 3604 1594 3686 prael'atae
1635 3604 2022 3666 diversitatis
2061 3604 2305 3686 opinio-

807 3722 962 3765 num
996 3703 1074 3765 de
1105 3704 1384 3766 materiae
1416 3703 1658 3764 unitate
1691 3703 1755 3764 in
1787 3702 2126 3765 omnibus:
2165 3703 2305 3765 ideo

809 3820 924 3884 per
962 3800 1146 3864 istam
1187 3801 1664 3864 distinctionem
1715 3809 1775 3863 et
1825 3801 2306 3882 responsionem

807 3900 1038 3983 poterit
1087 3900 1455 3963 concordari
1500 3899 1879 3980 opinionum
1919 3899 2175 3962 illarum
2213 3900 2305 3962 di-

807 4000 1092 4062 versitaS.
1147 3999 1318 4061 Hanc
1367 3998 1850 4081 responsionem
1900 4006 2155 4062 secutus
2213 4006 2309 4062 est

805 4098 1268 4162 Bonaventura.

2413 3113 2647 3177 tentiae.

2494 3213 2583 3274 De
2639 3212 2738 3274 his
2778 3231 2971 3293 super
3008 3211 3361 3274 secundum
3412 3208 3905 3283 Sententiarum,
3955 3230 4217 3285 cs.t.xx11.

2414 3310 2819 3373 distinctione
2839 3310 3229 3384 duodecima,
3252 3309 3496 3371 dictum
3518 3314 3615 3372 est
3634 3306 3901 3390 plenius.
3937 3308 3981 3348 Ρ·
4000 3295 4107 3337 ¹⁷C'
4124 3300 4218 3339 ⁰²⁶·

2751 3517 3271 3584 PROPOSITIO
3315 3517 3566 3582 XXVI.

2497 3704 2832 3771 Materia
2870 3704 3011 3770 aut
3054 3717 3210 3769 non
3253 3704 3375 3769 est
3419 3703 3517 3769 de
3566 3703 3913 3769 essentia

2416 3803 2959 3870 mater1alium
3045 3801 3697 3883 substantiarum,
3774 3804 3915 3867 aut

2417 3904 2543 3968 est
2591 3916 2777 3982 pars
2820 3902 3087 3967 m1nus
3142 3898 3615 3981 principalis
3662 3914 3915 3966 essen·

2416 4002 2551 4067 tiae
2590 4000 3066 4067 earumdem.

2499 4099 2674 4172 Quod
2723 4104 2841 4171 est,
2893 4098 3044 4179 quia
3092 4097 3369 4159 essentia
3417 4096 3511 4160 rei
3558 4097 3917 4179 appellatur

887 4196 1208 4259 Avicenna
1229 4214 1484 4278 quoque
1517 4195 1844 4277 perhibuit
1862 4196 2151 4258 omnium
2174 4214 2311 4259 cor-
2339 4201 2388 4262 D
2418 4196 2737 4280 quidditas
2768 4196 2931 4277 ejuS,
2956 4214 3098 4278 quae
3128 4202 3225 4257 est
3254 4194 3458 4258 forma
3485 4196 3703 4269 totius,
3724 4215 3761 4257 a
3789 4215 3916 4278 qua

808 4294 1126 4377 poralium
1167 4312 1359 4356 unam
1401 4312 1542 4357 esse
1584 4294 1933 4357 materiam.
1970 4294 2083 4357 Cui
2125 4294 2309 4358 Com-

807 4400 1124 4455 mentator
1153 4391 1411 4472 objecit,
1435 4392 1586 4474 quia
1617 4393 1880 4455 materia
1909 4399 2220 4475 quantum
2244 4392 2309 4455 in

807 4492 948 4574 ipsa
977 4498 1094 4563 est,
1127 4498 1224 4552 est
1263 4490 1327 4551 in
1371 4490 1654 4572 potentia
1682 4490 1759 4552 ad
1791 4490 2145 4571 quamlibet
2187 4491 2308 4554 for-

807 4609 1002 4664 mam,
1036 4608 1154 4651 nec
1185 4588 1379 4651 simul
1424 4607 1562 4651 esse
1606 4596 1814 4672 potest
1853 4589 1973 4652 sub
2014 4590 2307 4671 pluribus

807 4686 1336 4751 substantialibus
1368 4685 1611 4749 formis.
1647 4687 1710 4750 Si
1749 4705 1899 4768 ergo
1944 4689 2211 4752 materia
2240 4690 2306 4752 in

805 4786 1056 4849 cunctis
1089 4783 1530 4867 corporalibus
1561 4785 1852 4865 ejusdem
1891 4794 1986 4849 est
2018 4788 2304 4862 rationiS‚

808 4889 1024 4967 posset
1062 4883 1420 4947 coelestium
1461 4900 1800 4965 corporum
1849 4884 2113 4947 materia
2150 4884 2307 4947 alias

806 4982 1045 5045 formas
1085 4982 1413 5065 recipere;
1453 4982 1753 5044 similiter
1796 4984 2060 5045 materia
2090 4983 2307 5045 inseri-

807 5097 1016 5154 orum,
1070 5080 1306 5143 formas
1363 5080 1738 5143 coelestium.
1801 5080 1961 5143 Huic
2018 5081 2306 5162 opinioni

806 5179 1104 5241 Averrois
1124 5178 1183 5241 S.
1206 5178 1476 5241 Thomas
1509 5178 1846 5252 consentit,
1867 5178 2085 5241 dicens
2119 5186 2308 5242 mate-

807 5279 971 5341 riam
1002 5295 1080 5340 ex
1111 5296 1227 5339 sua
1255 5282 1482 5339 natura
1509 5294 1648 5339 esse
1679 5276 1999 5360 passivam
2037 5277 2307 5359 potenti-

2420 4295 2686 4379 profluit
2715 4314 2853 4357 esse
2885 4295 2974 4357 rei
3006 4293 3489 4376 specificum‚et
3520 4294 3603 4355 ita
3635 4303 3732 4357 est
3760 4295 3912 4376 quid

2417 4394 2686 4467 actuale,
2721 4393 3007 4466 formale,
3032 4392 3398 4455 fecundum.
3423 4393 3759 4475 Quumque
3790 4412 3917 4456 ma-

2419 4493 2577 4555 teria
2624 4493 2707 4555 sit
2754 4492 3002 4574 passiva
3053 4490 3354 4573 potentia,
3406 4491 3745 4573 recipienS,
3788 4509 3915 4554 non

2423 4598 2730 4675 praestans
2778 4609 2896 4653 nec
2944 4590 3222 4653 effluens
3271 4608 3432 4663 esse,
3484 4590 3737 4653 videtur
3784 4591 3918 4673 qui-

2421 4690 2689 4752 busdam
2736 4707 2863 4752 non
2908 4688 3227 4771 pertinere
3264 4687 3343 4750 ad
3390 4688 3731 4751 essentiam
3772 4687 3918 4751 sub-

2419 4787 2666 4850 stantiae
2697 4794 2999 4869 tanquam
3032 4804 3181 4848 vera
3211 4804 3356 4867 pars
3387 4784 3781 4867 quidditatiS,
3804 4786 3915 4849 sed

2417 4886 2626 4949 solum
2660 4892 2730 4947 ut
2758 4884 3142 4947 intrinsecus
3179 4884 3494 4946 terminus
3532 4884 3749 4947 fluxus
3792 4884 3915 4947 for-

2420 5004 2539 5048 mae
2569 4981 3005 5047 substantialis
3036 4982 3349 5045 actuantis
3382 4982 3915 5066 informantisque

2417 5083 2622 5163 ipsam
2656 5080 3189 5143 materiam.Hanc
3220 5080 3589 5162 opinionem
3618 5080 3915 5143 Albertus

2418 5185 2482 5241 et
2522 5178 2663 5259 ejus
2706 5195 3009 5259 sequaces
3054 5176 3255 5240 secuti
3300 5184 3467 5238 sunt.

2500 5277 2622 5340 Sed
2651 5275 2954 5360 quoniam
2983 5275 3164 5357 juxta
3198 5275 3489 5339 Boetium
3528 5283 3593 5338 et
3629 5292 3912 5339 commu-
