<?xml version="1.0" encoding="UTF-8"?>
<!DOCTYPE html PUBLIC "-//W3C//DTD XHTML 1.0 Transitional//EN"
    "http://www.w3.org/TR/xhtml1/DTD/xhtml1-transitional.dtd">
<html xmlns="http://www.w3.org/1999/xhtml" xml:lang="en" lang="en">
 <head>
  <title>
</title>
<meta http-equiv="Content-Type" content="text/html;charset=utf-8" />
  <meta name='ocr-system' content='tesseract 3.04.00' />
  <meta name='ocr-capabilities' content='ocr_page ocr_carea ocr_par ocr_line ocrx_word'/>
</head>
<body>
  <div class='ocr_page' id='page_1' title='image "./doctorisecstati05unkngoog_0361.png"; bbox 0 0 4300 6259; ppageno 0'>
   <div class='ocr_carea' id='block_1_1' title="bbox 855 514 2890 571">
    <p class='ocr_par' dir='ltr' id='par_1_1' title="bbox 855 514 2890 571">
     <span class='ocr_line' id='line_1_1' title="bbox 855 514 2890 571; baseline 0.002 -8"><span class='ocrx_word' id='word_1_1' title='bbox 855 517 934 564; x_wconf 71' lang='lat' dir='ltr'><strong>m:</strong></span> <span class='ocrx_word' id='word_1_2' title='bbox 972 515 1200 562; x_wconf 63' lang='lat' dir='ltr'><strong>mmmm</strong></span> <span class='ocrx_word' id='word_1_3' title='bbox 1241 515 1624 562; x_wconf 69' lang='lat' dir='ltr'><strong>cumsuANAE</strong></span> <span class='ocrx_word' id='word_1_4' title='bbox 1663 514 1964 571; x_wconf 58' lang='lat' dir='ltr'><strong>&#39;summa-3,</strong></span> <span class='ocrx_word' id='word_1_5' title='bbox 2009 515 2185 562; x_wconf 76' lang='lat' dir='ltr'><strong>LIBER</strong></span> <span class='ocrx_word' id='word_1_6' title='bbox 2227 519 2265 562; x_wconf 90' lang='grc' dir='ltr'><strong>Ι.</strong></span> <span class='ocrx_word' id='word_1_7' title='bbox 2310 537 2391 548; x_wconf 87' lang='lat'><strong>--</strong></span> <span class='ocrx_word' id='word_1_8' title='bbox 2432 521 2571 566; x_wconf 71' lang='grc' dir='ltr'><strong>ΛΒΤ.</strong></span> <span class='ocrx_word' id='word_1_9' title='bbox 2618 521 2890 568; x_wconf 74' lang='lat' dir='ltr'><strong>Lxxxvm</strong></span> 
     </span>
    </p>
   </div>
   <div class='ocr_carea' id='block_1_2' title="bbox 3294 501 3409 565">
    <p class='ocr_par' dir='ltr' id='par_1_2' title="bbox 3294 501 3409 565">
     <span class='ocr_line' id='line_1_2' title="bbox 3294 501 3409 565; baseline -0.009 0"><span class='ocrx_word' id='word_1_10' title='bbox 3294 501 3409 565; x_wconf 76' lang='lat'><strong>341</strong></span> 
     </span>
    </p>
   </div>
   <div class='ocr_carea' id='block_1_3' title="bbox 308 683 3419 776">
    <p class='ocr_par' dir='ltr' id='par_1_3' title="bbox 308 683 3419 776">
     <span class='ocr_line' id='line_1_3' title="bbox 308 683 3419 776; baseline 0.002 -29"><span class='ocrx_word' id='word_1_11' title='bbox 308 685 712 766; x_wconf 79' lang='lat' dir='ltr'><strong>agnitionem</strong></span> <span class='ocrx_word' id='word_1_12' title='bbox 757 689 916 772; x_wconf 86' lang='lat' dir='ltr'><strong>ipsis</strong></span> <span class='ocrx_word' id='word_1_13' title='bbox 953 689 1373 773; x_wconf 80' lang='lat' dir='ltr'><strong>splenduisse.</strong></span> <span class='ocrx_word' id='word_1_14' title='bbox 1417 687 1538 750; x_wconf 88' lang='lat' dir='ltr'><strong>Sed</strong></span> <span class='ocrx_word' id='word_1_15' title='bbox 1581 686 1660 748; x_wconf 92' lang='lat' dir='ltr'><strong>de</strong></span> <span class='ocrx_word' id='word_1_16' title='bbox 1699 685 1820 748; x_wconf 89' lang='lat' dir='ltr'><strong>hoc</strong></span> <span class='ocrx_word' id='word_1_17' title='bbox 1850 683 1902 748; x_wconf 83' lang='lat' dir='ltr'><strong>A</strong></span> <span class='ocrx_word' id='word_1_18' title='bbox 1933 704 2059 750; x_wconf 90' lang='lat' dir='ltr'><strong>non</strong></span> <span class='ocrx_word' id='word_1_19' title='bbox 2105 695 2221 752; x_wconf 89' lang='lat' dir='ltr'><strong>est.</strong></span> <span class='ocrx_word' id='word_1_20' title='bbox 2254 723 2333 734; x_wconf 91' lang='lat'>—</span> <span class='ocrx_word' id='word_1_21' title='bbox 2362 691 2631 774; x_wconf 89' lang='lat' dir='ltr'><strong>Insuper</strong></span> <span class='ocrx_word' id='word_1_22' title='bbox 2674 692 3121 776; x_wconf 90' lang='lat' dir='ltr'><strong>multipliciter</strong></span> <span class='ocrx_word' id='word_1_23' title='bbox 3162 691 3371 774; x_wconf 86' lang='lat' dir='ltr'><strong>arguit</strong></span> <span class='ocrx_word' id='word_1_24' title='bbox 3403 709 3419 754; x_wconf 70' lang='grc' dir='ltr'><strong>ε</strong></span> 
     </span>
    </p>
   </div>
   <div class='ocr_carea' id='block_1_4' title="bbox 309 786 1822 1162">
    <p class='ocr_par' dir='ltr' id='par_1_4' title="bbox 309 786 1822 1162">
     <span class='ocr_line' id='line_1_4' title="bbox 309 786 1822 872; baseline 0.001 -27"><span class='ocrx_word' id='word_1_25' title='bbox 309 786 438 846; x_wconf 86' lang='lat' dir='ltr'><strong>erit</strong></span> <span class='ocrx_word' id='word_1_26' title='bbox 481 787 806 868; x_wconf 75' lang='lat' dir='ltr'><strong>indagatio</strong></span> <span class='ocrx_word' id='word_1_27' title='bbox 847 789 910 850; x_wconf 88' lang='lat' dir='ltr'><strong>in</strong></span> <span class='ocrx_word' id='word_1_28' title='bbox 956 787 1394 872; x_wconf 64' lang='lat' dir='ltr'><strong>sequentibus</strong></span> <span class='ocrx_word' id='word_1_29' title='bbox 1439 787 1622 849; x_wconf 89' lang='lat' dir='ltr'><strong>Nune</strong></span> <span class='ocrx_word' id='word_1_30' title='bbox 1670 803 1822 866; x_wconf 88' lang='lat' dir='ltr'><strong>quo·</strong></span> 
     </span>
     <span class='ocr_line' id='line_1_5' title="bbox 309 883 1820 968; baseline -0.001 -23"><span class='ocrx_word' id='word_1_31' title='bbox 309 903 442 964; x_wconf 90' lang='lat' dir='ltr'><strong>que</strong></span> <span class='ocrx_word' id='word_1_32' title='bbox 489 885 709 966; x_wconf 90' lang='lat' dir='ltr'><strong>palam</strong></span> <span class='ocrx_word' id='word_1_33' title='bbox 757 894 874 960; x_wconf 90' lang='lat' dir='ltr'><strong>est,</strong></span> <span class='ocrx_word' id='word_1_34' title='bbox 919 905 1036 949; x_wconf 89' lang='lat' dir='ltr'><strong>eur</strong></span> <span class='ocrx_word' id='word_1_35' title='bbox 1083 887 1148 949; x_wconf 89' lang='lat' dir='ltr'><strong>in</strong></span> <span class='ocrx_word' id='word_1_36' title='bbox 1198 885 1424 968; x_wconf 88' lang='lat' dir='ltr'><strong>primis</strong></span> <span class='ocrx_word' id='word_1_37' title='bbox 1469 885 1598 946; x_wconf 91' lang='lat' dir='ltr'><strong>illis</strong></span> <span class='ocrx_word' id='word_1_38' title='bbox 1639 883 1820 944; x_wconf 88' lang='lat' dir='ltr'><strong>intel-</strong></span> 
     </span>
     <span class='ocr_line' id='line_1_6' title="bbox 309 981 1820 1047; baseline 0 -5"><span class='ocrx_word' id='word_1_39' title='bbox 309 981 596 1046; x_wconf 83' lang='lat' dir='ltr'><strong>lectibus</strong></span> <span class='ocrx_word' id='word_1_40' title='bbox 653 984 902 1047; x_wconf 91' lang='lat' dir='ltr'><strong>dicatur</strong></span> <span class='ocrx_word' id='word_1_41' title='bbox 958 985 1246 1047; x_wconf 78' lang='lat' dir='ltr'>relucere</span> <span class='ocrx_word' id='word_1_42' title='bbox 1311 983 1530 1045; x_wconf 87' lang='lat' dir='ltr'><strong>divina</strong></span> <span class='ocrx_word' id='word_1_43' title='bbox 1595 990 1820 1044; x_wconf 88' lang='lat' dir='ltr'><strong>natura</strong></span> 
     </span>
     <span class='ocr_line' id='line_1_7' title="bbox 309 1082 1249 1162; baseline 0.002 -20"><span class='ocrx_word' id='word_1_44' title='bbox 309 1099 430 1162; x_wconf 86' lang='lat' dir='ltr'><strong>per</strong></span> <span class='ocrx_word' id='word_1_45' title='bbox 472 1083 742 1146; x_wconf 91' lang='lat' dir='ltr'><strong>modum</strong></span> <span class='ocrx_word' id='word_1_46' title='bbox 786 1082 1249 1146; x_wconf 83' lang='lat' dir='ltr'><strong>similitudinis.</strong></span> 
     </span>
    </p>
   </div>
   <div class='ocr_carea' id='block_1_5' title="bbox 581 1353 1555 1419">
    <p class='ocr_par' dir='ltr' id='par_1_5' title="bbox 581 1353 1555 1419">
     <span class='ocr_line' id='line_1_8' title="bbox 581 1353 1555 1419; baseline -0.003 -1"><span class='ocrx_word' id='word_1_47' title='bbox 581 1353 1070 1419; x_wconf 87' lang='lat' dir='ltr'><strong>ARTICULUS</strong></span> <span class='ocrx_word' id='word_1_48' title='bbox 1117 1353 1555 1418; x_wconf 90' lang='lat' dir='ltr'><strong>LXXXVIII.</strong></span> 
     </span>
    </p>
   </div>
   <div class='ocr_carea' id='block_1_6' title="bbox 306 1496 1820 1750">
    <p class='ocr_par' dir='ltr' id='par_1_6' title="bbox 306 1496 1820 1750">
     <span class='ocr_line' id='line_1_9' title="bbox 306 1496 1818 1573; baseline -0.005 -15"><span class='ocrx_word' id='word_1_49' title='bbox 306 1500 406 1558; x_wconf 81' lang='lat' dir='ltr'><strong>De</strong></span> <span class='ocrx_word' id='word_1_50' title='bbox 456 1499 790 1572; x_wconf 77' lang='lat' dir='ltr'><strong>positione</strong></span> <span class='ocrx_word' id='word_1_51' title='bbox 838 1499 1140 1573; x_wconf 75' lang='lat' dir='ltr'><strong>Oriyem&#39;s</strong></span> <span class='ocrx_word' id='word_1_52' title='bbox 1197 1505 1258 1556; x_wconf 83' lang='lat' dir='ltr'><strong>et</strong></span> <span class='ocrx_word' id='word_1_53' title='bbox 1319 1496 1708 1562; x_wconf 79' lang='lat' dir='ltr'><strong>Avicebron,</strong></span> <span class='ocrx_word' id='word_1_54' title='bbox 1759 1500 1818 1550; x_wconf 82' lang='lat' dir='ltr'><strong>et</strong></span> 
     </span>
     <span class='ocr_line' id='line_1_10' title="bbox 396 1583 1820 1664; baseline -0.004 -19"><span class='ocrx_word' id='word_1_55' title='bbox 396 1589 838 1664; x_wconf 82' lang='lat' dir='ltr'><strong>quorumdam</strong></span> <span class='ocrx_word' id='word_1_56' title='bbox 873 1605 976 1645; x_wconf 81' lang='lat' dir='ltr'><strong>eos</strong></span> <span class='ocrx_word' id='word_1_57' title='bbox 1010 1587 1442 1664; x_wconf 74' lang='lat' dir='ltr'><strong>sequentium,</strong></span> <span class='ocrx_word' id='word_1_58' title='bbox 1474 1585 1594 1662; x_wconf 83' lang='lat' dir='ltr'><strong>qui</strong></span> <span class='ocrx_word' id='word_1_59' title='bbox 1624 1584 1690 1640; x_wconf 71' lang='lat' dir='ltr'><strong>in</strong></span> <span class='ocrx_word' id='word_1_60' title='bbox 1727 1583 1820 1640; x_wconf 79' lang='grc' dir='ltr'><strong>ἰη-</strong></span> 
     </span>
     <span class='ocr_line' id='line_1_11' title="bbox 395 1675 1644 1750; baseline 0 -19"><span class='ocrx_word' id='word_1_61' title='bbox 395 1675 786 1750; x_wconf 71' lang='lat' dir='ltr'><strong>celliqentiis</strong></span> <span class='ocrx_word' id='word_1_62' title='bbox 831 1676 1180 1733; x_wconf 77' lang='lat' dir='ltr'><strong>materiam</strong></span> <span class='ocrx_word' id='word_1_63' title='bbox 1227 1693 1354 1733; x_wconf 76' lang='lat' dir='ltr'><strong>esse</strong></span> <span class='ocrx_word' id='word_1_64' title='bbox 1397 1677 1644 1732; x_wconf 81' lang='lat' dir='ltr'><strong>volunt.</strong></span> 
     </span>
    </p>
   </div>
   <div class='ocr_carea' id='block_1_7' title="bbox 1929 785 3437 1852">
    <p class='ocr_par' dir='ltr' id='par_1_7' title="bbox 1929 785 3437 1852">
     <span class='ocr_line' id='line_1_12' title="bbox 1929 785 3427 873; baseline 0.005 -27"><span class='ocrx_word' id='word_1_65' title='bbox 1929 785 2136 848; x_wconf 88' lang='lat' dir='ltr'><strong>Prime</strong></span> <span class='ocrx_word' id='word_1_66' title='bbox 2168 788 2341 850; x_wconf 90' lang='lat' dir='ltr'><strong>enim</strong></span> <span class='ocrx_word' id='word_1_67' title='bbox 2372 795 2437 851; x_wconf 91' lang='lat' dir='ltr'><strong>et</strong></span> <span class='ocrx_word' id='word_1_68' title='bbox 2466 789 2867 872; x_wconf 88' lang='lat' dir='ltr'><strong>simpliciter,</strong></span> <span class='ocrx_word' id='word_1_69' title='bbox 2891 792 3115 873; x_wconf 83' lang='lat' dir='ltr'><strong>primae</strong></span> <span class='ocrx_word' id='word_1_70' title='bbox 3147 791 3427 854; x_wconf 72' lang='lat' dir='ltr'><strong>materiae</strong></span> 
     </span>
     <span class='ocr_line' id='line_1_13' title="bbox 1931 885 3430 971; baseline 0.005 -28"><span class='ocrx_word' id='word_1_71' title='bbox 1931 885 2385 966; x_wconf 80' lang='lat' dir='ltr'><strong>correspondet</strong></span> <span class='ocrx_word' id='word_1_72' title='bbox 2428 887 2635 969; x_wconf 87' lang='lat' dir='ltr'><strong>prima</strong></span> <span class='ocrx_word' id='word_1_73' title='bbox 2676 888 2882 952; x_wconf 84' lang='lat' dir='ltr'><strong>forma</strong></span> <span class='ocrx_word' id='word_1_74' title='bbox 2906 908 2923 968; x_wconf 84' lang='lat'>3</span> <span class='ocrx_word' id='word_1_75' title='bbox 2966 889 3171 971; x_wconf 90' lang='lat' dir='ltr'><strong>prima</strong></span> <span class='ocrx_word' id='word_1_76' title='bbox 3214 895 3430 951; x_wconf 88' lang='lat' dir='ltr'><strong>autem</strong></span> 
     </span>
     <span class='ocr_line' id='line_1_14' title="bbox 1929 980 3433 1070; baseline 0.003 -28"><span class='ocrx_word' id='word_1_77' title='bbox 1929 980 2136 1045; x_wconf 84' lang='lat' dir='ltr'><strong>forma</strong></span> <span class='ocrx_word' id='word_1_78' title='bbox 2193 992 2289 1046; x_wconf 90' lang='lat' dir='ltr'><strong>est</strong></span> <span class='ocrx_word' id='word_1_79' title='bbox 2346 985 2858 1050; x_wconf 77' lang='lat' dir='ltr'><strong>intellectualitas</strong></span> <span class='ocrx_word' id='word_1_80' title='bbox 2912 1006 2927 1050; x_wconf 70' lang='grc' dir='ltr'>ε</span> <span class='ocrx_word' id='word_1_81' title='bbox 2983 989 3191 1070; x_wconf 90' lang='lat' dir='ltr'><strong>prima</strong></span> <span class='ocrx_word' id='word_1_82' title='bbox 3239 988 3433 1068; x_wconf 86' lang='lat' dir='ltr'><strong>igitur</strong></span> 
     </span>
     <span class='ocr_line' id='line_1_15' title="bbox 1929 1079 3432 1149; baseline 0.004 -9"><span class='ocrx_word' id='word_1_83' title='bbox 1929 1079 2086 1143; x_wconf 89' lang='lat' dir='ltr'><strong>unio</strong></span> <span class='ocrx_word' id='word_1_84' title='bbox 2135 1082 2415 1146; x_wconf 66' lang='lat' dir='ltr'><strong>materiae</strong></span> <span class='ocrx_word' id='word_1_85' title='bbox 2473 1085 2595 1146; x_wconf 90' lang='lat' dir='ltr'><strong>erit</strong></span> <span class='ocrx_word' id='word_1_86' title='bbox 2654 1102 2801 1148; x_wconf 90' lang='lat' dir='ltr'><strong>cum</strong></span> <span class='ocrx_word' id='word_1_87' title='bbox 2851 1086 3267 1149; x_wconf 80' lang='lat' dir='ltr'><strong>intellectuali</strong></span> <span class='ocrx_word' id='word_1_88' title='bbox 3324 1104 3432 1147; x_wconf 87' lang='lat' dir='ltr'><strong>na·</strong></span> 
     </span>
     <span class='ocr_line' id='line_1_16' title="bbox 1931 1180 3434 1266; baseline 0.003 -27"><span class='ocrx_word' id='word_1_89' title='bbox 1931 1185 2090 1241; x_wconf 89' lang='lat' dir='ltr'><strong>tura.</strong></span> <span class='ocrx_word' id='word_1_90' title='bbox 2123 1180 2369 1254; x_wconf 83' lang='lat' dir='ltr'><strong>Adhuc,</strong></span> <span class='ocrx_word' id='word_1_91' title='bbox 2397 1182 2659 1244; x_wconf 91' lang='lat' dir='ltr'><strong>materia</strong></span> <span class='ocrx_word' id='word_1_92' title='bbox 2689 1184 2899 1265; x_wconf 87' lang='lat' dir='ltr'><strong>prima</strong></span> <span class='ocrx_word' id='word_1_93' title='bbox 2926 1191 3024 1246; x_wconf 93' lang='lat' dir='ltr'><strong>est</strong></span> <span class='ocrx_word' id='word_1_94' title='bbox 3053 1185 3117 1246; x_wconf 91' lang='lat' dir='ltr'><strong>in</strong></span> <span class='ocrx_word' id='word_1_95' title='bbox 3151 1183 3434 1266; x_wconf 90' lang='lat' dir='ltr'><strong>potentia</strong></span> 
     </span>
     <span class='ocr_line' id='line_1_17' title="bbox 1932 1277 3431 1364; baseline 0.003 -26"><span class='ocrx_word' id='word_1_96' title='bbox 1932 1277 2011 1338; x_wconf 93' lang='lat' dir='ltr'><strong>ad</strong></span> <span class='ocrx_word' id='word_1_97' title='bbox 2069 1278 2324 1356; x_wconf 85' lang='lat' dir='ltr'><strong>omnia3</strong></span> <span class='ocrx_word' id='word_1_98' title='bbox 2385 1281 2495 1342; x_wconf 93' lang='lat' dir='ltr'><strong>sed</strong></span> <span class='ocrx_word' id='word_1_99' title='bbox 2556 1282 2823 1343; x_wconf 83' lang='lat' dir='ltr'><strong>materia</strong></span> <span class='ocrx_word' id='word_1_100' title='bbox 2880 1302 3022 1363; x_wconf 81' lang='lat' dir='ltr'><strong>quae</strong></span> <span class='ocrx_word' id='word_1_101' title='bbox 3080 1283 3431 1364; x_wconf 88' lang='lat' dir='ltr'><strong>quantitate</strong></span> 
     </span>
     <span class='ocr_line' id='line_1_18' title="bbox 1934 1375 3433 1462; baseline 0.002 -25"><span class='ocrx_word' id='word_1_102' title='bbox 1934 1375 2358 1439; x_wconf 88' lang='lat' dir='ltr'><strong>determinata</strong></span> <span class='ocrx_word' id='word_1_103' title='bbox 2414 1385 2530 1451; x_wconf 88' lang='lat' dir='ltr'><strong>est,</strong></span> <span class='ocrx_word' id='word_1_104' title='bbox 2581 1397 2708 1442; x_wconf 89' lang='lat' dir='ltr'><strong>non</strong></span> <span class='ocrx_word' id='word_1_105' title='bbox 2758 1387 2855 1442; x_wconf 91' lang='lat' dir='ltr'><strong>est</strong></span> <span class='ocrx_word' id='word_1_106' title='bbox 2900 1381 2965 1442; x_wconf 92' lang='lat' dir='ltr'><strong>in</strong></span> <span class='ocrx_word' id='word_1_107' title='bbox 3017 1381 3298 1462; x_wconf 88' lang='lat' dir='ltr'><strong>potentia</strong></span> <span class='ocrx_word' id='word_1_108' title='bbox 3354 1380 3433 1440; x_wconf 90' lang='lat' dir='ltr'><strong>ad</strong></span> 
     </span>
     <span class='ocr_line' id='line_1_19' title="bbox 1934 1475 3433 1560; baseline 0.002 -24"><span class='ocrx_word' id='word_1_109' title='bbox 1934 1475 2150 1536; x_wconf 89' lang='lat' dir='ltr'><strong>omnia</strong></span> <span class='ocrx_word' id='word_1_110' title='bbox 2184 1493 2197 1536; x_wconf 95' lang='lat'><strong>:</strong></span> <span class='ocrx_word' id='word_1_111' title='bbox 2233 1492 2359 1538; x_wconf 92' lang='lat' dir='ltr'><strong>non</strong></span> <span class='ocrx_word' id='word_1_112' title='bbox 2399 1477 2573 1538; x_wconf 90' lang='lat' dir='ltr'><strong>enim</strong></span> <span class='ocrx_word' id='word_1_113' title='bbox 2615 1477 3001 1541; x_wconf 86' lang='lat' dir='ltr'><strong>intentiones</strong></span> <span class='ocrx_word' id='word_1_114' title='bbox 3042 1497 3255 1541; x_wconf 89' lang='lat' dir='ltr'><strong>rerum</strong></span> <span class='ocrx_word' id='word_1_115' title='bbox 3299 1485 3433 1560; x_wconf 90' lang='lat' dir='ltr'><strong>pot-</strong></span> 
     </span>
     <span class='ocr_line' id='line_1_20' title="bbox 1933 1573 3431 1658; baseline 0.003 -24"><span class='ocrx_word' id='word_1_116' title='bbox 1933 1580 2030 1634; x_wconf 88' lang='lat' dir='ltr'><strong>est</strong></span> <span class='ocrx_word' id='word_1_117' title='bbox 2061 1573 2622 1654; x_wconf 82' lang='lat' dir='ltr'><strong>comprehendere.</strong></span> <span class='ocrx_word' id='word_1_118' title='bbox 2658 1576 2866 1639; x_wconf 87' lang='lat' dir='ltr'><strong>Prima</strong></span> <span class='ocrx_word' id='word_1_119' title='bbox 2896 1595 3047 1658; x_wconf 84' lang='lat' dir='ltr'><strong>ergo</strong></span> <span class='ocrx_word' id='word_1_120' title='bbox 3075 1576 3339 1639; x_wconf 89' lang='lat' dir='ltr'><strong>materia</strong></span> <span class='ocrx_word' id='word_1_121' title='bbox 3367 1577 3431 1638; x_wconf 91' lang='lat' dir='ltr'><strong>in</strong></span> 
     </span>
     <span class='ocr_line' id='line_1_21' title="bbox 1934 1669 3433 1755; baseline 0.002 -23"><span class='ocrx_word' id='word_1_122' title='bbox 1934 1669 2291 1732; x_wconf 88' lang='lat' dir='ltr'><strong>substantia</strong></span> <span class='ocrx_word' id='word_1_123' title='bbox 2334 1688 2461 1732; x_wconf 90' lang='lat' dir='ltr'><strong>non</strong></span> <span class='ocrx_word' id='word_1_124' title='bbox 2506 1680 2742 1753; x_wconf 89' lang='lat' dir='ltr'><strong>quanta</strong></span> <span class='ocrx_word' id='word_1_125' title='bbox 2786 1673 3284 1755; x_wconf 81' lang='lat' dir='ltr'><strong>primordialiter</strong></span> <span class='ocrx_word' id='word_1_126' title='bbox 3326 1691 3433 1754; x_wconf 90' lang='lat' dir='ltr'><strong>po-</strong></span> 
     </span>
     <span class='ocr_line' id='line_1_22' title="bbox 1933 1767 3437 1852; baseline 0.002 -24"><span class='ocrx_word' id='word_1_127' title='bbox 1933 1767 2142 1829; x_wconf 89' lang='lat' dir='ltr'><strong>nenda</strong></span> <span class='ocrx_word' id='word_1_128' title='bbox 2180 1775 2295 1830; x_wconf 89' lang='lat' dir='ltr'><strong>est.</strong></span> <span class='ocrx_word' id='word_1_129' title='bbox 2320 1803 2399 1813; x_wconf 93' lang='lat'><strong>—-</strong></span> <span class='ocrx_word' id='word_1_130' title='bbox 2429 1769 2745 1851; x_wconf 82' lang='lat' dir='ltr'><strong>AmpliuS,</strong></span> <span class='ocrx_word' id='word_1_131' title='bbox 2782 1771 3047 1833; x_wconf 91' lang='lat' dir='ltr'><strong>materia</strong></span> <span class='ocrx_word' id='word_1_132' title='bbox 3092 1790 3233 1852; x_wconf 83' lang='lat' dir='ltr'><strong>quae</strong></span> <span class='ocrx_word' id='word_1_133' title='bbox 3275 1771 3437 1832; x_wconf 86' lang='lat' dir='ltr'><strong>acci-</strong></span> 
     </span>
    </p>
   </div>
   <div class='ocr_carea' id='block_1_8' title="bbox 437 1864 3435 1952">
    <p class='ocr_par' dir='ltr' id='par_1_8' title="bbox 437 1864 3435 1952">
     <span class='ocr_line' id='line_1_23' title="bbox 437 1864 3435 1952; baseline -0 -21"><span class='ocrx_word' id='word_1_134' title='bbox 437 1869 982 1933; x_wconf 79' lang='lat' dir='ltr'><strong>IMPLICITATEM</strong></span> <span class='ocrx_word' id='word_1_135' title='bbox 1046 1870 1322 1951; x_wconf 89' lang='lat' dir='ltr'><strong>denique</strong></span> <span class='ocrx_word' id='word_1_136' title='bbox 1391 1869 1582 1952; x_wconf 91' lang='lat' dir='ltr'><strong>primi</strong></span> <span class='ocrx_word' id='word_1_137' title='bbox 1654 1867 1820 1929; x_wconf 91' lang='lat' dir='ltr'><strong>entis</strong></span> <span class='ocrx_word' id='word_1_138' title='bbox 1853 1864 2235 1930; x_wconf 89' lang='lat' dir='ltr'><strong>Bdentibus</strong></span> <span class='ocrx_word' id='word_1_139' title='bbox 2288 1865 2553 1940; x_wconf 85' lang='lat' dir='ltr'><strong>substat,</strong></span> <span class='ocrx_word' id='word_1_140' title='bbox 2608 1886 2683 1930; x_wconf 88' lang='lat' dir='ltr'><strong>ea</strong></span> <span class='ocrx_word' id='word_1_141' title='bbox 2740 1876 2837 1930; x_wconf 92' lang='lat' dir='ltr'><strong>est</strong></span> <span class='ocrx_word' id='word_1_142' title='bbox 2890 1888 3031 1950; x_wconf 84' lang='lat' dir='ltr'><strong>quae</strong></span> <span class='ocrx_word' id='word_1_143' title='bbox 3084 1868 3435 1950; x_wconf 86' lang='lat' dir='ltr'><strong>quantitate</strong></span> 
     </span>
    </p>
   </div>
   <div class='ocr_carea' id='block_1_9' title="bbox 307 1967 1827 4210">
    <p class='ocr_par' dir='ltr' id='par_1_9' title="bbox 307 1967 1824 3130">
     <span class='ocr_line' id='line_1_24' title="bbox 465 1967 1821 2050; baseline -0.001 -21"><span class='ocrx_word' id='word_1_144' title='bbox 465 1969 686 2030; x_wconf 89' lang='lat' dir='ltr'><strong>cuncti</strong></span> <span class='ocrx_word' id='word_1_145' title='bbox 731 1967 1122 2030; x_wconf 74' lang='lat' dir='ltr'><strong>confitentur</strong></span> <span class='ocrx_word' id='word_1_146' title='bbox 1163 1985 1176 2028; x_wconf 91' lang='lat'>:</span> <span class='ocrx_word' id='word_1_147' title='bbox 1221 1969 1500 2050; x_wconf 89' lang='lat' dir='ltr'><strong>primum</strong></span> <span class='ocrx_word' id='word_1_148' title='bbox 1547 1985 1821 2048; x_wconf 89' lang='lat' dir='ltr'><strong>namque</strong></span> 
     </span>
     <span class='ocr_line' id='line_1_25' title="bbox 309 2065 1824 2148; baseline -0.002 -19"><span class='ocrx_word' id='word_1_149' title='bbox 309 2075 408 2130; x_wconf 84' lang='lat' dir='ltr'><strong>est</strong></span> <span class='ocrx_word' id='word_1_150' title='bbox 435 2073 622 2128; x_wconf 86' lang='lat' dir='ltr'><strong>actus</strong></span> <span class='ocrx_word' id='word_1_151' title='bbox 655 2085 874 2148; x_wconf 79' lang='lat' dir='ltr'><strong>purus,</strong></span> <span class='ocrx_word' id='word_1_152' title='bbox 893 2065 994 2128; x_wconf 92' lang='lat' dir='ltr'><strong>Nil</strong></span> <span class='ocrx_word' id='word_1_153' title='bbox 1024 2075 1236 2128; x_wconf 86' lang='lat' dir='ltr'><strong>autem</strong></span> <span class='ocrx_word' id='word_1_154' title='bbox 1270 2065 1694 2128; x_wconf 87' lang='lat' dir='ltr'><strong>secundorum</strong></span> <span class='ocrx_word' id='word_1_155' title='bbox 1729 2071 1824 2126; x_wconf 91' lang='lat' dir='ltr'><strong>est</strong></span> 
     </span>
     <span class='ocr_line' id='line_1_26' title="bbox 309 2164 1824 2246; baseline -0.001 -20"><span class='ocrx_word' id='word_1_156' title='bbox 309 2173 496 2226; x_wconf 91' lang='lat' dir='ltr'><strong>actus</strong></span> <span class='ocrx_word' id='word_1_157' title='bbox 529 2184 749 2246; x_wconf 91' lang='lat' dir='ltr'><strong>purus.</strong></span> <span class='ocrx_word' id='word_1_158' title='bbox 779 2166 846 2226; x_wconf 91' lang='lat' dir='ltr'><strong>ln</strong></span> <span class='ocrx_word' id='word_1_159' title='bbox 877 2164 1052 2227; x_wconf 91' lang='lat' dir='ltr'><strong>omni</strong></span> <span class='ocrx_word' id='word_1_160' title='bbox 1087 2183 1319 2246; x_wconf 89' lang='lat' dir='ltr'><strong>nempe</strong></span> <span class='ocrx_word' id='word_1_161' title='bbox 1351 2171 1562 2226; x_wconf 87' lang='lat' dir='ltr'><strong>creato</strong></span> <span class='ocrx_word' id='word_1_162' title='bbox 1592 2170 1688 2224; x_wconf 86' lang='lat' dir='ltr'><strong>est</strong></span> <span class='ocrx_word' id='word_1_163' title='bbox 1718 2181 1824 2244; x_wconf 92' lang='lat' dir='ltr'><strong>po-</strong></span> 
     </span>
     <span class='ocr_line' id='line_1_27' title="bbox 311 2263 1822 2326; baseline -0.001 0"><span class='ocrx_word' id='word_1_164' title='bbox 311 2264 520 2326; x_wconf 88' lang='lat' dir='ltr'><strong>tentia</strong></span> <span class='ocrx_word' id='word_1_165' title='bbox 567 2271 633 2326; x_wconf 91' lang='lat' dir='ltr'><strong>et</strong></span> <span class='ocrx_word' id='word_1_166' title='bbox 677 2271 874 2326; x_wconf 87' lang='lat' dir='ltr'><strong>actus.</strong></span> <span class='ocrx_word' id='word_1_167' title='bbox 923 2263 985 2326; x_wconf 90' lang='lat' dir='ltr'><strong>Si</strong></span> <span class='ocrx_word' id='word_1_168' title='bbox 1033 2264 1204 2326; x_wconf 90' lang='lat' dir='ltr'><strong>enim</strong></span> <span class='ocrx_word' id='word_1_169' title='bbox 1251 2280 1378 2324; x_wconf 90' lang='lat' dir='ltr'><strong>non</strong></span> <span class='ocrx_word' id='word_1_170' title='bbox 1422 2269 1591 2324; x_wconf 88' lang='lat' dir='ltr'><strong>esset</strong></span> <span class='ocrx_word' id='word_1_171' title='bbox 1633 2263 1696 2322; x_wconf 89' lang='lat' dir='ltr'><strong>in</strong></span> <span class='ocrx_word' id='word_1_172' title='bbox 1746 2278 1822 2324; x_wconf 92' lang='lat' dir='ltr'><strong>eo</strong></span> 
     </span>
     <span class='ocr_line' id='line_1_28' title="bbox 307 2360 1822 2443; baseline -0.002 -18"><span class='ocrx_word' id='word_1_173' title='bbox 307 2371 518 2436; x_wconf 81' lang='lat' dir='ltr'><strong>actuS,</strong></span> <span class='ocrx_word' id='word_1_174' title='bbox 574 2362 896 2443; x_wconf 87' lang='lat' dir='ltr'><strong>quomodo</strong></span> <span class='ocrx_word' id='word_1_175' title='bbox 947 2363 1157 2424; x_wconf 88' lang='lat' dir='ltr'><strong>adhuc</strong></span> <span class='ocrx_word' id='word_1_176' title='bbox 1203 2360 1622 2424; x_wconf 67' lang='lat' dir='ltr'><strong>subsisteret?</strong></span> <span class='ocrx_word' id='word_1_177' title='bbox 1671 2360 1822 2422; x_wconf 85' lang='lat' dir='ltr'><strong>Esse</strong></span> 
     </span>
     <span class='ocr_line' id='line_1_29' title="bbox 309 2459 1822 2540; baseline -0.001 -18"><span class='ocrx_word' id='word_1_178' title='bbox 309 2461 492 2522; x_wconf 87' lang='lat' dir='ltr'><strong>enim</strong></span> <span class='ocrx_word' id='word_1_179' title='bbox 539 2469 638 2524; x_wconf 89' lang='lat' dir='ltr'><strong>est</strong></span> <span class='ocrx_word' id='word_1_180' title='bbox 679 2461 840 2522; x_wconf 89' lang='lat' dir='ltr'><strong>ratio</strong></span> <span class='ocrx_word' id='word_1_181' title='bbox 881 2459 1352 2538; x_wconf 82' lang='lat' dir='ltr'><strong>subsistentiae3</strong></span> <span class='ocrx_word' id='word_1_182' title='bbox 1385 2478 1524 2521; x_wconf 91' lang='lat' dir='ltr'><strong>esse</strong></span> <span class='ocrx_word' id='word_1_183' title='bbox 1567 2475 1822 2540; x_wconf 89' lang='lat' dir='ltr'><strong>quoque</strong></span> 
     </span>
     <span class='ocr_line' id='line_1_30' title="bbox 307 2556 1824 2638; baseline -0.003 -18"><span class='ocrx_word' id='word_1_184' title='bbox 307 2559 826 2620; x_wconf 88' lang='lat' dir='ltr'><strong>actualissimum</strong></span> <span class='ocrx_word' id='word_1_185' title='bbox 874 2565 994 2620; x_wconf 88' lang='lat' dir='ltr'><strong>est.</strong></span> <span class='ocrx_word' id='word_1_186' title='bbox 1027 2558 1289 2631; x_wconf 81' lang='lat' dir='ltr'><strong>RursuS‚</strong></span> <span class='ocrx_word' id='word_1_187' title='bbox 1331 2575 1522 2620; x_wconf 89' lang='lat' dir='ltr'><strong>omne</strong></span> <span class='ocrx_word' id='word_1_188' title='bbox 1567 2556 1824 2638; x_wconf 85' lang='lat' dir='ltr'><strong>partici-</strong></span> 
     </span>
     <span class='ocr_line' id='line_1_31' title="bbox 311 2655 1819 2738; baseline -0.002 -20"><span class='ocrx_word' id='word_1_189' title='bbox 311 2676 502 2738; x_wconf 78' lang='lat' dir='ltr'><strong>panS,</strong></span> <span class='ocrx_word' id='word_1_190' title='bbox 533 2657 904 2738; x_wconf 89' lang='lat' dir='ltr'><strong>dependens</strong></span> <span class='ocrx_word' id='word_1_191' title='bbox 933 2662 999 2718; x_wconf 91' lang='lat' dir='ltr'><strong>et</strong></span> <span class='ocrx_word' id='word_1_192' title='bbox 1035 2656 1352 2737; x_wconf 89' lang='lat' dir='ltr'><strong>recipiens</strong></span> <span class='ocrx_word' id='word_1_193' title='bbox 1389 2655 1819 2718; x_wconf 77' lang='lat' dir='ltr'><strong>actualitatem</strong></span> 
     </span>
     <span class='ocr_line' id='line_1_32' title="bbox 310 2752 1820 2836; baseline -0.003 -20"><span class='ocrx_word' id='word_1_194' title='bbox 310 2773 515 2836; x_wconf 88' lang='lat' dir='ltr'><strong>quam</strong></span> <span class='ocrx_word' id='word_1_195' title='bbox 565 2753 774 2827; x_wconf 90' lang='lat' dir='ltr'><strong>habet,</strong></span> <span class='ocrx_word' id='word_1_196' title='bbox 821 2753 1166 2836; x_wconf 86' lang='lat' dir='ltr'><strong>potentiale</strong></span> <span class='ocrx_word' id='word_1_197' title='bbox 1209 2761 1304 2815; x_wconf 85' lang='lat' dir='ltr'><strong>cst</strong></span> <span class='ocrx_word' id='word_1_198' title='bbox 1356 2759 1420 2814; x_wconf 91' lang='lat' dir='ltr'><strong>et</strong></span> <span class='ocrx_word' id='word_1_199' title='bbox 1471 2752 1820 2835; x_wconf 90' lang='lat' dir='ltr'><strong>potentiam</strong></span> 
     </span>
     <span class='ocr_line' id='line_1_33' title="bbox 309 2849 1820 2931; baseline -0.002 -17"><span class='ocrx_word' id='word_1_200' title='bbox 309 2853 552 2930; x_wconf 81' lang='lat' dir='ltr'><strong>habet3</strong></span> <span class='ocrx_word' id='word_1_201' title='bbox 603 2870 794 2916; x_wconf 91' lang='lat' dir='ltr'><strong>omne</strong></span> <span class='ocrx_word' id='word_1_202' title='bbox 842 2869 992 2914; x_wconf 86' lang='lat' dir='ltr'><strong>vero</strong></span> <span class='ocrx_word' id='word_1_203' title='bbox 1040 2859 1322 2913; x_wconf 87' lang='lat' dir='ltr'><strong>creatum</strong></span> <span class='ocrx_word' id='word_1_204' title='bbox 1375 2849 1820 2931; x_wconf 90' lang='lat' dir='ltr'><strong>hujuscemodi</strong></span> 
     </span>
     <span class='ocr_line' id='line_1_34' title="bbox 311 2949 1822 3012; baseline -0.002 0"><span class='ocrx_word' id='word_1_205' title='bbox 311 2960 410 3012; x_wconf 89' lang='lat' dir='ltr'><strong>est</strong></span> <span class='ocrx_word' id='word_1_206' title='bbox 446 2969 462 3012; x_wconf 78' lang='grc' dir='ltr'>ε</span> <span class='ocrx_word' id='word_1_207' title='bbox 510 2958 574 3012; x_wconf 89' lang='lat' dir='ltr'><strong>et</strong></span> <span class='ocrx_word' id='word_1_208' title='bbox 619 2951 763 3012; x_wconf 90' lang='lat' dir='ltr'><strong>ideo</strong></span> <span class='ocrx_word' id='word_1_209' title='bbox 809 2957 1092 3012; x_wconf 90' lang='lat' dir='ltr'><strong>creatum</strong></span> <span class='ocrx_word' id='word_1_210' title='bbox 1141 2966 1332 3012; x_wconf 89' lang='lat' dir='ltr'><strong>omne</strong></span> <span class='ocrx_word' id='word_1_211' title='bbox 1373 2957 1586 3012; x_wconf 89' lang='lat' dir='ltr'><strong>actum</strong></span> <span class='ocrx_word' id='word_1_212' title='bbox 1631 2949 1822 3010; x_wconf 89' lang='lat' dir='ltr'><strong>habet</strong></span> 
     </span>
     <span class='ocr_line' id='line_1_35' title="bbox 309 3049 798 3130; baseline -0.008 -18"><span class='ocrx_word' id='word_1_213' title='bbox 309 3057 376 3112; x_wconf 87' lang='lat' dir='ltr'><strong>et</strong></span> <span class='ocrx_word' id='word_1_214' title='bbox 419 3049 798 3130; x_wconf 89' lang='lat' dir='ltr'><strong>potentiam.</strong></span> 
     </span>
    </p>

    <p class='ocr_par' dir='ltr' id='par_1_10' title="bbox 307 3145 1827 4210">
     <span class='ocr_line' id='line_1_36' title="bbox 377 3145 1822 3227; baseline 0.001 -21"><span class='ocrx_word' id='word_1_215' title='bbox 377 3148 838 3209; x_wconf 76' lang='lat' dir='ltr'><strong>Verumtamen</strong></span> <span class='ocrx_word' id='word_1_216' title='bbox 860 3145 1386 3227; x_wconf 89' lang='lat' dir='ltr'><strong>philosophorum</strong></span> <span class='ocrx_word' id='word_1_217' title='bbox 1419 3145 1686 3208; x_wconf 71' lang='lat' dir='ltr'><strong>diversae</strong></span> <span class='ocrx_word' id='word_1_218' title='bbox 1718 3162 1822 3226; x_wconf 86' lang='lat' dir='ltr'><strong>po·</strong></span> 
     </span>
     <span class='ocr_line' id='line_1_37' title="bbox 309 3242 1822 3324; baseline -0.002 -18"><span class='ocrx_word' id='word_1_219' title='bbox 309 3245 580 3307; x_wconf 89' lang='lat' dir='ltr'><strong>sitiones</strong></span> <span class='ocrx_word' id='word_1_220' title='bbox 617 3251 788 3316; x_wconf 91' lang='lat' dir='ltr'><strong>sunt,</strong></span> <span class='ocrx_word' id='word_1_221' title='bbox 823 3242 978 3324; x_wconf 89' lang='lat' dir='ltr'><strong>quid</strong></span> <span class='ocrx_word' id='word_1_222' title='bbox 1019 3242 1146 3304; x_wconf 87' lang='lat' dir='ltr'><strong>sint</strong></span> <span class='ocrx_word' id='word_1_223' title='bbox 1191 3250 1255 3304; x_wconf 89' lang='lat' dir='ltr'><strong>et</strong></span> <span class='ocrx_word' id='word_1_224' title='bbox 1298 3243 1572 3324; x_wconf 87' lang='lat' dir='ltr'><strong>qualiter</strong></span> <span class='ocrx_word' id='word_1_225' title='bbox 1615 3243 1822 3305; x_wconf 88' lang='lat' dir='ltr'><strong>diver-</strong></span> 
     </span>
     <span class='ocr_line' id='line_1_38' title="bbox 307 3340 1822 3422; baseline -0.001 -18"><span class='ocrx_word' id='word_1_226' title='bbox 307 3343 658 3405; x_wconf 71' lang='lat' dir='ltr'><strong>sificantur</strong></span> <span class='ocrx_word' id='word_1_227' title='bbox 685 3348 866 3403; x_wconf 89' lang='lat' dir='ltr'><strong>actus</strong></span> <span class='ocrx_word' id='word_1_228' title='bbox 897 3348 960 3404; x_wconf 91' lang='lat' dir='ltr'><strong>et</strong></span> <span class='ocrx_word' id='word_1_229' title='bbox 1001 3340 1281 3421; x_wconf 88' lang='lat' dir='ltr'><strong>potentia</strong></span> <span class='ocrx_word' id='word_1_230' title='bbox 1321 3340 1385 3402; x_wconf 91' lang='lat' dir='ltr'><strong>in</strong></span> <span class='ocrx_word' id='word_1_231' title='bbox 1427 3341 1656 3422; x_wconf 88' lang='lat' dir='ltr'><strong>primis</strong></span> <span class='ocrx_word' id='word_1_232' title='bbox 1695 3341 1822 3402; x_wconf 88' lang='lat' dir='ltr'><strong>illis</strong></span> 
     </span>
     <span class='ocr_line' id='line_1_39' title="bbox 308 3437 1820 3520; baseline -0.002 -18"><span class='ocrx_word' id='word_1_233' title='bbox 308 3439 696 3503; x_wconf 82' lang='lat' dir='ltr'><strong>substantiis</strong></span> <span class='ocrx_word' id='word_1_234' title='bbox 745 3457 886 3520; x_wconf 79' lang='lat' dir='ltr'><strong>quae</strong></span> <span class='ocrx_word' id='word_1_235' title='bbox 936 3437 1170 3500; x_wconf 59' lang='lat' dir='ltr'><strong>divinar</strong></span> <span class='ocrx_word' id='word_1_236' title='bbox 1219 3438 1616 3520; x_wconf 85' lang='lat' dir='ltr'><strong>simplicitati</strong></span> <span class='ocrx_word' id='word_1_237' title='bbox 1666 3438 1820 3501; x_wconf 85' lang='lat' dir='ltr'><strong>vici-</strong></span> 
     </span>
     <span class='ocr_line' id='line_1_40' title="bbox 309 3536 1818 3618; baseline -0.002 -18"><span class='ocrx_word' id='word_1_238' title='bbox 309 3539 532 3600; x_wconf 90' lang='lat' dir='ltr'><strong>niores</strong></span> <span class='ocrx_word' id='word_1_239' title='bbox 574 3545 742 3599; x_wconf 89' lang='lat' dir='ltr'><strong>sunt.</strong></span> <span class='ocrx_word' id='word_1_240' title='bbox 791 3536 1094 3618; x_wconf 80' lang='lat' dir='ltr'><strong>Origenes</strong></span> <span class='ocrx_word' id='word_1_241' title='bbox 1137 3537 1376 3598; x_wconf 88' lang='lat' dir='ltr'><strong>etenim</strong></span> <span class='ocrx_word' id='word_1_242' title='bbox 1420 3537 1530 3608; x_wconf 88' lang='lat' dir='ltr'><strong>ait,</strong></span> <span class='ocrx_word' id='word_1_243' title='bbox 1577 3536 1818 3598; x_wconf 90' lang='lat' dir='ltr'><strong>nullam</strong></span> 
     </span>
     <span class='ocr_line' id='line_1_41' title="bbox 309 3633 1822 3717; baseline -0.002 -18"><span class='ocrx_word' id='word_1_244' title='bbox 309 3635 744 3699; x_wconf 84' lang='lat' dir='ltr'><strong>substantiam</strong></span> <span class='ocrx_word' id='word_1_245' title='bbox 783 3642 927 3717; x_wconf 91' lang='lat' dir='ltr'><strong>post</strong></span> <span class='ocrx_word' id='word_1_246' title='bbox 969 3653 1288 3696; x_wconf 89' lang='lat' dir='ltr'><strong>summam</strong></span> <span class='ocrx_word' id='word_1_247' title='bbox 1319 3633 1650 3706; x_wconf 88' lang='lat' dir='ltr'><strong>Deitatem‚</strong></span> <span class='ocrx_word' id='word_1_248' title='bbox 1683 3634 1822 3696; x_wconf 90' lang='lat' dir='ltr'><strong>sine</strong></span> 
     </span>
     <span class='ocr_line' id='line_1_42' title="bbox 309 3732 1824 3816; baseline -0.003 -19"><span class='ocrx_word' id='word_1_249' title='bbox 309 3736 586 3798; x_wconf 88' lang='lat' dir='ltr'><strong>materia</strong></span> <span class='ocrx_word' id='word_1_250' title='bbox 618 3752 804 3816; x_wconf 88' lang='lat' dir='ltr'><strong>posse</strong></span> <span class='ocrx_word' id='word_1_251' title='bbox 835 3732 1200 3795; x_wconf 87' lang='lat' dir='ltr'><strong>subsistere.</strong></span> <span class='ocrx_word' id='word_1_252' title='bbox 1238 3732 1355 3806; x_wconf 91' lang='lat' dir='ltr'><strong>Qui</strong></span> <span class='ocrx_word' id='word_1_253' title='bbox 1389 3733 1531 3796; x_wconf 91' lang='lat' dir='ltr'><strong>ideo</strong></span> <span class='ocrx_word' id='word_1_254' title='bbox 1569 3733 1824 3794; x_wconf 84' lang='lat' dir='ltr'><strong>videtur</strong></span> 
     </span>
     <span class='ocr_line' id='line_1_43' title="bbox 309 3830 1822 3896; baseline -0.003 0"><span class='ocrx_word' id='word_1_255' title='bbox 309 3836 434 3896; x_wconf 86' lang='lat' dir='ltr'><strong>hoc</strong></span> <span class='ocrx_word' id='word_1_256' title='bbox 485 3832 770 3896; x_wconf 78' lang='lat' dir='ltr'><strong>voluisse</strong></span> <span class='ocrx_word' id='word_1_257' title='bbox 823 3849 836 3892; x_wconf 76' lang='grc' dir='ltr'>ε</span> <span class='ocrx_word' id='word_1_258' title='bbox 891 3838 1069 3893; x_wconf 88' lang='lat' dir='ltr'><strong>actus</strong></span> <span class='ocrx_word' id='word_1_259' title='bbox 1117 3830 1292 3892; x_wconf 88' lang='lat' dir='ltr'><strong>enim</strong></span> <span class='ocrx_word' id='word_1_260' title='bbox 1341 3837 1404 3892; x_wconf 90' lang='lat' dir='ltr'><strong>et</strong></span> <span class='ocrx_word' id='word_1_261' title='bbox 1463 3831 1669 3893; x_wconf 76' lang='lat' dir='ltr'><strong>forma</strong></span> <span class='ocrx_word' id='word_1_262' title='bbox 1727 3849 1822 3892; x_wconf 89' lang='lat' dir='ltr'><strong>se-</strong></span> 
     </span>
     <span class='ocr_line' id='line_1_44' title="bbox 309 3928 1824 3995; baseline -0.003 0"><span class='ocrx_word' id='word_1_263' title='bbox 309 3933 606 3995; x_wconf 89' lang='lat' dir='ltr'><strong>cundum</strong></span> <span class='ocrx_word' id='word_1_264' title='bbox 664 3948 732 3992; x_wconf 91' lang='lat' dir='ltr'><strong>se</strong></span> <span class='ocrx_word' id='word_1_265' title='bbox 789 3937 854 3992; x_wconf 92' lang='lat' dir='ltr'><strong>et</strong></span> <span class='ocrx_word' id='word_1_266' title='bbox 910 3930 988 3991; x_wconf 92' lang='lat' dir='ltr'><strong>de</strong></span> <span class='ocrx_word' id='word_1_267' title='bbox 1038 3947 1106 3990; x_wconf 91' lang='lat' dir='ltr'><strong>se</strong></span> <span class='ocrx_word' id='word_1_268' title='bbox 1155 3928 1568 3991; x_wconf 86' lang='lat' dir='ltr'><strong>interminata</strong></span> <span class='ocrx_word' id='word_1_269' title='bbox 1616 3937 1714 3991; x_wconf 89' lang='lat' dir='ltr'><strong>est</strong></span> <span class='ocrx_word' id='word_1_270' title='bbox 1760 3936 1824 3990; x_wconf 91' lang='lat' dir='ltr'><strong>et</strong></span> 
     </span>
     <span class='ocr_line' id='line_1_45' title="bbox 311 4025 1822 4109; baseline -0.004 -17"><span class='ocrx_word' id='word_1_271' title='bbox 311 4028 882 4109; x_wconf 87' lang='lat' dir='ltr'><strong>incircumscripta</strong></span> <span class='ocrx_word' id='word_1_272' title='bbox 943 4043 956 4087; x_wconf 94' lang='lat'><strong>:</strong></span> <span class='ocrx_word' id='word_1_273' title='bbox 1018 4043 1146 4089; x_wconf 90' lang='lat' dir='ltr'><strong>non</strong></span> <span class='ocrx_word' id='word_1_274' title='bbox 1207 4025 1402 4108; x_wconf 85' lang='lat' dir='ltr'><strong>igitur</strong></span> <span class='ocrx_word' id='word_1_275' title='bbox 1459 4025 1688 4088; x_wconf 81' lang='lat' dir='ltr'><strong>finitur</strong></span> <span class='ocrx_word' id='word_1_276' title='bbox 1757 4025 1822 4086; x_wconf 89' lang='lat' dir='ltr'><strong>in</strong></span> 
     </span>
     <span class='ocr_line' id='line_1_46' title="bbox 307 4123 1827 4210; baseline -0.005 -19"><span class='ocrx_word' id='word_1_277' title='bbox 307 4148 376 4191; x_wconf 89' lang='lat' dir='ltr'><strong>se</strong></span> <span class='ocrx_word' id='word_1_278' title='bbox 421 4129 588 4210; x_wconf 87' lang='lat' dir='ltr'><strong>ipsa.</strong></span> <span class='ocrx_word' id='word_1_279' title='bbox 622 4125 780 4188; x_wconf 89' lang='lat' dir='ltr'><strong>Nam</strong></span> <span class='ocrx_word' id='word_1_280' title='bbox 825 4125 968 4186; x_wconf 91' lang='lat' dir='ltr'><strong>ideo</strong></span> <span class='ocrx_word' id='word_1_281' title='bbox 1008 4124 1288 4206; x_wconf 89' lang='lat' dir='ltr'><strong>primum</strong></span> <span class='ocrx_word' id='word_1_282' title='bbox 1332 4143 1446 4186; x_wconf 90' lang='lat' dir='ltr'><strong>ens</strong></span> <span class='ocrx_word' id='word_1_283' title='bbox 1490 4123 1827 4186; x_wconf 89' lang='lat' dir='ltr'><strong>incircum·</strong></span> 
     </span>
    </p>
   </div>
   <div class='ocr_carea' id='block_1_10' title="bbox 1929 1964 3441 3008">
    <p class='ocr_par' dir='ltr' id='par_1_11' title="bbox 1929 1964 3441 3008">
     <span class='ocr_line' id='line_1_47' title="bbox 1933 1964 3437 2046; baseline 0.001 -20"><span class='ocrx_word' id='word_1_284' title='bbox 1933 1971 1996 2026; x_wconf 93' lang='lat' dir='ltr'><strong>et</strong></span> <span class='ocrx_word' id='word_1_285' title='bbox 2045 1964 2358 2046; x_wconf 90' lang='lat' dir='ltr'><strong>corporali</strong></span> <span class='ocrx_word' id='word_1_286' title='bbox 2403 1984 2516 2027; x_wconf 87' lang='lat' dir='ltr'><strong>seu</strong></span> <span class='ocrx_word' id='word_1_287' title='bbox 2559 1966 2849 2029; x_wconf 88' lang='lat' dir='ltr'><strong>sensibili</strong></span> <span class='ocrx_word' id='word_1_288' title='bbox 2894 1968 3100 2029; x_wconf 82' lang='lat' dir='ltr'><strong>forma</strong></span> <span class='ocrx_word' id='word_1_289' title='bbox 3141 1967 3437 2030; x_wconf 89' lang='lat' dir='ltr'><strong>determi-</strong></span> 
     </span>
     <span class='ocr_line' id='line_1_48' title="bbox 1933 2063 3438 2147; baseline 0.003 -25"><span class='ocrx_word' id='word_1_290' title='bbox 1933 2069 2078 2123; x_wconf 86' lang='lat' dir='ltr'><strong>nata</strong></span> <span class='ocrx_word' id='word_1_291' title='bbox 2122 2069 2236 2123; x_wconf 91' lang='lat' dir='ltr'><strong>est.</strong></span> <span class='ocrx_word' id='word_1_292' title='bbox 2286 2063 2545 2124; x_wconf 82' lang='lat' dir='ltr'><strong>Materia</strong></span> <span class='ocrx_word' id='word_1_293' title='bbox 2587 2064 2759 2126; x_wconf 88' lang='lat' dir='ltr'><strong>enim</strong></span> <span class='ocrx_word' id='word_1_294' title='bbox 2806 2065 3187 2146; x_wconf 88' lang='lat' dir='ltr'><strong>simpliciter</strong></span> <span class='ocrx_word' id='word_1_295' title='bbox 3230 2065 3438 2147; x_wconf 88' lang='lat' dir='ltr'><strong>prima</strong></span> 
     </span>
     <span class='ocr_line' id='line_1_49' title="bbox 1934 2158 3438 2240; baseline 0.003 -23"><span class='ocrx_word' id='word_1_296' title='bbox 1934 2173 2060 2218; x_wconf 90' lang='lat' dir='ltr'><strong>non</strong></span> <span class='ocrx_word' id='word_1_297' title='bbox 2094 2158 2342 2220; x_wconf 83' lang='lat' dir='ltr'><strong>substat</strong></span> <span class='ocrx_word' id='word_1_298' title='bbox 2370 2160 2715 2240; x_wconf 86' lang='lat' dir='ltr'><strong>generibus</strong></span> <span class='ocrx_word' id='word_1_299' title='bbox 2750 2161 3202 2234; x_wconf 83' lang='lat' dir='ltr'><strong>accidentium,</strong></span> <span class='ocrx_word' id='word_1_300' title='bbox 3226 2161 3337 2224; x_wconf 91' lang='lat' dir='ltr'><strong>sed</strong></span> <span class='ocrx_word' id='word_1_301' title='bbox 3366 2161 3438 2222; x_wconf 91' lang='lat' dir='ltr'><strong>il·</strong></span> 
     </span>
     <span class='ocr_line' id='line_1_50' title="bbox 1934 2254 3440 2340; baseline 0.005 -25"><span class='ocrx_word' id='word_1_302' title='bbox 1934 2254 1993 2316; x_wconf 95' lang='lat' dir='ltr'><strong>la</strong></span> <span class='ocrx_word' id='word_1_303' title='bbox 2036 2274 2179 2337; x_wconf 87' lang='lat' dir='ltr'><strong>quae</strong></span> <span class='ocrx_word' id='word_1_304' title='bbox 2224 2258 2577 2340; x_wconf 87' lang='lat' dir='ltr'><strong>composita</strong></span> <span class='ocrx_word' id='word_1_305' title='bbox 2608 2268 2703 2322; x_wconf 91' lang='lat' dir='ltr'><strong>est</strong></span> <span class='ocrx_word' id='word_1_306' title='bbox 2732 2268 2796 2322; x_wconf 92' lang='lat' dir='ltr'><strong>et</strong></span> <span class='ocrx_word' id='word_1_307' title='bbox 2826 2259 3181 2323; x_wconf 74' lang='lat' dir='ltr'><strong>informata.</strong></span> <span class='ocrx_word' id='word_1_308' title='bbox 3214 2259 3440 2322; x_wconf 90' lang='lat' dir='ltr'><strong>Neces-</strong></span> 
     </span>
     <span class='ocr_line' id='line_1_51' title="bbox 1933 2355 3437 2441; baseline 0.004 -27"><span class='ocrx_word' id='word_1_309' title='bbox 1933 2371 2000 2415; x_wconf 90' lang='lat' dir='ltr'><strong>se</strong></span> <span class='ocrx_word' id='word_1_310' title='bbox 2031 2362 2128 2416; x_wconf 91' lang='lat' dir='ltr'><strong>est</strong></span> <span class='ocrx_word' id='word_1_311' title='bbox 2159 2355 2352 2436; x_wconf 84' lang='lat' dir='ltr'><strong>igitur</strong></span> <span class='ocrx_word' id='word_1_312' title='bbox 2381 2356 2765 2439; x_wconf 89' lang='lat' dir='ltr'><strong>simpliciter</strong></span> <span class='ocrx_word' id='word_1_313' title='bbox 2794 2359 3064 2441; x_wconf 86' lang='lat' dir='ltr'><strong>primam</strong></span> <span class='ocrx_word' id='word_1_314' title='bbox 3108 2358 3437 2420; x_wconf 88' lang='lat' dir='ltr'><strong>materiam</strong></span> 
     </span>
     <span class='ocr_line' id='line_1_52' title="bbox 1935 2449 3439 2537; baseline 0.005 -27"><span class='ocrx_word' id='word_1_315' title='bbox 1935 2449 1998 2510; x_wconf 90' lang='lat' dir='ltr'><strong>in</strong></span> <span class='ocrx_word' id='word_1_316' title='bbox 2061 2450 2191 2514; x_wconf 89' lang='lat' dir='ltr'><strong>illis</strong></span> <span class='ocrx_word' id='word_1_317' title='bbox 2248 2453 2494 2516; x_wconf 90' lang='lat' dir='ltr'><strong>naturis</strong></span> <span class='ocrx_word' id='word_1_318' title='bbox 2556 2473 2793 2536; x_wconf 91' lang='lat' dir='ltr'><strong>ponere</strong></span> <span class='ocrx_word' id='word_1_319' title='bbox 2850 2475 2991 2537; x_wconf 83' lang='lat' dir='ltr'><strong>quae</strong></span> <span class='ocrx_word' id='word_1_320' title='bbox 3040 2456 3439 2519; x_wconf 87' lang='lat' dir='ltr'><strong>dimensione</strong></span> 
     </span>
     <span class='ocr_line' id='line_1_53' title="bbox 1934 2551 3439 2632; baseline 0.005 -24"><span class='ocrx_word' id='word_1_321' title='bbox 1934 2557 2173 2622; x_wconf 89' lang='lat' dir='ltr'><strong>carent,</strong></span> <span class='ocrx_word' id='word_1_322' title='bbox 2220 2557 2291 2611; x_wconf 91' lang='lat' dir='ltr'><strong>ut</strong></span> <span class='ocrx_word' id='word_1_323' title='bbox 2339 2558 2489 2612; x_wconf 92' lang='lat' dir='ltr'><strong>sunt</strong></span> <span class='ocrx_word' id='word_1_324' title='bbox 2540 2551 2993 2632; x_wconf 63' lang='lat' dir='ltr'><strong>intelligentiae.</strong></span> <span class='ocrx_word' id='word_1_325' title='bbox 3035 2589 3116 2600; x_wconf 89' lang='lat'><strong>-—</strong></span> <span class='ocrx_word' id='word_1_326' title='bbox 3162 2555 3241 2616; x_wconf 90' lang='lat' dir='ltr'><strong>At</strong></span> <span class='ocrx_word' id='word_1_327' title='bbox 3288 2570 3439 2616; x_wconf 86' lang='lat' dir='ltr'><strong>vero</strong></span> 
     </span>
     <span class='ocr_line' id='line_1_54' title="bbox 1933 2645 3435 2732; baseline 0.006 -27"><span class='ocrx_word' id='word_1_328' title='bbox 1933 2645 2142 2727; x_wconf 90' lang='lat' dir='ltr'><strong>prima</strong></span> <span class='ocrx_word' id='word_1_329' title='bbox 2194 2649 2458 2710; x_wconf 88' lang='lat' dir='ltr'><strong>materia</strong></span> <span class='ocrx_word' id='word_1_330' title='bbox 2504 2650 2582 2711; x_wconf 96' lang='lat' dir='ltr'><strong>ad</strong></span> <span class='ocrx_word' id='word_1_331' title='bbox 2635 2651 2853 2713; x_wconf 89' lang='lat' dir='ltr'><strong>omnia</strong></span> <span class='ocrx_word' id='word_1_332' title='bbox 2910 2651 3237 2732; x_wconf 89' lang='lat' dir='ltr'><strong>possibilis</strong></span> <span class='ocrx_word' id='word_1_333' title='bbox 3296 2659 3435 2730; x_wconf 90' lang='lat' dir='ltr'><strong>est;</strong></span> 
     </span>
     <span class='ocr_line' id='line_1_55' title="bbox 1929 2745 3435 2824; baseline 0.004 -20"><span class='ocrx_word' id='word_1_334' title='bbox 1929 2745 2251 2824; x_wconf 89' lang='lat' dir='ltr'><strong>quantitas</strong></span> <span class='ocrx_word' id='word_1_335' title='bbox 2292 2754 2505 2809; x_wconf 90' lang='lat' dir='ltr'><strong>autem</strong></span> <span class='ocrx_word' id='word_1_336' title='bbox 2540 2755 2605 2810; x_wconf 92' lang='lat' dir='ltr'><strong>et</strong></span> <span class='ocrx_word' id='word_1_337' title='bbox 2634 2748 2960 2811; x_wconf 89' lang='lat' dir='ltr'><strong>sensibilis</strong></span> <span class='ocrx_word' id='word_1_338' title='bbox 3002 2749 3206 2811; x_wconf 75' lang='lat' dir='ltr'><strong>forma</strong></span> <span class='ocrx_word' id='word_1_339' title='bbox 3240 2750 3435 2812; x_wconf 80' lang='lat' dir='ltr'><strong>maxi·</strong></span> 
     </span>
     <span class='ocr_line' id='line_1_56' title="bbox 1933 2843 3434 2928; baseline 0.004 -25"><span class='ocrx_word' id='word_1_340' title='bbox 1933 2861 2036 2904; x_wconf 90' lang='lat' dir='ltr'><strong>me</strong></span> <span class='ocrx_word' id='word_1_341' title='bbox 2077 2843 2438 2925; x_wconf 90' lang='lat' dir='ltr'><strong>impediunt</strong></span> <span class='ocrx_word' id='word_1_342' title='bbox 2476 2846 2905 2909; x_wconf 86' lang='lat' dir='ltr'><strong>universalem</strong></span> <span class='ocrx_word' id='word_1_343' title='bbox 2938 2846 3434 2928; x_wconf 89' lang='lat' dir='ltr'><strong>susceptibilita-</strong></span> 
     </span>
     <span class='ocr_line' id='line_1_57' title="bbox 1935 2943 3441 3008; baseline 0.003 -6"><span class='ocrx_word' id='word_1_344' title='bbox 1935 2948 2062 3002; x_wconf 89' lang='lat' dir='ltr'><strong>tem</strong></span> <span class='ocrx_word' id='word_1_345' title='bbox 2106 2949 2172 3003; x_wconf 93' lang='lat' dir='ltr'><strong>et</strong></span> <span class='ocrx_word' id='word_1_346' title='bbox 2212 2943 2933 3006; x_wconf 86' lang='lat' dir='ltr'><strong>communicabilitatem</strong></span> <span class='ocrx_word' id='word_1_347' title='bbox 2984 2963 2997 3006; x_wconf 95' lang='lat'><strong>:</strong></span> <span class='ocrx_word' id='word_1_348' title='bbox 3033 2964 3180 3008; x_wconf 88' lang='lat' dir='ltr'><strong>nam</strong></span> <span class='ocrx_word' id='word_1_349' title='bbox 3222 2964 3441 3008; x_wconf 89' lang='lat' dir='ltr'><strong>secun-</strong></span> 
     </span>
    </p>
   </div>
   <div class='ocr_carea' id='block_1_11' title="bbox 1853 3037 3439 3125">
    <p class='ocr_par' dir='ltr' id='par_1_12' title="bbox 1853 3037 3439 3125">
     <span class='ocr_line' id='line_1_58' title="bbox 1853 3037 3439 3125; baseline 0.004 -25"><span class='ocrx_word' id='word_1_350' title='bbox 1853 3037 1896 3100; x_wconf 88' lang='lat' dir='ltr'>C</span> <span class='ocrx_word' id='word_1_351' title='bbox 1933 3039 2086 3100; x_wconf 92' lang='lat' dir='ltr'><strong>dum</strong></span> <span class='ocrx_word' id='word_1_352' title='bbox 2118 3039 2571 3122; x_wconf 85' lang='lat' dir='ltr'><strong>Philosophum</strong></span> <span class='ocrx_word' id='word_1_353' title='bbox 2603 3042 2793 3104; x_wconf 54' lang='lat' dir='ltr'><strong>&#39;tertio</strong></span> <span class='ocrx_word' id='word_1_354' title='bbox 2822 3044 2901 3104; x_wconf 91' lang='lat' dir='ltr'><strong>de</strong></span> <span class='ocrx_word' id='word_1_355' title='bbox 2927 3043 3439 3125; x_wconf 83' lang='lat' dir='ltr'><strong>Anima,oportet</strong></span> 
     </span>
    </p>
   </div>
   <div class='ocr_carea' id='block_1_12' title="bbox 1933 3137 3437 4201">
    <p class='ocr_par' dir='ltr' id='par_1_13' title="bbox 1933 3137 3437 4201">
     <span class='ocr_line' id='line_1_59' title="bbox 1933 3137 3432 3219; baseline 0.004 -21"><span class='ocrx_word' id='word_1_356' title='bbox 1933 3137 2253 3219; x_wconf 87' lang='lat' dir='ltr'><strong>recipiens</strong></span> <span class='ocrx_word' id='word_1_357' title='bbox 2302 3139 2696 3203; x_wconf 90' lang='lat' dir='ltr'><strong>denudatum</strong></span> <span class='ocrx_word' id='word_1_358' title='bbox 2744 3159 2885 3203; x_wconf 85' lang='lat' dir='ltr'><strong>esse</strong></span> <span class='ocrx_word' id='word_1_359' title='bbox 2933 3147 2997 3203; x_wconf 86' lang='lat' dir='ltr'><strong>et</strong></span> <span class='ocrx_word' id='word_1_360' title='bbox 3045 3140 3432 3204; x_wconf 88' lang='lat' dir='ltr'><strong>immixtum.</strong></span> 
     </span>
     <span class='ocr_line' id='line_1_60' title="bbox 1933 3235 3437 3322; baseline 0.004 -26"><span class='ocrx_word' id='word_1_361' title='bbox 1933 3235 2300 3298; x_wconf 82' lang='lat' dir='ltr'><strong>intellectus</strong></span> <span class='ocrx_word' id='word_1_362' title='bbox 2342 3245 2555 3300; x_wconf 90' lang='lat' dir='ltr'><strong>autem</strong></span> <span class='ocrx_word' id='word_1_363' title='bbox 2601 3246 2698 3300; x_wconf 93' lang='lat' dir='ltr'><strong>est</strong></span> <span class='ocrx_word' id='word_1_364' title='bbox 2744 3239 2807 3300; x_wconf 93' lang='lat' dir='ltr'><strong>in</strong></span> <span class='ocrx_word' id='word_1_365' title='bbox 2856 3239 3140 3322; x_wconf 89' lang='lat' dir='ltr'><strong>potentia</strong></span> <span class='ocrx_word' id='word_1_366' title='bbox 3181 3239 3258 3301; x_wconf 88' lang='lat' dir='ltr'><strong>ad</strong></span> <span class='ocrx_word' id='word_1_367' title='bbox 3303 3257 3437 3302; x_wconf 91' lang='lat' dir='ltr'><strong>om-</strong></span> 
     </span>
     <span class='ocr_line' id='line_1_61' title="bbox 1935 3334 3431 3416; baseline 0.003 -22"><span class='ocrx_word' id='word_1_368' title='bbox 1935 3334 2042 3394; x_wconf 88' lang='lat' dir='ltr'><strong>nia</strong></span> <span class='ocrx_word' id='word_1_369' title='bbox 2074 3351 2089 3395; x_wconf 78' lang='lat' dir='ltr'><strong><em>z</em></strong></span> <span class='ocrx_word' id='word_1_370' title='bbox 2124 3334 2329 3416; x_wconf 90' lang='lat' dir='ltr'><strong>prima</strong></span> <span class='ocrx_word' id='word_1_371' title='bbox 2360 3354 2510 3416; x_wconf 86' lang='lat' dir='ltr'><strong>ergo</strong></span> <span class='ocrx_word' id='word_1_372' title='bbox 2541 3338 2805 3399; x_wconf 90' lang='lat' dir='ltr'><strong>materia</strong></span> <span class='ocrx_word' id='word_1_373' title='bbox 2836 3337 2902 3400; x_wconf 90' lang='lat' dir='ltr'><strong>in</strong></span> <span class='ocrx_word' id='word_1_374' title='bbox 2948 3337 3277 3400; x_wconf 88' lang='lat' dir='ltr'><strong>intellectu</strong></span> <span class='ocrx_word' id='word_1_375' title='bbox 3318 3346 3431 3400; x_wconf 90' lang='lat' dir='ltr'><strong>est.</strong></span> 
     </span>
     <span class='ocr_line' id='line_1_62' title="bbox 1935 3432 3437 3518; baseline 0.003 -24"><span class='ocrx_word' id='word_1_376' title='bbox 1935 3465 2014 3476; x_wconf 91' lang='lat'>—</span> <span class='ocrx_word' id='word_1_377' title='bbox 2035 3432 2345 3513; x_wconf 89' lang='lat' dir='ltr'><strong>Denique,</strong></span> <span class='ocrx_word' id='word_1_378' title='bbox 2373 3434 2820 3498; x_wconf 88' lang='lat' dir='ltr'><strong>universaliter</strong></span> <span class='ocrx_word' id='word_1_379' title='bbox 2850 3436 3203 3498; x_wconf 90' lang='lat' dir='ltr'><strong>secundum</strong></span> <span class='ocrx_word' id='word_1_380' title='bbox 3235 3443 3299 3498; x_wconf 93' lang='lat' dir='ltr'><strong>et</strong></span> <span class='ocrx_word' id='word_1_381' title='bbox 3330 3455 3437 3518; x_wconf 89' lang='lat' dir='ltr'><strong>po—</strong></span> 
     </span>
     <span class='ocr_line' id='line_1_63' title="bbox 1935 3528 3435 3614; baseline 0.004 -24"><span class='ocrx_word' id='word_1_382' title='bbox 1935 3529 2169 3591; x_wconf 88' lang='lat' dir='ltr'><strong>sterius</strong></span> <span class='ocrx_word' id='word_1_383' title='bbox 2216 3528 2519 3592; x_wconf 77' lang='lat' dir='ltr'><strong>t‘undatur</strong></span> <span class='ocrx_word' id='word_1_384' title='bbox 2553 3531 2617 3592; x_wconf 92' lang='lat' dir='ltr'><strong>in</strong></span> <span class='ocrx_word' id='word_1_385' title='bbox 2656 3533 2887 3614; x_wconf 90' lang='lat' dir='ltr'><strong>prim0,</strong></span> <span class='ocrx_word' id='word_1_386' title='bbox 2926 3533 3092 3595; x_wconf 92' lang='lat' dir='ltr'><strong>sicut</strong></span> <span class='ocrx_word' id='word_1_387' title='bbox 3137 3533 3329 3596; x_wconf 90' lang='lat' dir='ltr'><strong>homo</strong></span> <span class='ocrx_word' id='word_1_388' title='bbox 3372 3535 3435 3596; x_wconf 91' lang='lat' dir='ltr'><strong>in</strong></span> 
     </span>
     <span class='ocr_line' id='line_1_64' title="bbox 1934 3627 3437 3704; baseline 0.004 -16"><span class='ocrx_word' id='word_1_389' title='bbox 1934 3627 2219 3700; x_wconf 88' lang='lat' dir='ltr'><strong>animali,</strong></span> <span class='ocrx_word' id='word_1_390' title='bbox 2254 3635 2317 3690; x_wconf 89' lang='lat' dir='ltr'><strong>et</strong></span> <span class='ocrx_word' id='word_1_391' title='bbox 2360 3629 2597 3691; x_wconf 89' lang='lat' dir='ltr'><strong>sentire</strong></span> <span class='ocrx_word' id='word_1_392' title='bbox 2642 3629 2705 3692; x_wconf 91' lang='lat' dir='ltr'><strong>in</strong></span> <span class='ocrx_word' id='word_1_393' title='bbox 2749 3631 2990 3704; x_wconf 89' lang='lat' dir='ltr'><strong>vivere,</strong></span> <span class='ocrx_word' id='word_1_394' title='bbox 3024 3631 3243 3694; x_wconf 90' lang='lat' dir='ltr'><strong>vivere</strong></span> <span class='ocrx_word' id='word_1_395' title='bbox 3286 3650 3437 3694; x_wconf 89' lang='lat' dir='ltr'><strong>vero</strong></span> 
     </span>
     <span class='ocr_line' id='line_1_65' title="bbox 1937 3725 3437 3810; baseline 0.004 -24"><span class='ocrx_word' id='word_1_396' title='bbox 1937 3725 2000 3786; x_wconf 91' lang='lat' dir='ltr'><strong>in</strong></span> <span class='ocrx_word' id='word_1_397' title='bbox 2048 3743 2229 3802; x_wconf 81' lang='lat' dir='ltr'><strong>esse3</strong></span> <span class='ocrx_word' id='word_1_398' title='bbox 2275 3727 2386 3788; x_wconf 93' lang='lat' dir='ltr'><strong>sed</strong></span> <span class='ocrx_word' id='word_1_399' title='bbox 2430 3729 2691 3789; x_wconf 90' lang='lat' dir='ltr'><strong>materia</strong></span> <span class='ocrx_word' id='word_1_400' title='bbox 2742 3747 2883 3809; x_wconf 81' lang='lat' dir='ltr'><strong>quae</strong></span> <span class='ocrx_word' id='word_1_401' title='bbox 2934 3730 3286 3810; x_wconf 88' lang='lat' dir='ltr'><strong>quantitate</strong></span> <span class='ocrx_word' id='word_1_402' title='bbox 3334 3731 3437 3792; x_wconf 90' lang='lat' dir='ltr'><strong>de—</strong></span> 
     </span>
     <span class='ocr_line' id='line_1_66' title="bbox 1935 3823 3435 3907; baseline 0.004 -23"><span class='ocrx_word' id='word_1_403' title='bbox 1935 3823 2276 3887; x_wconf 89' lang='lat' dir='ltr'><strong>terminata</strong></span> <span class='ocrx_word' id='word_1_404' title='bbox 2313 3833 2410 3886; x_wconf 89' lang='lat' dir='ltr'><strong>est</strong></span> <span class='ocrx_word' id='word_1_405' title='bbox 2447 3833 2510 3886; x_wconf 90' lang='lat' dir='ltr'><strong>et</strong></span> <span class='ocrx_word' id='word_1_406' title='bbox 2552 3827 2899 3907; x_wconf 90' lang='lat' dir='ltr'><strong>corporalis</strong></span> <span class='ocrx_word' id='word_1_407' title='bbox 2940 3828 3273 3900; x_wconf 82' lang='lat' dir='ltr'><strong>exsistenS,</strong></span> <span class='ocrx_word' id='word_1_408' title='bbox 3308 3847 3435 3890; x_wconf 92' lang='lat' dir='ltr'><strong>non</strong></span> 
     </span>
     <span class='ocr_line' id='line_1_67' title="bbox 1935 3922 3436 4004; baseline 0.001 -20"><span class='ocrx_word' id='word_1_409' title='bbox 1935 3931 2030 3984; x_wconf 85' lang='lat' dir='ltr'><strong>est</strong></span> <span class='ocrx_word' id='word_1_410' title='bbox 2075 3922 2457 4004; x_wconf 89' lang='lat' dir='ltr'><strong>simpliciter</strong></span> <span class='ocrx_word' id='word_1_411' title='bbox 2498 3924 2704 4004; x_wconf 89' lang='lat' dir='ltr'><strong>prima</strong></span> <span class='ocrx_word' id='word_1_412' title='bbox 2746 3926 3031 3998; x_wconf 89' lang='lat' dir='ltr'><strong>materia,</strong></span> <span class='ocrx_word' id='word_1_413' title='bbox 3066 3926 3174 3986; x_wconf 90' lang='lat' dir='ltr'><strong>sed</strong></span> <span class='ocrx_word' id='word_1_414' title='bbox 3214 3944 3436 3987; x_wconf 87' lang='lat' dir='ltr'><strong>secun-</strong></span> 
     </span>
     <span class='ocr_line' id='line_1_68' title="bbox 1935 4021 3435 4104; baseline 0.002 -22"><span class='ocrx_word' id='word_1_415' title='bbox 1935 4021 2015 4082; x_wconf 92' lang='lat' dir='ltr'><strong>da</strong></span> <span class='ocrx_word' id='word_1_416' title='bbox 2043 4039 2056 4082; x_wconf 77' lang='grc' dir='ltr'>ε</span> <span class='ocrx_word' id='word_1_417' title='bbox 2083 4021 2389 4082; x_wconf 82' lang='lat' dir='ltr'><strong>fundatur</strong></span> <span class='ocrx_word' id='word_1_418' title='bbox 2416 4039 2567 4102; x_wconf 84' lang='lat' dir='ltr'><strong>ergo</strong></span> <span class='ocrx_word' id='word_1_419' title='bbox 2599 4021 2663 4082; x_wconf 89' lang='lat' dir='ltr'><strong>in</strong></span> <span class='ocrx_word' id='word_1_420' title='bbox 2700 4023 2961 4084; x_wconf 90' lang='lat' dir='ltr'><strong>materia</strong></span> <span class='ocrx_word' id='word_1_421' title='bbox 2992 4023 3187 4104; x_wconf 84' lang='lat' dir='ltr'><strong>priori</strong></span> <span class='ocrx_word' id='word_1_422' title='bbox 3206 4040 3223 4102; x_wconf 90' lang='lat'>;</span> <span class='ocrx_word' id='word_1_423' title='bbox 3256 4031 3319 4086; x_wconf 89' lang='lat' dir='ltr'><strong>et</strong></span> <span class='ocrx_word' id='word_1_424' title='bbox 3350 4022 3435 4085; x_wconf 90' lang='lat' dir='ltr'><strong>ita</strong></span> 
     </span>
     <span class='ocr_line' id='line_1_69' title="bbox 1936 4117 3430 4201; baseline 0.002 -22"><span class='ocrx_word' id='word_1_425' title='bbox 1936 4117 2175 4180; x_wconf 90' lang='lat' dir='ltr'><strong>alicubi</strong></span> <span class='ocrx_word' id='word_1_426' title='bbox 2239 4119 2361 4180; x_wconf 90' lang='lat' dir='ltr'><strong>erit</strong></span> <span class='ocrx_word' id='word_1_427' title='bbox 2428 4118 2810 4200; x_wconf 88' lang='lat' dir='ltr'><strong>simpliciter</strong></span> <span class='ocrx_word' id='word_1_428' title='bbox 2876 4120 3082 4201; x_wconf 87' lang='lat' dir='ltr'><strong>prima</strong></span> <span class='ocrx_word' id='word_1_429' title='bbox 3150 4121 3430 4182; x_wconf 87' lang='lat' dir='ltr'><strong>materia.</strong></span> 
     </span>
    </p>
   </div>
   <div class='ocr_carea' id='block_1_13' title="bbox 309 4214 3437 4307">
    <p class='ocr_par' dir='ltr' id='par_1_14' title="bbox 309 4214 3437 4307">
     <span class='ocr_line' id='line_1_70' title="bbox 309 4214 3437 4307; baseline -0.003 -19"><span class='ocrx_word' id='word_1_430' title='bbox 309 4227 636 4307; x_wconf 88' lang='lat' dir='ltr'><strong>scriptum</strong></span> <span class='ocrx_word' id='word_1_431' title='bbox 667 4222 1100 4305; x_wconf 87' lang='lat' dir='ltr'><strong>est,quoniam</strong></span> <span class='ocrx_word' id='word_1_432' title='bbox 1135 4222 1414 4303; x_wconf 87' lang='lat' dir='ltr'><strong>potentia</strong></span> <span class='ocrx_word' id='word_1_433' title='bbox 1443 4241 1584 4303; x_wconf 84' lang='lat' dir='ltr'><strong>quae</strong></span> <span class='ocrx_word' id='word_1_434' title='bbox 1615 4221 1821 4296; x_wconf 82' lang='lat' dir='ltr'><strong>finiat,</strong></span> <span class='ocrx_word' id='word_1_435' title='bbox 1855 4214 1904 4276; x_wconf 91' lang='lat' dir='ltr'>D</span> <span class='ocrx_word' id='word_1_436' title='bbox 1935 4252 2016 4262; x_wconf 96' lang='lat'><strong>—</strong></span> <span class='ocrx_word' id='word_1_437' title='bbox 2054 4217 2383 4288; x_wconf 81' lang='lat' dir='ltr'><strong>Praeterea,</strong></span> <span class='ocrx_word' id='word_1_438' title='bbox 2429 4217 2754 4298; x_wconf 88' lang='lat' dir='ltr'><strong>proportio</strong></span> <span class='ocrx_word' id='word_1_439' title='bbox 2794 4219 3103 4280; x_wconf 86' lang='lat' dir='ltr'><strong>servanda</strong></span> <span class='ocrx_word' id='word_1_440' title='bbox 3139 4226 3236 4281; x_wconf 90' lang='lat' dir='ltr'><strong>est</strong></span> <span class='ocrx_word' id='word_1_441' title='bbox 3271 4218 3437 4280; x_wconf 91' lang='lat' dir='ltr'><strong>inter</strong></span> 
     </span>
    </p>
   </div>
   <div class='ocr_carea' id='block_1_14' title="bbox 309 4319 1828 4989">
    <p class='ocr_par' dir='ltr' id='par_1_15' title="bbox 309 4319 1828 4989">
     <span class='ocr_line' id='line_1_71' title="bbox 311 4319 1823 4403; baseline -0.004 -17"><span class='ocrx_word' id='word_1_442' title='bbox 311 4333 376 4386; x_wconf 87' lang='lat' dir='ltr'><strong>et</strong></span> <span class='ocrx_word' id='word_1_443' title='bbox 411 4322 685 4384; x_wconf 85' lang='lat' dir='ltr'><strong>materia</strong></span> <span class='ocrx_word' id='word_1_444' title='bbox 715 4339 855 4403; x_wconf 79' lang='lat' dir='ltr'><strong>quae</strong></span> <span class='ocrx_word' id='word_1_445' title='bbox 894 4319 1402 4392; x_wconf 89' lang='lat' dir='ltr'><strong>circumscribat,</strong></span> <span class='ocrx_word' id='word_1_446' title='bbox 1438 4319 1693 4401; x_wconf 91' lang='lat' dir='ltr'><strong>penitus</strong></span> <span class='ocrx_word' id='word_1_447' title='bbox 1726 4339 1823 4381; x_wconf 90' lang='lat' dir='ltr'><strong>ca-</strong></span> 
     </span>
     <span class='ocr_line' id='line_1_72' title="bbox 311 4417 1826 4503; baseline -0.004 -18"><span class='ocrx_word' id='word_1_448' title='bbox 311 4421 716 4503; x_wconf 88' lang='lat' dir='ltr'><strong>ret.Oportet</strong></span> <span class='ocrx_word' id='word_1_449' title='bbox 743 4419 938 4500; x_wconf 82' lang='lat' dir='ltr'><strong>igitur</strong></span> <span class='ocrx_word' id='word_1_450' title='bbox 971 4418 1033 4480; x_wconf 90' lang='lat' dir='ltr'><strong>in</strong></span> <span class='ocrx_word' id='word_1_451' title='bbox 1066 4418 1240 4480; x_wconf 90' lang='lat' dir='ltr'><strong>omni</strong></span> <span class='ocrx_word' id='word_1_452' title='bbox 1273 4425 1504 4490; x_wconf 79' lang='lat' dir='ltr'><strong>create,</strong></span> <span class='ocrx_word' id='word_1_453' title='bbox 1529 4417 1650 4480; x_wconf 90' lang='lat' dir='ltr'><strong>sub</strong></span> <span class='ocrx_word' id='word_1_454' title='bbox 1680 4426 1826 4480; x_wconf 88' lang='lat' dir='ltr'><strong>actu</strong></span> 
     </span>
     <span class='ocr_line' id='line_1_73' title="bbox 309 4514 1820 4598; baseline -0.005 -15"><span class='ocrx_word' id='word_1_455' title='bbox 309 4529 376 4583; x_wconf 89' lang='lat' dir='ltr'><strong>et</strong></span> <span class='ocrx_word' id='word_1_456' title='bbox 409 4519 628 4582; x_wconf 78' lang='lat' dir='ltr'><strong>forma</strong></span> <span class='ocrx_word' id='word_1_457' title='bbox 663 4533 900 4598; x_wconf 88' lang='lat' dir='ltr'><strong>ponere</strong></span> <span class='ocrx_word' id='word_1_458' title='bbox 941 4514 1290 4597; x_wconf 90' lang='lat' dir='ltr'><strong>potentiam</strong></span> <span class='ocrx_word' id='word_1_459' title='bbox 1323 4533 1464 4596; x_wconf 82' lang='lat' dir='ltr'><strong>quae</strong></span> <span class='ocrx_word' id='word_1_460' title='bbox 1501 4515 1820 4576; x_wconf 89' lang='lat' dir='ltr'><strong>terminet.</strong></span> 
     </span>
     <span class='ocr_line' id='line_1_74' title="bbox 313 4613 1826 4698; baseline -0.004 -18"><span class='ocrx_word' id='word_1_461' title='bbox 313 4619 446 4680; x_wconf 83' lang='lat' dir='ltr'><strong>Hoc</strong></span> <span class='ocrx_word' id='word_1_462' title='bbox 489 4634 644 4678; x_wconf 79' lang='lat' dir='ltr'><strong>vero</strong></span> <span class='ocrx_word' id='word_1_463' title='bbox 683 4614 850 4698; x_wconf 86' lang='lat' dir='ltr'><strong>quod</strong></span> <span class='ocrx_word' id='word_1_464' title='bbox 881 4614 1314 4676; x_wconf 88' lang='lat' dir='ltr'><strong>actualitatem</strong></span> <span class='ocrx_word' id='word_1_465' title='bbox 1359 4613 1580 4676; x_wconf 61' lang='lat' dir='ltr'><strong>formai</strong></span> <span class='ocrx_word' id='word_1_466' title='bbox 1609 4614 1826 4676; x_wconf 88' lang='lat' dir='ltr'><strong>termi-</strong></span> 
     </span>
     <span class='ocr_line' id='line_1_75' title="bbox 311 4711 1825 4792; baseline -0.005 -13"><span class='ocrx_word' id='word_1_467' title='bbox 311 4725 449 4788; x_wconf 86' lang='lat' dir='ltr'><strong>nat,</strong></span> <span class='ocrx_word' id='word_1_468' title='bbox 495 4713 758 4776; x_wconf 84' lang='lat' dir='ltr'><strong>materia</strong></span> <span class='ocrx_word' id='word_1_469' title='bbox 789 4713 1040 4774; x_wconf 86' lang='lat' dir='ltr'><strong>dicitur.</strong></span> <span class='ocrx_word' id='word_1_470' title='bbox 1076 4711 1274 4774; x_wconf 81' lang='lat' dir='ltr'><strong>Infert</strong></span> <span class='ocrx_word' id='word_1_471' title='bbox 1307 4711 1520 4792; x_wconf 84' lang='lat' dir='ltr'><strong>igitur,</strong></span> <span class='ocrx_word' id='word_1_472' title='bbox 1555 4713 1618 4773; x_wconf 91' lang='lat' dir='ltr'><strong>in</strong></span> <span class='ocrx_word' id='word_1_473' title='bbox 1650 4711 1825 4775; x_wconf 90' lang='lat' dir='ltr'><strong>omni</strong></span> 
     </span>
     <span class='ocr_line' id='line_1_76' title="bbox 311 4809 1828 4894; baseline -0.005 -17"><span class='ocrx_word' id='word_1_474' title='bbox 311 4823 558 4878; x_wconf 82' lang='lat' dir='ltr'><strong>natura</strong></span> <span class='ocrx_word' id='word_1_475' title='bbox 583 4831 724 4894; x_wconf 82' lang='lat' dir='ltr'><strong>quae</strong></span> <span class='ocrx_word' id='word_1_476' title='bbox 755 4819 897 4894; x_wconf 92' lang='lat' dir='ltr'><strong>post</strong></span> <span class='ocrx_word' id='word_1_477' title='bbox 924 4809 1208 4872; x_wconf 90' lang='lat' dir='ltr'><strong>divinam</strong></span> <span class='ocrx_word' id='word_1_478' title='bbox 1241 4809 1584 4892; x_wconf 88' lang='lat' dir='ltr'><strong>puritatem</strong></span> <span class='ocrx_word' id='word_1_479' title='bbox 1624 4809 1828 4871; x_wconf 84' lang='lat' dir='ltr'><strong>subsi-</strong></span> 
     </span>
     <span class='ocr_line' id='line_1_77' title="bbox 313 4909 1501 4989; baseline -0.007 -13"><span class='ocrx_word' id='word_1_480' title='bbox 313 4915 452 4986; x_wconf 86' lang='lat' dir='ltr'><strong>stit,</strong></span> <span class='ocrx_word' id='word_1_481' title='bbox 494 4909 826 4972; x_wconf 86' lang='lat' dir='ltr'><strong>materiam</strong></span> <span class='ocrx_word' id='word_1_482' title='bbox 871 4915 1147 4970; x_wconf 88' lang='lat' dir='ltr'><strong>statuere</strong></span> <span class='ocrx_word' id='word_1_483' title='bbox 1189 4915 1501 4989; x_wconf 88' lang='lat' dir='ltr'><strong>oportere.</strong></span> 
     </span>
    </p>
   </div>
   <div class='ocr_carea' id='block_1_15' title="bbox 397 5004 1833 5087">
    <p class='ocr_par' dir='ltr' id='par_1_16' title="bbox 397 5004 1833 5087">
     <span class='ocr_line' id='line_1_78' title="bbox 397 5004 1833 5087; baseline -0.006 -13"><span class='ocrx_word' id='word_1_484' title='bbox 397 5013 600 5074; x_wconf 87' lang='lat' dir='ltr'><strong>Porro</strong></span> <span class='ocrx_word' id='word_1_485' title='bbox 642 5008 708 5068; x_wconf 91' lang='lat' dir='ltr'><strong>in</strong></span> <span class='ocrx_word' id='word_1_486' title='bbox 755 5006 922 5068; x_wconf 90' lang='lat' dir='ltr'><strong>libro</strong></span> <span class='ocrx_word' id='word_1_487' title='bbox 961 5005 1175 5068; x_wconf 85' lang='lat' dir='ltr'><strong>Fontis</strong></span> <span class='ocrx_word' id='word_1_488' title='bbox 1220 5005 1388 5078; x_wconf 61' lang='lat' dir='ltr'><strong>vitai,</strong></span> <span class='ocrx_word' id='word_1_489' title='bbox 1421 5006 1499 5067; x_wconf 93' lang='lat' dir='ltr'><strong>ad</strong></span> <span class='ocrx_word' id='word_1_490' title='bbox 1545 5005 1663 5068; x_wconf 90' lang='lat' dir='ltr'><strong>hoc</strong></span> <span class='ocrx_word' id='word_1_491' title='bbox 1698 5004 1833 5087; x_wconf 91' lang='lat' dir='ltr'><strong>plu·</strong></span> 
     </span>
    </p>
   </div>
   <div class='ocr_carea' id='block_1_16' title="bbox 1935 4315 3440 5083">
    <p class='ocr_par' dir='ltr' id='par_1_17' title="bbox 1935 4315 3437 4869">
     <span class='ocr_line' id='line_1_79' title="bbox 1935 4315 3435 4396; baseline 0.001 -19"><span class='ocrx_word' id='word_1_492' title='bbox 1935 4324 2150 4377; x_wconf 88' lang='lat' dir='ltr'><strong>actum</strong></span> <span class='ocrx_word' id='word_1_493' title='bbox 2197 4323 2258 4377; x_wconf 91' lang='lat' dir='ltr'><strong>et</strong></span> <span class='ocrx_word' id='word_1_494' title='bbox 2304 4315 2675 4396; x_wconf 89' lang='lat' dir='ltr'><strong>potentiam.</strong></span> <span class='ocrx_word' id='word_1_495' title='bbox 2711 4315 2985 4378; x_wconf 81' lang='lat' dir='ltr'><strong>Materiae</strong></span> <span class='ocrx_word' id='word_1_496' title='bbox 3028 4325 3243 4379; x_wconf 88' lang='lat' dir='ltr'><strong>autem</strong></span> <span class='ocrx_word' id='word_1_497' title='bbox 3286 4317 3435 4380; x_wconf 89' lang='lat' dir='ltr'><strong>sim-</strong></span> 
     </span>
     <span class='ocr_line' id='line_1_80' title="bbox 1936 4413 3437 4498; baseline 0.001 -24"><span class='ocrx_word' id='word_1_498' title='bbox 1936 4414 2193 4495; x_wconf 85' lang='lat' dir='ltr'><strong>pliciter</strong></span> <span class='ocrx_word' id='word_1_499' title='bbox 2236 4415 2480 4495; x_wconf 82' lang='lat' dir='ltr'><strong>primae,</strong></span> <span class='ocrx_word' id='word_1_500' title='bbox 2530 4413 2807 4476; x_wconf 89' lang='lat' dir='ltr'><strong>maxime</strong></span> <span class='ocrx_word' id='word_1_501' title='bbox 2850 4416 3303 4498; x_wconf 86' lang='lat' dir='ltr'><strong>correspondet</strong></span> <span class='ocrx_word' id='word_1_502' title='bbox 3344 4416 3437 4476; x_wconf 91' lang='lat' dir='ltr'><strong>in-</strong></span> 
     </span>
     <span class='ocr_line' id='line_1_81' title="bbox 1935 4510 3436 4576; baseline 0.001 -2"><span class='ocrx_word' id='word_1_503' title='bbox 1935 4510 2321 4574; x_wconf 89' lang='lat' dir='ltr'><strong>tellectualis</strong></span> <span class='ocrx_word' id='word_1_504' title='bbox 2392 4511 2614 4573; x_wconf 82' lang='lat' dir='ltr'><strong>forma.</strong></span> <span class='ocrx_word' id='word_1_505' title='bbox 2691 4511 2845 4574; x_wconf 87' lang='lat' dir='ltr'><strong>Nam</strong></span> <span class='ocrx_word' id='word_1_506' title='bbox 2923 4513 3436 4576; x_wconf 87' lang='lat' dir='ltr'><strong>intellectualitas</strong></span> 
     </span>
     <span class='ocr_line' id='line_1_82' title="bbox 1941 4607 3431 4691; baseline 0.001 -20"><span class='ocrx_word' id='word_1_507' title='bbox 1941 4611 2207 4672; x_wconf 90' lang='lat' dir='ltr'><strong>minime</strong></span> <span class='ocrx_word' id='word_1_508' title='bbox 2260 4609 2497 4671; x_wconf 86' lang='lat' dir='ltr'><strong>claudit</strong></span> <span class='ocrx_word' id='word_1_509' title='bbox 2546 4607 3033 4691; x_wconf 85' lang='lat' dir='ltr'><strong>possibilitatem</strong></span> <span class='ocrx_word' id='word_1_510' title='bbox 3085 4612 3365 4674; x_wconf 85' lang='lat' dir='ltr'><strong>materiae</strong></span> <span class='ocrx_word' id='word_1_511' title='bbox 3419 4628 3431 4672; x_wconf 92' lang='lat'>:</span> 
     </span>
     <span class='ocr_line' id='line_1_83' title="bbox 1937 4708 3435 4790; baseline -0.001 -19"><span class='ocrx_word' id='word_1_512' title='bbox 1937 4708 2154 4771; x_wconf 87' lang='lat' dir='ltr'><strong>omnia</strong></span> <span class='ocrx_word' id='word_1_513' title='bbox 2184 4709 2355 4770; x_wconf 87' lang='lat' dir='ltr'><strong>enim</strong></span> <span class='ocrx_word' id='word_1_514' title='bbox 2388 4709 2674 4790; x_wconf 88' lang='lat' dir='ltr'><strong>recipere</strong></span> <span class='ocrx_word' id='word_1_515' title='bbox 2706 4715 2933 4789; x_wconf 88' lang='lat' dir='ltr'><strong>potest,</strong></span> <span class='ocrx_word' id='word_1_516' title='bbox 2968 4727 3165 4788; x_wconf 91' lang='lat' dir='ltr'><strong>quum</strong></span> <span class='ocrx_word' id='word_1_517' title='bbox 3198 4709 3280 4771; x_wconf 91' lang='lat' dir='ltr'><strong>sit</strong></span> <span class='ocrx_word' id='word_1_518' title='bbox 3318 4709 3435 4770; x_wconf 90' lang='lat' dir='ltr'><strong>im-</strong></span> 
     </span>
     <span class='ocr_line' id='line_1_84' title="bbox 1941 4807 2159 4869; baseline -0.014 0"><span class='ocrx_word' id='word_1_519' title='bbox 1941 4807 2159 4869; x_wconf 85' lang='lat' dir='ltr'><strong>mixta.</strong></span> 
     </span>
    </p>

    <p class='ocr_par' dir='ltr' id='par_1_18' title="bbox 1942 4902 3440 5083">
     <span class='ocr_line' id='line_1_85' title="bbox 2023 4902 3437 4984; baseline 0.001 -19"><span class='ocrx_word' id='word_1_520' title='bbox 2023 4903 2477 4984; x_wconf 87' lang='lat' dir='ltr'><strong>Hujuscemodi</strong></span> <span class='ocrx_word' id='word_1_521' title='bbox 2536 4903 2751 4984; x_wconf 88' lang='lat' dir='ltr'><strong>itaque</strong></span> <span class='ocrx_word' id='word_1_522' title='bbox 2818 4902 3117 4966; x_wconf 91' lang='lat' dir='ltr'><strong>inductus</strong></span> <span class='ocrx_word' id='word_1_523' title='bbox 3184 4905 3437 4968; x_wconf 89' lang='lat' dir='ltr'><strong>rationi-</strong></span> 
     </span>
     <span class='ocr_line' id='line_1_86' title="bbox 1942 5001 3440 5083; baseline 0.002 -19"><span class='ocrx_word' id='word_1_524' title='bbox 1942 5003 2085 5075; x_wconf 83' lang='lat' dir='ltr'><strong>buS,</strong></span> <span class='ocrx_word' id='word_1_525' title='bbox 2120 5001 2519 5083; x_wconf 87' lang='lat' dir='ltr'><strong>spiritualem</strong></span> <span class='ocrx_word' id='word_1_526' title='bbox 2563 5001 2893 5064; x_wconf 88' lang='lat' dir='ltr'><strong>materiam</strong></span> <span class='ocrx_word' id='word_1_527' title='bbox 2937 5002 3118 5083; x_wconf 88' lang='lat' dir='ltr'><strong>ponit</strong></span> <span class='ocrx_word' id='word_1_528' title='bbox 3158 5003 3225 5064; x_wconf 90' lang='lat' dir='ltr'><strong>in</strong></span> <span class='ocrx_word' id='word_1_529' title='bbox 3266 5005 3440 5066; x_wconf 90' lang='lat' dir='ltr'><strong>omni</strong></span> 
     </span>
    </p>
   </div>
   <div class='ocr_carea' id='block_1_17' title="bbox 315 5099 3445 5184">
    <p class='ocr_par' dir='ltr' id='par_1_19' title="bbox 315 5099 3445 5184">
     <span class='ocr_line' id='line_1_87' title="bbox 315 5099 3445 5184; baseline -0.003 -11"><span class='ocrx_word' id='word_1_530' title='bbox 315 5112 528 5172; x_wconf 87' lang='lat' dir='ltr'><strong>rimas</strong></span> <span class='ocrx_word' id='word_1_531' title='bbox 559 5106 804 5168; x_wconf 88' lang='lat' dir='ltr'><strong>inducit</strong></span> <span class='ocrx_word' id='word_1_532' title='bbox 834 5104 1108 5166; x_wconf 88' lang='lat' dir='ltr'><strong>rationes</strong></span> <span class='ocrx_word' id='word_1_533' title='bbox 1139 5103 1496 5167; x_wconf 85' lang='lat' dir='ltr'><strong>Avicebron</strong></span> <span class='ocrx_word' id='word_1_534' title='bbox 1523 5121 1832 5184; x_wconf 87' lang='lat' dir='ltr'><strong>:quarum</strong></span> <span class='ocrx_word' id='word_1_535' title='bbox 1947 5099 2359 5163; x_wconf 83' lang='lat' dir='ltr'><strong>intellectuali</strong></span> <span class='ocrx_word' id='word_1_536' title='bbox 2395 5099 2749 5161; x_wconf 87' lang='lat' dir='ltr'><strong>substantia</strong></span> <span class='ocrx_word' id='word_1_537' title='bbox 2780 5115 2793 5160; x_wconf 74' lang='grc' dir='ltr'>ε</span> <span class='ocrx_word' id='word_1_538' title='bbox 2830 5099 2894 5161; x_wconf 89' lang='lat' dir='ltr'><strong>in</strong></span> <span class='ocrx_word' id='word_1_539' title='bbox 2925 5118 3053 5180; x_wconf 89' lang='lat' dir='ltr'><strong>quo</strong></span> <span class='ocrx_word' id='word_1_540' title='bbox 3093 5100 3283 5162; x_wconf 89' lang='lat' dir='ltr'><strong>etiam</strong></span> <span class='ocrx_word' id='word_1_541' title='bbox 3314 5103 3445 5164; x_wconf 88' lang='lat' dir='ltr'><strong>Pla-</strong></span> 
     </span>
    </p>
   </div>
   <div class='ocr_carea' id='block_1_18' title="bbox 75 5197 3440 5284">
    <p class='ocr_par' dir='ltr' id='par_1_20' title="bbox 75 5197 3440 5284">
     <span class='ocr_line' id='line_1_88' title="bbox 75 5197 3440 5284; baseline -0.001 -18"><span class='ocrx_word' id='word_1_542' title='bbox 75 5225 292 5281; x_wconf 71' lang='lat' dir='ltr'><strong>s‘(.p.2·:t</strong></span> <span class='ocrx_word' id='word_1_543' title='bbox 318 5204 786 5272; x_wconf 71' lang='lat' dir='ltr'><strong>efficacissima</strong></span> <span class='ocrx_word' id='word_1_544' title='bbox 815 5210 962 5265; x_wconf 88' lang='lat' dir='ltr'><strong>ante</strong></span> <span class='ocrx_word' id='word_1_545' title='bbox 994 5201 1198 5284; x_wconf 87' lang='lat' dir='ltr'><strong>posita</strong></span> <span class='ocrx_word' id='word_1_546' title='bbox 1227 5201 1418 5264; x_wconf 88' lang='lat' dir='ltr'><strong>estin</strong></span> <span class='ocrx_word' id='word_1_547' title='bbox 1450 5201 1718 5264; x_wconf 85' lang='lat' dir='ltr'><strong>articulo</strong></span> <span class='ocrx_word' id='word_1_548' title='bbox 1757 5201 1834 5262; x_wconf 88' lang='lat' dir='ltr'><strong>de</strong></span> <span class='ocrx_word' id='word_1_549' title='bbox 1948 5200 2078 5262; x_wconf 91' lang='lat' dir='ltr'><strong>toni</strong></span> <span class='ocrx_word' id='word_1_550' title='bbox 2130 5205 2195 5260; x_wconf 91' lang='lat' dir='ltr'><strong>et</strong></span> <span class='ocrx_word' id='word_1_551' title='bbox 2242 5198 2464 5260; x_wconf 88' lang='lat' dir='ltr'><strong>Proclo</strong></span> <span class='ocrx_word' id='word_1_552' title='bbox 2511 5197 2742 5279; x_wconf 86' lang='lat' dir='ltr'><strong>partim</strong></span> <span class='ocrx_word' id='word_1_553' title='bbox 2794 5197 3140 5260; x_wconf 81' lang='lat' dir='ltr'><strong>conformis</strong></span> <span class='ocrx_word' id='word_1_554' title='bbox 3198 5207 3315 5261; x_wconf 90' lang='lat' dir='ltr'><strong>est.</strong></span> <span class='ocrx_word' id='word_1_555' title='bbox 3366 5200 3440 5262; x_wconf 89' lang='lat' dir='ltr'><strong>Hi</strong></span> 
     </span>
    </p>
   </div>
   <div class='ocr_carea' id='block_1_19' title="bbox 323 5294 3444 5392">
    <p class='ocr_par' dir='ltr' id='par_1_21' title="bbox 323 5294 3444 5392">
     <span class='ocr_line' id='line_1_89' title="bbox 323 5294 3444 5392; baseline -0.003 -22"><span class='ocrx_word' id='word_1_556' title='bbox 323 5303 746 5392; x_wconf 86' lang='lat' dir='ltr'><strong>philosophia</strong></span> <span class='ocrx_word' id='word_1_557' title='bbox 789 5302 952 5384; x_wconf 79' lang='lat' dir='ltr'><strong>ejuS,</strong></span> <span class='ocrx_word' id='word_1_558' title='bbox 997 5307 1060 5363; x_wconf 95' lang='lat' dir='ltr'><strong>et</strong></span> <span class='ocrx_word' id='word_1_559' title='bbox 1107 5300 1252 5365; x_wconf 93' lang='lat' dir='ltr'><strong>ideo</strong></span> <span class='ocrx_word' id='word_1_560' title='bbox 1296 5302 1428 5383; x_wconf 88' lang='lat' dir='ltr'><strong>jam</strong></span> <span class='ocrx_word' id='word_1_561' title='bbox 1480 5301 1837 5363; x_wconf 83' lang='lat' dir='ltr'><strong>reiteranda</strong></span> <span class='ocrx_word' id='word_1_562' title='bbox 1947 5316 2181 5379; x_wconf 89' lang='lat' dir='ltr'><strong>nempe</strong></span> <span class='ocrx_word' id='word_1_563' title='bbox 2212 5303 2459 5379; x_wconf 92' lang='lat' dir='ltr'><strong>ponunt</strong></span> <span class='ocrx_word' id='word_1_564' title='bbox 2488 5294 2974 5358; x_wconf 89' lang='lat' dir='ltr'><strong>intellectualem</strong></span> <span class='ocrx_word' id='word_1_565' title='bbox 3000 5297 3279 5360; x_wconf 86' lang='lat' dir='ltr'><strong>animam</strong></span> <span class='ocrx_word' id='word_1_566' title='bbox 3308 5317 3444 5361; x_wconf 89' lang='lat' dir='ltr'><strong>sen-</strong></span> 
     </span>
    </p>
   </div>
  </div>
 </body>
</html>
