4300 6259
348 1188 974 1240 REVERENDISSIMO
1038 1188 1111 1239 IN
1178 1187 1477 1238 CHRISTO
1545 1185 1783 1254 PATRI,
1846 1185 2160 1236 PRINCIPI
2223 1185 2310 1235 ET
2369 1185 2664 1250 DOMINO,
2720 1184 2792 1235 D.
2857 1184 3167 1235 GEORGIO
3233 1185 3456 1238 LUBU-

493 1305 737 1355 slANAE
800 1305 886 1354 ΕΤ
941 1303 1517 1357 RATZBURGENSIS
1581 1301 2077 1354 ECCLESIARUM
2153 1301 2512 1368 EPISCOPO,
2583 1301 2894 1352 JOANNES
2959 1301 3347 1352 ROMBERCH
3403 1303 3452 1352 A

494 1421 773 1472 KYRSPE
827 1419 1243 1473 TREOLOGUS
1292 1420 1379 1470 ΕΤ
1429 1417 1928 1488 PRAEmCA‘rOR,
1986 1419 2047 1468 S.
2106 1418 2172 1466 P.

494 1883 713 1946 status
759 1877 1249 1942 illustrissimos
1302 1875 1644 1959 Principes
1694 1878 1759 1940 et
1806 1877 2133 1942 Dominos
2181 1878 2493 1943 Ecclesiae
2542 1895 2868 1960 procereS‚
2921 1879 3090 1942 hanc
3139 1879 3458 1960 inclytam

494 1989 828 2054 Ubiorum
882 1984 1115 2049 urbem
1166 1983 1511 2048 Coloniam
1548 1984 2009 2066 Agrippinam,
2052 2002 2206 2048 cum
2259 1986 2698 2050 invictissimo
2740 1985 3197 2050 Romanorum
3241 1986 3460 2068 Impe-

340 2099 559 2160 ratore
604 2109 867 2174 semper
904 2090 1185 2172 augusto
1219 2088 1453 2153 Carolo
1486 2089 1569 2168 V,
1602 2107 1679 2154 ac
1714 2089 2196 2171 gloriosissimo
2243 2091 2658 2155 Ferdinando
2707 2092 2852 2172 eJus
2897 2107 3237 2173 germane,
3269 2092 3458 2156 Hun-

340 2203 543 2284 gariae
604 2203 751 2264 tum
788 2199 856 2262 et
908 2195 1271 2276 Bohemiae‚
1312 2213 1489 2260 nunc
1527 2212 1792 2278 quoque
1840 2196 1949 2260 bic
1980 2196 2121 2277 jam
2181 2195 2388 2262 electo
2445 2199 2512 2261 et
2557 2198 2624 2260 in
2676 2197 2972 2279 Aquensi
3020 2197 3263 2278 oppido
3302 2215 3455 2262 cum

341 2310 643 2380 mxima
678 2305 891 2388 gloria
934 2305 1001 2368 et
1048 2302 1389 2383 triumpho
1428 2305 1739 2367 coronato
1772 2303 2231 2368 Romanorum
2267 2303 2474 2386 Rege,
2509 2305 2866 2386 ingressoS,
2901 2321 3036 2368 non
3064 2305 3208 2368 sine
3247 2305 3454 2368 animi

340 2415 781 2480 delectatione
818 2411 1109 2494 plurima
1144 2409 1313 2472 mibi
1351 2409 1612 2491 obtigit,
1648 2410 2040 2492 dignissime
2076 2411 2346 2494 praesul,
2396 2414 2616 2476 tecum
2655 2413 2830 2494 apud
2873 2412 3338 2476 Reverendum
3383 2413 3452 2474 in

338 2522 611 2586 Christo
640 2521 908 2584 Patrem
936 2519 1002 2582 et
1028 2516 1395 2580 Dominum
1432 2517 1514 2580 D.
1547 2517 1871 2581 'rhomam
1901 2517 2336 2600 Campegium
2373 2520 2759 2602 episcopum
2797 2519 3225 2599 Feltrensem,
3258 2521 3455 2602 atque

340 2629 713 2692 Dominum
749 2626 831 2689 D.
862 2625 1187 2688 Joannem
1224 2621 1512 2686 Fabrum
1552 2623 1939 2704 episcopum
1977 2623 2446 2706 Viennensem,
2487 2642 2672 2690 meos
2707 2627 3077 2708 praecipuos
3117 2627 3185 2690 et
3222 2625 3456 2707 singu-

338 2735 509 2799 lares
546 2734 807 2797 amicos
844 2732 910 2795 et
946 2729 1236 2794 fautores
1272 2727 1371 2810 (id
1407 2729 1585 2810 quod
1624 2732 1769 2793 tum
1810 2747 2031 2795 coram
2062 2749 2133 2796 re
2171 2731 2314 2814 ipsa
2351 2732 2849 2816 comprobasti),
2883 2733 3316 2814 colloquium,
3341 2734 3455 2798 ubi

338 2845 493 2904 tuus
532 2840 893 2923 adspectus
924 2838 989 2901 et
1025 2835 1239 2900 dulcis
1267 2853 1510 2916 sermo,
1546 2853 1678 2918 quo
1706 2854 1839 2900 non
1878 2839 2045 2902 nihil
2082 2855 2452 2922 propensus
2489 2839 2794 2904 videbare
2825 2841 2894 2902 in
2922 2857 3061 2904 rem
3101 2857 3342 2921 meam,
3381 2858 3457 2904 ac

336 2948 636 3012 multum
676 2945 930 3010 faveres
966 2943 1225 3008 homini
1264 2943 1585 3008 hactenus
1622 2943 1787 3008 facie
1830 2945 2081 3026 ignoto,
2123 2963 2232 3010 me
2274 2946 2570 3029 profecto
2610 2948 2856 3011 mirum
2891 2949 2962 3010 in
2999 2948 3274 3012 modum
3315 2948 3456 3030 pel-

335 3055 561 3118 lexere
600 3054 671 3116 in
706 3052 807 3116 tui
836 3052 1323 3115 observantiam
1362 3053 1427 3115 et
1462 3067 1781 3115 amorem.
1822 3053 2097 3117 Postera
2134 3055 2356 3118 autem
2393 3053 2524 3133 die,
2569 3053 2780 3118 calcar
2816 3055 3059 3136 adjecit
3093 3055 3269 3119 ultro
3311 3073 3457 3120 cur-

336 3162 507 3226 renti
548 3159 1021 3225 celeberrimus
1059 3158 1291 3224 doctor
1332 3157 1673 3222 Conradus
1718 3159 2065 3241 Wimpina
2106 3177 2145 3223 a
2183 3159 2404 3243 Fagis,
2445 3162 2562 3242 qui
2599 3162 2664 3224 te
2699 3161 2864 3226 adeo
2911 3163 3080 3226 mibi
3121 3179 3454 3227 commen-

336 3269 520 3331 davit
571 3267 658 3331 de
704 3282 969 3329 morum
1014 3263 1340 3346 probitate
1388 3265 1453 3328 et
1498 3265 2006 3346 praeclarissima
2052 3267 2206 3332 vitae
2243 3269 2682 3332 sanctimonia
2727 3267 2930 3332 simul
2980 3285 3056 3332 ac
3101 3269 3454 3351 multijuga

336 3376 739 3452 eruditione,
782 3376 857 3436 ut
912 3389 1046 3436 non
1102 3373 1302 3436 modo
1354 3371 1702 3454 per-beatos
1756 3375 2127 3438 censuerim
2176 3373 2576 3438 Lubusianae
2627 3391 2703 3438 ac
2759 3374 3274 3458 Ratzburgensis
3328 3378 3454 3440 Ec-

335 3483 696 3546 clesiarum
756 3478 1065 3561 populos,
1104 3478 1347 3560 quibus
1394 3480 1531 3543 tam
1572 3479 1807 3542 doctus
1858 3479 2125 3562 tamque
2182 3480 2468 3560 vigilans
2516 3483 2763 3562 pastor,
2808 3482 3002 3563 quus
3051 3483 3454 3565 multiplices

334 3590 625 3652 virtutes
666 3586 980 3668 superent
1025 3585 1272 3650 famam
1312 3585 1565 3668 alioqui
1610 3585 2188 3666 gloriosissimam,
2230 3587 2597 3669 obtigisset,
2643 3605 2876 3652 verum
2921 3590 2986 3652 et
3027 3589 3452 3654 Academiam

334 3695 520 3759 illam
566 3693 868 3759 nobilem
912 3693 1400 3758 Francofordiae
1438 3693 1633 3774 juxta
1676 3693 1961 3758 Oderam
2006 3694 2182 3757 baud
2223 3695 2556 3758 immerito
2599 3695 2867 3776 gloriari
2909 3697 2990 3760 de
3041 3698 3222 3760 tanto
3260 3697 3454 3760 Prin-

333 3804 499 3884 cipe,
536 3801 1007 3884 gubernatore,
1038 3801 1289 3864 rectore
1330 3802 1395 3863 et
1430 3800 1867 3879 moderatore,
1910 3801 2546 3884 privilegiorumque
2576 3805 3037 3866 conservatore
3071 3823 3086 3864 ε
3119 3805 3234 3885 qui
3272 3805 3349 3867 ut
3382 3804 3456 3868 fit

333 3910 647 3974 omnium
684 3907 1139 3972 studiosorum
1191 3905 1430 3987 fautor,
1475 3909 1731 3972 amator
1768 3908 1833 3971 et
1868 3909 2234 3988 promotor,
2269 3907 2363 3971 ita
2403 3909 2734 3991 praecipue
2783 3909 2956 3974 istuc
2990 3912 3264 3974 conetur
3301 3928 3451 3975 cum

334 4017 549 4097 gratia
586 4013 1039 4078 Illustrissimi
1068 4011 1399 4094 Principis
1443 4015 1508 4077 et
1544 4013 1815 4078 Domini
1860 4015 1943 4078 D.
1982 4013 2314 4077 Joachimi
2345 4014 2746 4078 Marcbionis
2773 4014 3447 4098 BrandenburgensiS,

332 4123 502 4186 sacri
539 4121 837 4186 Romani
866 4119 1137 4202 Imperii
1175 4119 1721 4184 Archicamerarii
1758 4123 1825 4186 et
1858 4121 2206 4200 ElectoriS,
2239 4122 2391 4200 etc.,
2421 4121 2844 4186 doctissimos
2879 4139 3205 4188 arcessere
3241 4124 3445 4204 viroS,

334 4231 449 4312 qui
480 4229 913 4311 juventutem
948 4227 1017 4290 in
1052 4225 1247 4290 bonis
1282 4227 1655 4309 disciplinis
1680 4227 2052 4308 instituant,
2084 4230 2149 4292 et
2177 4228 2382 4292 sacris
2409 4228 2728 4292 doctrinis
2763 4229 3087 4310 erudiant,
3119 4231 3450 4294 enutriant

333 4339 401 4401 et
450 4335 853 4419 provehant,
906 4334 990 4398 ad
1038 4333 1377 4398 catholicae
1423 4334 1578 4398 fidei
1621 4335 2073 4400 defensionem
2126 4337 2444 4399 adversus
2492 4335 2696 4416 hujus
2747 4335 3181 4401 turbatissimi
3223 4339 3450 4403 saeculi

334 4445 645 4509 veritatis
692 4459 939 4506 osores.
994 4441 1168 4504 Hinc
1214 4439 1313 4523 (ni
1361 4458 1469 4506 me
1517 4459 1665 4507 mea
1712 4443 1896 4506 fallat
1943 4443 2200 4526 opinio)
2239 4461 2370 4508 non
2409 4445 2548 4506 tam
2596 4442 2916 4507 vocabulo
2959 4461 3158 4525 quam
3213 4447 3448 4510 merito

336 4552 627 4618 imitaris
662 4549 965 4630 Moysen,
1004 4549 1291 4612 imitaris
1326 4551 1394 4613 et
1427 4549 1784 4629 Aaronem,
1826 4553 1899 4614 ut
1929 4551 1998 4614 in
2035 4550 2458 4616 tabernaculo
2496 4551 2770 4616 Domini
2801 4553 2916 4615 aut
2951 4568 2990 4614 a
3025 4553 3169 4616 Deo
3207 4554 3445 4634 discate,

335 4662 449 4724 aut
498 4656 833 4742 populum
881 4656 1141 4736 doceaS,
1184 4673 1335 4738 quae
1385 4657 1517 4721 duo
1565 4659 1723 4721 sunt
1762 4659 2228 4739 episcoporum
2272 4677 2494 4740 opera,
2540 4676 2661 4722 ceu
2697 4675 2900 4740 quam
2945 4659 3452 4741 diligentissime

334 4768 557 4831 tecum
609 4763 940 4844 revolvas,
982 4763 1235 4827 tantam
1280 4762 1515 4828 debere
1571 4765 1903 4848 pontificis
1952 4767 2520 4830 conversationem
2565 4768 2630 4829 et
2675 4766 3114 4830 eruditionem
3165 4784 3332 4848 esse,
3379 4771 3453 4832 ut

336 4891 571 4938 omnes
600 4873 829 4936 motus
858 4872 924 4934 et
959 4888 1225 4953 gressus
1261 4871 1327 4935 et
1354 4871 1667 4936 universa
1703 4872 1849 4953 eJus
1887 4890 2087 4956 opera
2123 4873 2442 4938 notabilia
2476 4873 2610 4937 sint
2642 4893 2658 4935 ε
2692 4889 2932 4954 nempe
2959 4873 3076 4953 qui
3106 4874 3450 4940 veritatem

332 4983 557 5046 mente
593 4977 949 5060 concipiat,
988 4979 1054 5042 et
1094 4995 1241 5042 eam
1280 4979 1421 5042 toto
1462 4978 1694 5044 habitu
1731 4982 1992 5045 resonet
2038 4983 2105 5046 et
2154 4982 2412 5060 ornatu,
2447 4982 2521 5044 ut
2563 4979 2888 5061 quidquid
2933 4979 3094 5060 agit,
3127 4981 3450 5064 quidquid

332 5087 656 5170 loquitur,
678 5085 981 5149 doctrina
1008 5086 1100 5148 sit
1133 5085 1557 5167 populorum.
1600 5086 1760 5151 Haec
1794 5087 1959 5152 olim
1996 5087 2264 5170 scripsit
2298 5086 2610 5152 Aurelius
2647 5086 3062 5168 Augustinus
3099 5088 3450 5170 episcopus

332 5193 816 5278 Hipponensis,
855 5209 896 5256 a
932 5191 1175 5276 quibus
1206 5192 1349 5274 jam
1395 5195 1461 5258 et
1504 5195 1579 5259 tu
1624 5193 2047 5260 Lubusianus
2084 5197 2151 5260 et
2186 5193 2702 5276 Ratzburgensis
2738 5193 3038 5274 antistes,
3077 5211 3198 5260 nec
3233 5195 3446 5278 pilum

329 5301 605 5385 quidem
650 5301 867 5366 latum
916 5299 1201 5366 discedis
1246 5319 1261 5362 :
1304 5301 1535 5384 utpote
1582 5303 1699 5386 qui
1748 5303 1961 5368 multo
2014 5301 2235 5366 studio
2285 5304 2352 5366 et
2395 5301 2618 5368 labore
2661 5302 2732 5365 in
2775 5301 2890 5364 illa
2935 5303 3050 5366 tua
3088 5301 3444 5368 Academia

344 1773 709 2052 INTER
746 1772 1001 1836 ceteros
1037 1767 1412 1834 christianae
1440 1768 1835 1851 Religionis,
1858 1770 2208 1853 utriusque
2245 1771 2702 1854 (ecclesiastici
2725 1787 2964 1854 nempe
2997 1772 3062 1836 et
3089 1767 3455 1858 saecularis)
