4300 6259
865 485 988 552 328

865 675 1077 738 omnis
1124 684 1336 738 autem
1377 677 1592 738 anima
1634 674 1852 737 divina
1894 679 2157 756 propter
2208 670 2365 734 divi·
2392 670 2447 734 A

865 792 1024 837 num
1085 774 1528 854 intellectum3
1579 773 1789 838 omnis
1846 779 2060 835 autem
2120 770 2365 832 intelle-

867 877 1009 936 ctus
1066 872 1323 935 divinus
1389 873 1741 935 secundum
1806 869 2360 952 participationem

867 971 1100 1034 divinae
1144 971 1424 1033 unitatis.
1469 971 1711 1052 Nempe
1749 969 2153 1032 divinitatem
2190 987 2362 1030 sum-

867 1068 958 1131 mi
1016 1069 1128 1131 Dei
1183 1069 1406 1131 ordine
1465 1069 1739 1150 quodam
1783 1067 1945 1130 dixit
1994 1065 2362 1149 participari

863 1185 902 1228 a
931 1168 1248 1230 secundis.
1282 1168 1736 1230 Verumtamen
1783 1167 1848 1229 in
1879 1166 2115 1228 Timaeo
2154 1164 2361 1226 adbuc

865 1264 1026 1326 citra
1055 1265 1170 1327 bos
1199 1265 1455 1328 ordines
1489 1264 1838 1327 introducit
1867 1265 2039 1327 Plato
2069 1263 2361 1326 ordinem

866 1362 1252 1437 daemonum,
1316 1381 1474 1445 quos
1533 1363 1685 1425 deos
1735 1363 1911 1436 dicit,
1962 1361 2362 1442 distinguens

868 1459 1011 1524 illos
1079 1460 1146 1522 in
1215 1461 1713 1534 cacodaemoneS,
1776 1460 2237 1523 calodaemones
2302 1465 2366 1520 et

635 1560 1330 1622 ut.m.catodaemones
1380 1576 1394 1620 :
1438 1559 1517 1621 dc
1564 1578 1688 1640 qua
1733 1559 2045 1641 positione
2086 1559 2219 1638 jam
2262 1576 2364 1619 su-

869 1655 1084 1738 perius
1131 1656 1624 1718 determinatum
1675 1663 1787 1718 est.
1836 1657 2104 1736 Insuper
2149 1662 2213 1716 et
2261 1654 2367 1717 ho-

869 1753 1118 1816 minum
1167 1772 1393 1835 genuS,
1445 1753 1738 1817 divinum
1786 1753 2172 1836 appellabat,
2216 1753 2363 1814 rati-

1437 505 1517 552 ΒΕ
1559 504 1786 552 unnim
1828 501 2210 550 CHRISTIANAE
2251 500 2553 558 Tamum,
2597 500 2773 546 LIBER
2815 501 2854 546 1.
2900 519 2981 530 —-
3020 501 3161 547 ΛΒΤ.
3206 501 3391 547 mlx

2794 728 3281 792 ARTICULUS
3326 727 3637 792 LXXIX.

2474 887 2797 954 Quomodo
2840 887 3124 946 vicissim
3166 887 3449 946 dicimus
3482 888 3687 947 Deum
3730 894 3955 946 cuncta

2542 977 2907 1050 producere
2964 993 3088 1051 per
3134 977 3559 1045 intellectum,
3608 976 3955 1054 aliquando

2554 1083 2704 1124 vero
2734 1067 3138 1140 appellamus
3166 1084 3315 1124 eum
3342 1065 3565 1124 omnia
3588 1065 3808 1140 facere
3840 1080 3956 1138 per

2554 1156 2975 1213 voluntatem.

2604 1348 2949 1412 NIMVERO
2978 1349 3270 1412 divinum
3299 1366 3440 1412 esse
3466 1357 3829 1432 separatum
3860 1366 3959 1430 pe-

2633 1447 2806 1509 nitus
2845 1455 2962 1522 est,
2997 1447 3062 1509 in
3092 1447 3193 1509 sui
3234 1447 3436 1529 ipsius
3474 1446 3862 1528 supervivali
3900 1453 3959 1509 et

2474 1545 2953 1628 supersimplici
3013 1546 3287 1628 puritate
3336 1546 3783 1609 universaliter
3828 1565 3961 1628 per-

2476 1645 2711 1707 fectum
2742 1645 3114 1707 consistens.
3148 1645 3326 1708 Sicut
3351 1653 3562 1708 autem
3594 1665 3707 1708 ens
3740 1663 3962 1708 unum-

2476 1744 2773 1825 quodque
2821 1742 3011 1806 habet
3056 1761 3218 1817 esse,
3270 1744 3363 1806 sic
3410 1743 3803 1807 nominabile
3850 1751 3958 1805 est.

866 1867 988 1913 one
1037 1852 1261 1934 utique
1320 1851 1706 1925 intellectuS,
1753 1871 1868 1934 per
1921 1870 2112 1934 quem
2172 1848 2441 1912 etiamB
2476 1842 2811 1923 Quumque
2867 1842 2949 1903 Sit
3006 1842 3287 1924 primum
3346 1861 3461 1906 01¹⁵
3518 1841 3728 1904 unitas
3788 1861 3961 1924 pum,

867 1957 1222 2013 ceterorum
1286 1951 1777 2032 gubernativum
1845 1958 1959 2013 est.
2023 1951 2128 2012 Ait
2194 1969 2367 2012 nam-

867 2067 992 2129 que
1036 2048 1102 2111 in
1145 2049 1380 2111 Timaeo
1431 2066 1444 2110 :
1497 2049 1750 2112 Homini
1800 2049 2061 2131 quidem
2113 2053 2366 2111 consor·

865 2146 1030 2208 tium
1070 2147 1424 2209 divinitatis
1468 2155 1564 2209 est
1608 2155 1672 2209 et
1714 2146 2163 2229 appellationis
2204 2146 2367 2229 pari-

869 2243 1036 2307 litas.

949 2343 1160 2416 Porro,
1195 2343 1514 2424 triplicem
1550 2343 2013 2425 providentiam
2045 2342 2219 2405 Plato
2259 2360 2364 2423 po·

867 2439 1014 2502 suit.
1051 2441 1250 2503 Unam
1283 2441 1518 2503 summi
1552 2441 1661 2503 Dei
1699 2459 1712 2503 :
1747 2459 1872 2522 qua
1905 2441 2042 2522 ipse
2075 2441 2368 2522 providet

868 2537 992 2600 diis
1031 2545 1093 2600 et
1134 2538 1674 2600 intellectualibus
1715 2538 2155 2620 separatisque
2197 2556 2368 2600 men-

866 2634 1038 2697 tibus
1070 2636 1533 2718 principaliter,
1553 2654 1626 2698 ac
1657 2635 1874 2709 etiam,
1895 2635 2189 2716 quamvis
2221 2652 2368 2696 con-

868 2740 1230 2815 sequenter,
1264 2735 1379 2796 toti
1412 2734 1651 2797 mundo
1681 2741 1990 2816 quantum
2025 2733 2102 2794 ad
2133 2752 2369 2814 genera

867 2839 931 2894 et
961 2831 1207 2914 species
1237 2851 1311 2893 ac
1350 2833 1639 2895 coelestes
1684 2831 1889 2894 orbes.
1931 2832 2233 2893 Summus
2274 2839 2367 2892 et-

867 2931 1039 2992 enim
1064 2930 1230 2992 Deus
1259 2930 1381 2992 diis
1403 2931 1668 2993 deorum
1696 2930 2174 3011 generationem
2209 2930 2368 3008 regi-

2474 1940 2830 2002 secundum
2874 1947 3165 2001 naturam
3205 1939 3295 2002 rei
3335 1939 3627 2022 congruit
3660 1939 3787 2001 sibi
3826 1940 3966 2002 sim·

2476 2037 2829 2120 plicissima
2878 2038 3244 2101 nominatio,
3288 2038 3463 2102 Unde
3506 2038 3847 2121 Dionysius
3886 2037 3968 2100 ait

2476 2137 2928 2218 compositiora
2987 2137 3465 2219 multiloquiora
3515 2137 3673 2211 fore,
3724 2133 3967 2220 simpli—

2477 2234 2575 2296 cia
2603 2252 2755 2297 vero
2786 2234 3164 2316 simpliciter
3192 2235 3619 2318 appellabilia.
3636 2235 3799 2298 Hinc
3826 2253 3966 2298 con-

2475 2331 2685 2412 tingit,
2737 2332 2905 2413 quod
2958 2332 3316 2395 intellectus
3367 2341 3637 2408 creatus,
3678 2334 3967 2396 divinum

2476 2447 2618 2492 esse
2648 2447 2772 2492 non
2806 2429 2930 2492 nisi
2963 2430 3028 2492 in
3058 2429 3317 2492 entibus
3348 2431 3597 2506 creatiS,
3631 2433 3695 2494 in
3736 2431 3968 2514 quihus

2480 2527 2962 2590 multiformiter
2988 2528 3249 2596 relucet.
3282 2529 3501 2592 valens
3530 2529 3968 2612 contemplari,

2480 2625 2830 2688 multifaria
2879 2626 3317 2690 nominatione
3364 2627 3521 2690 illud
3580 2627 3866 2711 concipit
3910 2635 3971 2690 et

2478 2724 2797 2804 appellat3
2844 2724 3206 2786 intellectus
3250 2743 3401 2788 vero
3446 2744 3574 2807 quo
3623 2727 3837 2808 ipsum
3888 2725 3971 2788 vi·

2481 2821 2688 2883 cinius
2737 2822 3009 2903 propriae
3058 2842 3189 2886 suae
3237 2822 3365 2885 luci
3426 2825 3658 2907 poterit
3714 2824 3971 2898 intueri,

2482 2938 2557 2984 eo
2588 2929 2650 2982 et
2682 2920 3025 3001 perfectius
3056 2928 3121 2984 et
3148 2921 3509 3005 simplicius
3541 2923 3977 3006 speculabitur

867 3045 1144 3109 menque
1203 3028 1394 3108 hujus
1454 3028 1780 3091 sensibilis
1833 3028 2056 3089 mundi
2109 3027 2366 3089 mandat
2403 3020 2446 3084 C
2484 3018 2546 3080 id
2584 3017 2797 3100 ipsum
2832 3035 2847 3079 z
2883 3019 3151 3100 ideoque
3191 3037 3373 3082 mens
3404 3020 3607 3082 Deum
3650 3021 3845 3083 sicuti
3886 3026 3977 3082 est

866 3125 1130 3206 exsequi
1176 3125 1358 3206 juxta
1415 3126 1668 3188 decreta
1727 3133 1917 3207 atque
1970 3127 2365 3187 sanctionem

867 3243 997 3286 suae
1031 3224 1208 3304 legis.
1234 3224 1409 3286 Unde
1430 3224 1686 3287 Proclus
1717 3225 1783 3285 in
1812 3225 2201 3286 theoremate
2231 3242 2373 3286 cen-

867 3321 1098 3384 tesimo
1138 3322 1445 3385 vicesimo
1487 3323 1576 3384 ait
1625 3341 1637 3384 :
1681 3322 1900 3384 Omnis
1945 3323 2100 3384 deus
2147 3322 2212 3383 in
2260 3341 2374 3384 sua

871 3419 1240 3482 exsistentia
1271 3421 1417 3483 totis
1449 3420 1640 3482 habet
1671 3421 2029 3502 providere,
2055 3428 2120 3482 et
2150 3421 2371 3502 primi-

871 3525 974 3580 tus
1007 3517 1072 3580 in
1102 3518 1244 3579 diis.
1271 3519 1626 3581 Secundam
1659 3518 1872 3580 denuo
1902 3518 2371 3601 providentiam

876 3617 1087 3699 posuit
1123 3615 1296 3679 Plato
1342 3624 1766 3697 separatarum
1820 3634 2155 3678 causarum
2201 3599 2384 3697 :qua'

875 3715 1029 3796 ipsae
1060 3714 1290 3776 summi
1325 3714 1436 3776 Dei
1459 3714 1815 3794 jussionem
1863 3713 2191 3794 implendo
2232 3732 2373 3796 pro·

875 3813 1095 3874 vident
1150 3811 1627 3893 generabilibus
1690 3819 1753 3874 et
1817 3811 2371 3892 corruptibilibuS,

875 3917 1184 3992 quantum
1217 3910 1293 3972 ad
1326 3910 1611 3992 ipsorum
1642 3910 2118 3991 generationem
2150 3917 2215 3972 et
2245 3927 2376 3972 cor-

875 4009 1236 4090 ruptionem
1296 4026 1369 4069 ac
1434 4015 1642 4069 cetera
1705 4007 1933 4069 iisdem
1993 4007 2369 4069 necessaria.

874 4107 1150 4169 Tertiam
1183 4124 1402 4168 rursus
1433 4105 1902 4188 providentiam
1935 4105 2161 4186 posuit,
2183 4124 2374 4187 quam

2484 3117 2945 3198 contemplanS,
2964 3116 3223 3180 nomine
3256 3136 3384 3180 uno
3414 3119 3625 3201 ipsum
3657 3119 3981 3200 cognoscit

2483 3222 2547 3277 et
2578 3215 2883 3277 nominat.
2917 3215 3107 3277 Porro
3138 3235 3657 3299 unamquamque
3687 3225 3975 3279 naturam

2484 3313 2889 3376 nominamus
2918 3314 3267 3376 secundum
3299 3316 3470 3397 quod
3502 3316 3567 3378 in
3596 3316 3978 3398 agnitionem

2485 3419 2762 3474 nostram
2796 3412 3152 3489 descendit3
3172 3413 3368 3475 Deum
3397 3421 3605 3476 autem
3636 3432 3763 3477 non
3792 3433 3975 3496 agno—

2486 3511 2725 3572 scimus
2770 3511 2893 3572 nisi
2939 3528 3055 3593 per
3095 3511 3299 3594 ipsius
3342 3512 3615 3575 effectus
3660 3531 3677 3576 :
3719 3533 3977 3578 necesse

2486 3616 2582 3671 est
2611 3627 2761 3690 crgo
2800 3616 2872 3671 ut
2908 3611 3261 3672 secundum
3300 3610 3735 3675 diversitatem
3776 3615 3979 3676 diver-

2486 3725 2751 3789 samque
2782 3708 3234 3789 proprietatem
3265 3717 3331 3772 et
3357 3710 3789 3774 conditionem
3824 3712 3977 3775 divi-

2486 3823 2716 3867 norum
2759 3823 3051 3888 operum,
3087 3807 3431 3890 multiplici
3476 3809 3739 3872 nomine
3780 3811 3975 3874 Deum

2486 3903 2904 3985 appellemus

2565 4001 2731 4064 Deus
2775 4003 3053 4085 denique
3094 4003 3177 4066 ob
3220 4023 3351 4068 suae
3396 4004 3808 4086 perfectionis
3857 4008 3981 4091 ple-

2487 4101 2870 4175 nitudinem,
2904 4101 2970 4163 in
3001 4100 3143 4184 ipso
3172 4118 3289 4164 suo
3327 4104 3803 4186 supersimplici
3843 4123 3979 4168 esse

876 4203 1272 4266 daemonibus
1301 4203 1613 4276 attribuit,
1649 4203 1813 4265 sicut
1851 4210 1997 4265 ante
2039 4203 2374 4266 recitatum
2406 4204 2457 4267 D
2488 4219 2735 4266 omnem
2766 4218 3022 4282 prorsus
3042 4200 3441 4264 nobilitatem
3462 4203 3979 4286 comprehendit3

878 4309 976 4364 est
1020 4319 1034 4363 ε
1077 4319 1236 4383 quos
1279 4302 1369 4363 ait
1416 4301 1710 4364 custodes
1759 4321 1898 4364 esse
1945 4301 2374 4364 humanorum

877 4408 1159 4473 actuum,
1193 4406 1259 4462 et
1297 4399 1468 4461 circa
1494 4407 1728 4462 terram
1756 4400 1983 4462 asserit
2027 4399 2169 4461 illos
2202 4419 2379 4462 man-

879 4499 1088 4562 sitare.
1117 4498 1456 4560 Enimvero
1488 4497 1552 4559 in
1584 4498 1702 4559 hoc
1741 4497 1912 4560 Plato
1942 4497 2194 4559 veritati
2228 4517 2377 4579 prae·

879 4596 1306 4660 determinatae
1351 4603 1413 4657 et
1455 4595 1646 4658 etiam
1695 4594 1847 4657 fidei
1898 4612 2216 4657 consonus
2256 4604 2373 4668 est,

877 4695 1047 4778 quod
1097 4694 1540 4756 universorum
1583 4692 2046 4774 providentiam
2100 4692 2165 4753 in
2216 4693 2374 4755 divi-

877 4813 1032 4856 num
1077 4792 1470 4855 intellectum
1519 4797 1819 4872 tanquam
1867 4791 1931 4853 in
1972 4790 2252 4874 primum
2285 4799 2374 4854 at-

878 4910 1002 4973 que
1033 4890 1228 4953 totius
1260 4888 1417 4970 legis
1461 4896 1523 4951 et
1565 4888 1898 4969 regiminis
1939 4889 2370 4952 certissimum

874 4989 1119 5052 fontem
1163 4986 1428 5049 reducit.
1477 4985 1769 5049 Ceterum
1817 4986 1896 5048 dc
1942 4986 2100 5048 ideis
2142 4987 2375 5069 positio

631 5107 710 5148 ιιι-ι.
732 5117 845 5150 ιω.
875 5087 1018 5168 ejus
1055 5093 1200 5147 ante
1239 5084 1560 5146 destructa
1599 5091 1712 5145 est.
1748 5084 1922 5157 Quod
1965 5101 2221 5166 quoque
2252 5084 2372 5148 dae-

875 5203 1096 5248 mones
1115 5183 1272 5245 tales
1291 5181 1638 5255 constituit,
1653 5182 2096 5246 necessitatem
2118 5199 2244 5244 non
2269 5182 2373 5245 ha-

873 5282 1003 5357 bet,
1034 5279 1572 5364 quemadmodum
1606 5279 1770 5343 infra
1811 5280 2064 5363 plenius
2099 5281 2363 5363 patebit.

2487 4308 2552 4364 et
2589 4300 2671 4363 ob
2704 4299 2790 4374 id,
2824 4299 3117 4381 quamvis
3162 4319 3361 4362 unum
3407 4300 3491 4364 sit
3518 4310 3583 4364 et
3614 4303 3980 4366 omnimode

2488 4398 2782 4480 simplex,
2824 4398 3218 4461 diversarum
3262 4405 3479 4462 tamen
3520 4401 3977 4483 proprietatum

2488 4504 2549 4558 et
2603 4496 2959 4559 bonitatum
3009 4496 3455 4579 productivum
3507 4507 3604 4561 est
3653 4516 3670 4560 t
3723 4519 3867 4581 quae
3916 4500 3977 4562 in

2486 4595 2743 4657 entibus
2785 4595 3011 4657 creatis
3051 4611 3178 4656 non
3220 4594 3434 4657 fluunt
3470 4596 3592 4659 nisi
3632 4616 3669 4660 a
3710 4597 3981 4661 diversis

2488 4691 2825 4774 principiis
2871 4692 3225 4773 formisque
3272 4692 3610 4757 distinctis.
3662 4695 3729 4756 Id
3788 4696 3983 4776 igitur

2487 4791 3043 4872 simplicissimum
3067 4790 3178 4852 Dei
3210 4792 3580 4864 esse,variis
3608 4793 3981 4856 nominibus

2486 4888 2883 4970 explicamus
2954 4888 3309 4950 secundum
3382 4890 3847 4971 proprietatum
3920 4899 3983 4954 et

2486 4986 2949 5069 perfectionum
3032 5005 3191 5068 quas
3270 4995 3442 5050 creat
3520 4989 3977 5054 diversitatem.

2483 5085 2791 5158 Quoniam
2837 5085 3097 5167 quidem
3144 5092 3356 5148 autem
3402 5087 3482 5148 ad
3532 5086 3829 5152 increatae
3878 5109 3981 5151 na-

2482 5189 2638 5246 turae
2686 5182 3289 5266 contemplationem
3338 5201 3416 5246 ex
3466 5191 3819 5250 creatarum
3872 5207 3979 5250 na-

2480 5289 2766 5345 turarum
2796 5281 3231 5365 speculatione
3260 5281 3727 5364 consurgimuS,
3750 5284 3817 5348 in
3840 5303 3973 5349 cre-
