4300 6259
709 465 832 538 630

711 659 1006 718 Articulus
1035 661 1129 718 111.
1161 663 1240 718 De
1267 660 1566 720 nobilitate
1593 665 1650 718 et
1685 661 1934 734 puritate
1972 678 2062 718 sa-

783 749 1019 823 pientiae
1032 793 2056 806 ............
2097 751 2205 806 238

712 839 1007 897 Articulus
1045 842 1134 897 IV.
1177 843 1340 908 Quod
1367 840 1776 900 intellectualis
1805 839 2062 913 proprie-

782 932 871 987 tas
912 929 988 985 sit
1028 929 1296 987 omnium
1339 929 1760 1003 perfectionum
1801 929 2063 986 eminen-

784 1019 1031 1084 tissima,
1081 1021 1156 1076 ad
1204 1024 1528 1078 extremam
1579 1019 1790 1077 divinae
1837 1023 2062 1076 naturas

781 1107 1192 1181 perfectionem
1223 1110 1735 1183 contemplandam
1757 1110 2057 1167 inducens.
2098 1110 2207 1167 239

709 1196 1004 1255 Articulus
1031 1200 1096 1253 V.
1129 1200 1208 1256 De
1237 1199 1608 1256 distinctione
1637 1201 1694 1255 et
1721 1198 2064 1256 fundamen-

783 1289 842 1342 to
871 1286 1121 1360 duplicis
1150 1287 1444 1360 sapientiai
1487 1330 2058 1346 .......
2099 1289 2207 1345 239

709 1374 1003 1432 Articulus
1031 1378 1122 1433 Vl.
1156 1381 1296 1443 Quae
1337 1377 1412 1433 sit
1453 1378 1754 1450 praesentis
1791 1377 2063 1435 editionis

783 1465 1028 1524 intentio
1036 1511 2058 1525 ............
2098 1469 2206 1526 240

707 1554 1002 1614 Articulus
1030 1558 1145 1613 VII.
1177 1557 1344 1624 Quod
1382 1574 1614 1616 necesse
1643 1557 1719 1614 sit
1745 1557 1805 1614 in
1835 1558 2060 1615 entium

779 1644 1086 1703 ordinibus
1115 1646 1235 1703 fore
1262 1664 1368 1704 ens
1397 1647 1632 1720 aliquod
1663 1663 1780 1704 non
1819 1647 2057 1712 factum,

783 1736 1067 1790 aeternum
1107 1738 1165 1792 et
1201 1735 1600 1809 independens
1677 1778 2057 1792 .....
2097 1735 2206 1791 240

707 1821 1002 1881 Articulus
1028 1825 1170 1880 VIII.
1212 1826 1378 1891 Quod
1405 1841 1476 1882 ex
1507 1825 1732 1882 naturis
1759 1827 1817 1882 et
1843 1825 2061 1882 ordini-

781 1912 891 1968 bus
956 1912 1282 1985 specierum
1350 1913 1604 1971 universi
1671 1913 2060 1971 demonstrari

779 2000 963 2072 possit
990 2001 1256 2059 divinum
1286 2020 1428 2068 esse,
1462 2020 1564 2061 seu
1595 2004 1778 2061 Deum
1810 2002 1965 2060 fore.
2045 2045 2058 2059 .
2099 2004 2201 2060 241

706 2089 1004 2147 Articulus
1034 2092 1122 2146 IX.
1150 2093 1227 2148 De
1261 2091 1479 2150 unitate
1511 2091 1692 2149 divini
1721 2109 1872 2150 esse.
1953 2134 1965 2146 .
2045 2135 2057 2146 .
2097 2093 2206 2148 242

706 2176 1002 2236 Articulus
1032 2181 1093 2234 X.
1129 2182 1294 2246 Quod
1321 2181 1474 2238 Deus
1515 2181 1592 2237 sit
1627 2180 1686 2237 in
1733 2180 1846 2238 fine
1884 2181 2063 2238 totius

781 2266 1190 2340 simplicitatis,
1225 2269 1662 2342 simplicissima
1689 2286 2062 2343 perseverans

779 2355 974 2415 unitas
1028 2401 2058 2415 ............
2098 2361 2208 2416 244

706 2446 1002 2503 Articulus
1038 2448 1127 2503 XI.
1169 2449 1336 2514 Quod
1374 2448 1526 2506 Deus
1567 2465 1675 2505 nec
1717 2447 1792 2504 sit
1833 2465 2060 2522 corpus,

778 2553 966 2608 neque
1021 2537 1206 2593 virtus
1262 2553 1554 2610 corporea,
1615 2553 1722 2594 nec
1767 2537 1952 2595 virtus
2001 2538 2062 2593 in

779 2643 1038 2699 corpore,
1069 2643 1256 2699 neque
1287 2625 1546 2699 corporis
1573 2625 1778 2684 virtus.
1860 2670 1871 2682 .
1953 2671 1964 2683 .
2046 2671 2058 2684 .
2099 2629 2209 2684 245

707 2715 1004 2775 Articulus
1033 2716 1146 2770 XII.
1180 2717 1346 2781 Quod
1376 2716 1527 2772 Deus
1555 2716 1629 2771 sit
1657 2733 1780 2773 esse
1810 2720 2060 2782 tantum,

782 2805 949 2862 nulli.
977 2822 1216 2878 prorsus
1265 2805 1704 2869 commiscibile,
1747 2805 1807 2861 in
1855 2809 2062 2862 semet-

784 2895 910 2966 ipso
941 2893 1500 2951 incommutabiliter
1530 2911 1904 2966 perseverans
1958 2940 1968 2950 .
2049 2937 2061 2950 .
2101 2897 2209 2952 246

709 2983 1005 3040 Articulus
1045 2984 1188 3040 XIII.
1229 2983 1587 3040 Introductio
1630 2983 1932 3056 positionis
1971 3001 2064 3041 eo-

783 3088 916 3128 rum
952 3071 1050 3144 qui
1081 3071 1388 3129 formalem
1418 3089 1520 3129 seu
1551 3072 1844 3128 modalem
1866 3071 2067 3129 distin-

787 3160 1039 3217 ctionem
1071 3164 1298 3232 ponunt
1328 3161 1388 3216 in
1421 3159 1634 3217 divinis
1681 3203 2062 3217 .....
2104 3163 2211 3219 247

712 3248 1008 3307 Articulus
1048 3250 1186 3305 XIV.
1237 3251 1402 3315 Quod
1447 3249 1660 3305 divinae
1705 3249 2065 3322 simplicitati

788 3355 904 3396 non
937 3340 1174 3412 deroget
1215 3338 1663 3411 conceptionum
1706 3343 1764 3396 et
1805 3339 2069 3396 nomina-

785 3428 1016 3485 tionum
1049 3430 1383 3484 nostrarum
1412 3430 1534 3484 tam
1566 3426 1946 3484 multiformis
1975 3445 2068 3485 va-

783 3516 960 3574 rietas
1028 3561 2062 3573 ............
2103 3521 2212 3577 249

712 3607 1010 3665 Articulus
1039 3607 1150 3662 XV.
1183 3608 1349 3674 Quod
1381 3607 1645 3663 divinum
1678 3623 1801 3664 esse
1831 3606 1906 3663 sit
1933 3606 2065 3663 sim·

786 3695 1013 3768 pliciter
1039 3695 1360 3768 perfectum
1395 3739 2062 3752 ........
2103 3698 2211 3753 249

713 3784 1010 3842 Articulus
1038 3787 1175 3841 XVI.
1209 3786 1323 3842 Cur
1359 3787 1628 3857 quaedam
1674 3801 1870 3842 rerum
1916 3802 2068 3842 crea-

785 3877 980 3931 tarum
1011 3873 1394 3947 perfectiones
1423 3875 1746 3932 secundum
1778 3874 1931 3929 idem
1966 3889 2067 3929 no-

789 3979 925 4020 men
969 3963 1165 4020 divino
1196 3979 1318 4020 esse
1349 3963 1762 4028 attribuantur,
1795 3965 2066 4035 quoedam

789 4055 985 4110 autem
1017 4051 1264 4109 minime
1313 4095 2062 4108 .........
2105 4054 2214 4110 250

719 4141 1014 4198 Articulus
1041 4142 1204 4196 XVII.
1240 4143 1316 4198 De
1355 4140 2069 4213 incircumscriptibilitate

791 4236 847 4288 et
874 4231 1160 4288 infinitate
1191 4230 1372 4287 divini
1401 4247 1524 4287 esse
1585 4275 2062 4287 ......
2105 4233 2209 4288 251

719 4321 1014 4378 Articulus
1042 4320 1231 4376 XVIII.
1265 4321 1774 4386 Quemadmodum
1805 4336 1871 4377 ex
1906 4324 2070 4377 natu-

787 4411 871 4468 ris
902 4409 1156 4467 universi
1187 4424 1433 4466 numero
1470 4412 1526 4465 et
1565 4407 1912 4480 perfectione
1947 4409 2071 4465 fini-

787 4499 882 4566 tis,
914 4499 1181 4572 cognosci
1212 4497 1392 4572 possit
1431 4497 1696 4554 divinum
1737 4514 1860 4554 esse
1900 4498 2070 4554 incir-

785 4587 1242 4660 cumscriptibile
1272 4587 1410 4652 fore,
1443 4591 1500 4644 et
1528 4588 1823 4658 quomodo
1856 4604 1972 4643 non
2050 4631 2062 4643 .
2103 4591 2211 4645 252

709 4679 1008 4737 Articulus
1035 4679 1170 4734 XIX.
1197 4678 1362 4743 Quod
1389 4677 1713 4733 secundum
1736 4676 2062 4733 doctrinam

781 4768 965 4826 divini
1005 4766 1286 4838 Dionysii,
1329 4764 1755 4838 quadripartito
1791 4781 2066 4837 processu

779 4876 851 4918 ex
889 4858 1121 4916 entibus
1158 4855 1366 4912 creatis
1403 4855 1478 4910 ad
1516 4853 1699 4910 divini
1739 4853 1888 4911 entis
1929 4870 2064 4911 con-

705 4953 710 4957 '
777 4946 1219 5020 templationem
1251 4944 1638 5017 procedamus
1669 4986 2054 4999 .....
2100 4945 2207 5001 252

705 5037 1001 5097 Articulus
1047 5036 1158 5090 XX.
1206 5035 1294 5089 An
1349 5032 1656 5106 perfectior
1708 5032 1784 5088 sit
1839 5033 2062 5106 agnitio

781 5142 960 5200 quam
1009 5140 1112 5197 per
1158 5121 1528 5195 negationem
1574 5122 1644 5178 de
1689 5121 1887 5178 divino
1938 5138 2061 5178 esse

778 5216 1082 5278 habemus,
1113 5229 1183 5268 ea
1209 5226 1339 5284 quae
1367 5227 1470 5282 per
1497 5209 1946 5267 affirmationem
1975 5213 2062 5267 est

1987 487 2174 538 mnssx
2214 489 2547 538 amamus

2310 659 2607 719 Articulus
2645 662 2782 718 XXI.
2816 662 2983 728 Quod
3020 659 3288 720 divinum
3325 678 3448 719 esse
3488 659 3671 720 intui-

2382 750 2539 809 tione
2588 753 2741 826 qut'd
2776 758 2884 816 est,
2926 769 2961 808 a
2997 751 3161 808 nullo
3210 755 3401 808 creato
3446 749 3673 808 intelle·-

2384 844 2482 898 ctu
2512 841 2693 914 possit
2718 841 3101 914 contemplari
3144 840 3396 898 naturali
3426 857 3535 897 sua
3560 839 3675 896 vir·

2383 933 2504 987 tute
2538 973 3569 988 ............
3655 972 3669 985 .
3712 928 3833 984 254

2312 1019 2607 1077 Articulus
2635 1020 2798 1076 XXII.
2832 1022 2995 1087 Quod
3035 1022 3186 1078 Deus
3228 1036 3347 1076 non
3377 1019 3453 1076 sit
3480 1019 3541 1076 in
3574 1036 3674 1093 ge-

2386 1126 2542 1176 nere,
2574 1125 2681 1168 nec
2732 1109 2952 1183 species
2993 1127 3181 1183 neque
3222 1110 3283 1166 in
3322 1109 3531 1184 specie,
3562 1125 3675 1166 nec

2387 1198 2719 1264 definibilis,
2780 1215 2966 1271 neque
3020 1198 3512 1264 demonstrabilis,
3563 1214 3673 1255 nec

2384 1287 2581 1360 aliquo
2613 1289 2852 1345 nomine
2890 1288 2949 1344 in
2991 1288 3265 1346 secundis
3294 1288 3536 1346 univoce
3566 1303 3674 1343 no-

2386 1376 2685 1434 minabilis
2714 1419 3663 1435 ...........
3708 1378 3827 1433 255

2312 1465 2608 1524 Articulus
2636 1468 2827 1524 XXIII.
2860 1469 3027 1535 Quod
3069 1483 3137 1526 ea
3178 1484 3311 1542 quae
3352 1468 3422 1524 de
3460 1468 3576 1524 Deo
3611 1471 3672 1522 et

2384 1555 2657 1612 secundis
2700 1556 2996 1624 dicuntur,
3037 1573 3155 1613 non
3200 1555 3443 1613 omnino
3488 1555 3668 1627 aequi-

2386 1659 2539 1709 voce,
2586 1647 2687 1702 sed
2726 1645 3026 1718 analogice
3063 1647 3134 1703 de
3170 1645 3391 1703 eisdem
3434 1643 3667 1702 enunti-

2384 1735 2559 1789 entur
2623 1775 3663 1790 ............
3704 1734 3825 1790 256

2310 1817 2607 1879 Articulus
2644 1823 2828 1878 XXIV.
2862 1824 3028 1889 Quod
3065 1827 3279 1880 natura
3316 1821 3415 1880 Dei
3458 1823 3533 1877 sit
3568 1823 3668 1879 bo-

2384 1908 2537 1966 nitas
2621 1953 3665 1968 ............
3704 1912 3825 1967 257

2312 1997 2606 2056 Articulus
2634 2001 2791 2056 XXV.
2826 2001 3338 2067 Quemadmodum
3359 2001 3533 2072 Juxta
3557 2003 3672 2058 tra-

2384 2089 2667 2146 ditionem
2707 2090 2908 2154 Boetii,
2951 2091 3114 2146 nulla
3152 2090 3479 2147 substantia
3523 2091 3673 2147 citra

2387 2179 2571 2235 Deum
2610 2179 2687 2234 sit
2722 2179 3183 2236 substantialiter
3221 2180 3375 2236 bona
3404 2197 3418 2235 ι
3451 2178 3512 2236 in
3551 2196 3668 2252 quo

2384 2268 2711 2326 ostenditur
2738 2270 2895 2340 quod
2920 2269 3075 2326 Deus
3098 2272 3185 2326 est
3210 2286 3359 2341 pura
3386 2272 3445 2326 et
3468 2286 3669 2341 super-

2386 2357 2787 2415 substantialis
2812 2357 3043 2414 bonitas
3086 2401 3662 2413 .......
3702 2358 3819 2414 258

2314 2449 2612 2505 Articulus
2664 2448 2849 2503 XXVI.
2901 2449 3064 2513 Quod
3122 2447 3517 2504 necessarium
3572 2447 3665 2511 sit,

2386 2537 2543 2594 hunc
2583 2537 2873 2594 mundum
2904 2541 2962 2594 et
2990 2535 3277 2609 quidquid
3306 2536 3368 2591 in
3400 2537 3668 2593 universo

2386 2628 2727 2682 contentum
2758 2629 2861 2694 est,
2893 2642 2928 2681 a
2956 2625 3149 2698 primo
3180 2624 3526 2696 processisse
3557 2667 3570 2679 .
3648 2669 3661 2680 .
3702 2627 3819 2682 259

2317 2715 2613 2772 Articulus
2642 2715 2853 2771 XXVII.
2886 2715 3037 2781 Quid
3060 2716 3129 2771 de
3150 2731 3425 2787 processu
3446 2714 3671 2770 univer-

2389 2805 2437 2860 si
2459 2821 2494 2860 a
2517 2804 2707 2876 primo
2738 2804 2983 2861 senserit
3001 2803 3353 2868 Aristoteles,
3380 2807 3437 2859 et
3464 2803 3522 2858 in
3554 2821 3669 2877 quo

2387 2894 2515 2966 ejus
2543 2892 2751 2966 positio
2781 2911 2817 2948 a
2846 2893 2957 2950 fide
2984 2893 3273 2966 discrepet
3277 2937 3663 2948 .....
3704 2894 3820 2949 264

2315 2983 2612 3040 Articulus
2638 2982 2876 3039 XXVIII.
2913 2983 2989 3039 De
3026 2984 3397 3040 emanatione
3440 2983 3671 3040 univer-

2388 3087 2587 3128 sorum
2616 3088 2651 3127 a
2676 3087 2911 3127 summo
2941 3072 3057 3129 Deo
3086 3073 3411 3129 secundum
3444 3071 3672 3145 positio-

2389 3177 2524 3218 nem
2556 3161 2813 3217 Platonis
2852 3164 2909 3217 et
2950 3161 3175 3228 Procli;
3208 3165 3265 3218 et
3296 3163 3359 3217 fit
3386 3162 3445 3218 in
3477 3179 3545 3219 eo
3574 3178 3673 3218 ex-

2389 3251 2645 3324 planatio
2676 3251 3179 3323 quemadmodum
3210 3250 3425 3308 ideales
3452 3250 3671 3307 formas

2389 3341 2499 3414 ipsi
2530 3357 2743 3412 ponere
2772 3339 2955 3396 coacti
2985 3343 3123 3395 sunt
3192 3381 3668 3395 ......
3708 3341 3822 3396 265

2317 3430 2612 3488 Articulus
2640 3429 2826 3485 XXIX.
2858 3429 2926 3484 Et
2953 3432 3040 3485 est
3068 3429 3338 3486 deductio
3360 3429 3672 3486 ostendens

2390 3517 2714 3592 praehabita
2752 3535 2877 3576 esse
2925 3520 2997 3575 de
3044 3522 3239 3576 mente
3282 3517 3557 3583 Platonis,
3598 3535 3667 3574 ex

2389 3609 2580 3666 verbis
2608 3611 2667 3665 et
2692 3607 3155 3665 theorematibus
3182 3608 3388 3664 Procli.
3470 3649 3481 3662 .
3564 3651 3577 3663 .
3656 3653 3668 3664 .
3708 3610 3821 3665 267

2320 3697 2615 3755 Articulus
2644 3699 2804 3754 XXX.
2831 3699 2906 3754 De
2931 3714 3204 3770 processu
3233 3696 3487 3754 universi
3508 3713 3543 3752 a
3562 3697 3675 3770 pri-

2393 3804 2491 3844 mo
2534 3787 2859 3844 secundum
2899 3786 3275 3845 traditionem
3316 3786 3573 3844 Platonis
3612 3787 3673 3844 in

2390 3875 2606 3932 Timaeo
2637 3918 3669 3932 ............
3710 3877 3822 3933 269

2319 3963 2616 4021 Articulus
2644 3965 2831 4020 XXXI.
2862 3965 2929 4020 Et
2958 3967 3045 4021 est
3071 3964 3374 4037 inquisitio
3412 3965 3589 4021 simul
3618 3967 3677 4021 et

2392 4051 2709 4126 disputatio
2775 4057 2979 4110 contra
3038 4071 3105 4110 ea
3159 4070 3292 4126 quae
3347 4055 3673 4112 secundum

2392 4142 2718 4198 Platonicos
2747 4141 3111 4215 praeinducta
3136 4147 3274 4200 sunt
3288 4183 3669 4198 .....
3712 4144 3823 4200 271

2319 4231 2613 4288 Articulus
2640 4233 2851 4288 XXXII.
2894 4233 2958 4288 In
3004 4249 3119 4304 quo
3156 4248 3191 4287 a
3227 4232 3500 4305 Dionysio
3542 4248 3675 4288 cor-

2392 4324 2549 4376 recta
2594 4321 2669 4376 sit
2704 4319 3139 4378 Platonicorum
3179 4321 3404 4393 positio,
3438 4324 3495 4377 et
3530 4320 3672 4392 quid

2388 4409 2647 4466 veritatis
2693 4409 3034 4466 contineant
3070 4427 3137 4466 ea
3176 4426 3306 4483 quae
3342 4411 3671 4467 secundum

2389 4497 2611 4554 Stoicos
2631 4499 2758 4572 jam
2791 4497 3156 4571 praeinducta
3184 4501 3319 4555 sunt
3380 4543 3391 4554 .
3472 4543 3483 4554 .
3659 4543 3671 4554 .
3713 4503 3825 4556 272

2317 4586 2613 4644 Articulus
2640 4588 2877 4644 XXXIII.
2912 4589 2989 4644 De
3020 4587 3388 4661 philosophia
3408 4541 3587 4660 quam
3610 4588 3672 4644 in

2389 4677 2539 4733 libro
2568 4677 2767 4734 Fontis
2794 4677 2928 4732 vitae
2954 4676 3190 4734 induxit
3215 4677 3459 4734 Avicebr
3461 4695 3536 4734 on
3568 4678 3676 4735 cir-

2388 4782 2457 4823 ca
2484 4767 2918 4823 emanationem
2948 4765 3205 4824 universi
3225 4783 3259 4822 a
3278 4783 3513 4823 summo
3534 4769 3670 4832 Deo,

2386 4858 2444 4912 et
2471 4856 2973 4929 quemadmodum
3006 4856 3076 4912 de
3106 4860 3317 4912 natura
3338 4855 3437 4912 Dei
3456 4859 3514 4912 et
3534 4873 3670 4914 cau·

2386 4948 2647 5001 satorum
2678 4944 3119 5017 philosophatus
3144 4944 3220 4999 sit
3278 4987 3666 5000 .....
3708 4948 3825 5004 273

2314 5033 2608 5092 Articulus
2636 5034 2869 5090 XXXlV.
2903 5033 3413 5098 Quemadmodum
3445 5033 3675 5092 univer·

2385 5139 2583 5179 sorum
2628 5122 3062 5180 emanationem
3093 5139 3128 5178 a
3156 5122 3347 5194 primo
3378 5123 3671 5197 principio

2385 5213 2735 5269 determinet
2762 5212 3053 5269 Avicenna
3095 5255 3665 5271 .......
3706 5217 3825 5274 274

715 5353 721 5360 .
785 5307 856 5364 de
885 5306 1000 5363 Deo
1031 5300 1513 5376 contemplatione
1579 5343 2053 5358 ......
2091 5301 2201 5359 253
2310 5300 2604 5360 Articulus
2628 5301 2834 5360 XXXV.
2858 5302 2936 5361 De
2967 5299 3317 5359 multiformi
3346 5302 3669 5360 emanatio-
