4300 6259
579 4477 756 4523 propat.
779 4478 824 4508 vi

555 4534 600 4574 ct
619 4542 659 4573 n.

846 510 926 572 78
1553 527 1974 574 ΕΕΕΜΕΝΤΑΤΙΟ
2017 524 2479 573 PmLOSOPmCA.
2527 544 2607 555 --
2650 526 2729 573 DE
2770 527 3249 575 INTELuGENTns

847 701 997 769 tate,
1049 695 1434 759 formalitate
1489 704 1678 779 atque
1739 696 2084 759 intrinseca
2141 693 2348 777 perfe—
2379 693 2432 758 A
2463 702 2635 757 ctum
2667 696 2744 757 ad
2776 715 2914 759 eam
2960 716 3030 760 56
3072 697 3265 760 habet
3302 697 3504 760 instar
3543 684 3812 779 passiirae
3854 712 3978 779 po-

850 793 1060 856 etione
1102 794 1166 856 in
1217 814 1330 858 sua
1378 802 1600 857 natura
1647 813 1720 856 ac
1769 794 2004 877 specie,
2045 800 2349 875 tantoque

851 892 1064 955 minus
1113 894 1191 957 de
1241 895 1540 977 potentia.
1587 894 1774 957 Porro
1832 912 1959 975 quo
2016 893 2351 955 distantior

849 998 946 1053 est
986 991 1065 1053 ab
1113 992 1243 1065 illa,
1278 1000 1452 1055 tanto
1494 992 1638 1075 plus
1683 991 1875 1054 habet
1919 992 1997 1054 de
2043 992 2346 1073 potentia,

848 1094 910 1151 et
955 1096 1128 1153 tanto
1176 1090 1387 1153 minus
1431 1091 1508 1153 de
1552 1098 1715 1152 actu.
1751 1088 1838 1152 Ac
1886 1108 1998 1172 per
2041 1089 2162 1152 hoc
2201 1089 2351 1151 assi-

845 1208 1114 1269 gnamus
1146 1189 1514 1273 specificam
1546 1189 1977 1253 differentiam
2011 1190 2176 1251 inter
2205 1188 2349 1251 sub-

847 1290 1108 1351 stantias
1140 1297 1480 1372 separataS,
1516 1289 1683 1372 quod
1717 1308 1842 1350 una
1873 1288 1940 1350 in
1971 1306 2083 1351 sua
2123 1295 2348 1349 natura

847 1387 992 1469 plus
1022 1388 1215 1451 habet
1245 1389 1322 1451 de
1355 1388 1700 1451 intrinseca
1730 1396 1794 1451 et
1823 1386 2142 1449 essentiali
2177 1393 2348 1448 actu·

843 1485 1060 1549 alitate
1092 1506 1283 1569 quam
1327 1487 1472 1560 alia,
1505 1495 1570 1549 et
1615 1486 1827 1549 minus
1871 1487 1949 1547 de
1991 1484 2347 1567 potentiali-

845 1592 970 1646 tate
997 1603 1013 1663 ;
1045 1594 1234 1667 atque
1269 1604 1381 1667 per
1411 1585 1530 1647 hoc
1561 1584 2076 1647 intellectualitas
2108 1584 2172 1645 in
2222 1602 2347 1645 una

843 1684 1183 1746 sublimior
1215 1684 1687 1766 perfectiorque
1717 1683 2009 1746 consistit
2046 1701 2237 1763 quam
2280 1681 2343 1744 in

841 1782 988 1855 alia,
1026 1792 1174 1864 puta
1218 1783 1464 1845 altioris
1503 1783 1735 1864 gradus
1776 1781 2345 1862 eminentiorisque

2459 794 2671 857 tentiae
2718 814 2791 857 ac
2845 796 3187 858 materialis
3238 796 3540 878 principii
3596 813 3610 857 ε
3663 795 3833 857 unde
3898 794 3975 857 in

2460 891 2624 955 libro
2653 893 2730 955 de
2762 892 3002 965 Causis,
3040 893 3459 975 intelligentia
3492 894 3694 956 fertur
3724 892 3975 955 habere

2466 990 2777 1073 hyliathin
2801 994 2844 1052 *.
2898 992 3012 1053 Per
3056 1013 3180 1071 quo
3224 1002 3314 1051 est
3370 1011 3543 1066 vero,
3591 992 3976 1073 intelligunt
4034 1008 4257 1051 urat-fc».

2464 1090 2675 1172 ipsum
2726 1110 2883 1153 esse.
2929 1092 3135 1153 Potest
3183 1110 3439 1175 quoque
3490 1110 3604 1174 per
3652 1094 3827 1171 quod
3869 1100 3971 1151 est
4006 1071 4261 1187 αἶᾚῗζᾞ

2461 1188 2777 1270 designari
2824 1191 3270 1272 suppositum3
3312 1210 3427 1273 per
3465 1212 3591 1271 quo
3629 1200 3745 1261 est,
3778 1198 3971 1251 natu·
4038 1195 4233 1269 ⁸0⁵⁸er

2463 1306 2529 1349 ra
2572 1286 2896 1369 specifica.
4004 1258 4241 1375 ἒζξξζζῗῗ

2542 1386 2825 1459 Interim,
2858 1386 3010 1468 quia
3042 1386 3464 1469 praehabitum
3496 1396 3592 1449 est
3624 1388 3743 1450 hoe
3776 1387 3971 1451 ratio·
4004 1389 4099 1427 0²⁶·
4296 1444 4298 1451 .

2461 1484 2737 1547 nabilius
2782 1504 3112 1567 apparere,
3164 1486 3333 1567 quod
3384 1505 3523 1549 esse
3570 1494 3635 1549 et
3682 1485 3971 1549 essentia
4002 1460 4231 1552 „gfff”

2462 1583 2525 1644 in
2559 1584 2782 1646 creatis
2814 1602 2941 1646 non
2972 1584 3248 1659 realiter,
3275 1584 3385 1647 sed
3416 1586 3659 1647 ratione
3691 1604 3803 1647 seu
3837 1585 3971 1648 for·

2462 1682 2712 1743 maliter
2742 1684 3183 1745 tantummodo
3213 1683 3709 1764 distinguantur,
3744 1684 3973 1745 dicen-

2460 1780 2613 1841 dum
2655 1780 2823 1861 quod
2856 1779 2919 1842 in
2954 1780 3390 1861 intelligentiis
3437 1782 3604 1845 inter
3642 1790 3858 1844 actum
3900 1790 3976 1844 et

842 1882 1107 1943 ordinis.
1143 1882 1301 1944 Hinc
1332 1882 1751 1962 intelligentia
1783 1899 1907 1943 non
1951 1888 2046 1942 est
2084 1878 2345 1941 actuali·
2384 1878 2430 1941 B
2463 1880 2811 1961 potentiam
2860 1896 2986 1940 non
3037 1887 3134 1941 est
3183 1880 3369 1942 realis
3419 1880 3766 1942 distincti0.
3820 1882 3976 1962 Ipsa

843 1987 939 2041 tas
989 1999 1150 2062 pura
1195 1988 1304 2043 aut
1353 1980 1691 2053 illimitata,
1736 1979 1846 2041 sed
1897 1977 2345 2061 potentialitati

845 2078 1209 2159 conjuncta,
1233 2079 1601 2162 dependens
1632 2087 1696 2141 et
1726 2078 2015 2150 limitata,
2035 2078 2109 2138 ad
2141 2096 2343 2157 genus

847 2178 1260 2260 speciemque
1321 2186 1664 2251 contracta,
1718 2196 1792 2239 ac
1851 2197 1964 2239 sua
2021 2175 2344 2238 essentiali

847 2276 1214 2339 differentia
1247 2286 1560 2340 coarctata
1591 2286 1654 2339 et
1685 2276 2171 2357 circumscripta
2205 2293 2219 2336 :
2257 2276 2346 2336 id-

849 2375 1020 2437 circo
1055 2376 1162 2437 ubi
1196 2376 1425 2438 finitur
1456 2376 1596 2456 ejus
1640 2375 1970 2457 perfectio,
2005 2373 2094 2435 ibi
2141 2373 2343 2455 ipsius

850 2473 1255 2555 imperfectio
1315 2474 1668 2537 inchoatur.
1729 2474 2183 2536 Verumtamen
2232 2472 2345 2534 has

848 2571 1250 2635 differentias
1298 2582 1361 2637 et
1409 2573 1657 2656 species
1707 2572 2201 2654 specialissimas
2254 2571 2346 2631 in-

849 2672 1371 2753 telligentiarum,
1433 2671 1875 2743 determinate,
1947 2668 2209 2751 praecise
2275 2687 2347 2730 ac

848 2771 1150 2833 distincte
1183 2769 1472 2833 invenire
1503 2789 1575 2831 ac
1609 2787 1872 2832 noscere
1916 2786 2042 2830 non
2087 2774 2198 2828 aut
2241 2766 2347 2828 vix

847 2868 1178 2945 valemus;
1213 2868 1322 2929 sed
1363 2868 1482 2929 hoc
1523 2865 1786 2939 scimuS‚
1822 2865 1990 2947 quod
2030 2882 2157 2947 quo
2196 2864 2349 2926 emi-

849 2966 1158 3029 nentioris
1205 2973 1352 3027 sunt
1391 2965 1774 3027 actualitatis
1820 2972 1884 3026 et
1932 2964 2210 3046 purioris
2256 2962 2349 3023 in-

2460 1976 2700 2059 quippe
2733 1977 3167 2058 intelligentiae
3207 1978 3502 2053 essentia,
3538 1978 3601 2041 in
3648 1987 3973 2061 quantum

2457 2096 2492 2138 a
2544 2075 2753 2158 primo
2799 2084 2944 2139 ente
2993 2076 3383 2158 dependenS,
3428 2076 3775 2149 influxum‚
3817 2096 3974 2140 con-

2458 2176 2906 2248 servationem,
2942 2174 3481 2238 illuminationem
3512 2176 3856 2259 recipienS,
3882 2175 3969 2237 ri-

2457 2274 2612 2347 nita,
2648 2273 3024 2355 imperfecta
3066 2292 3139 2336 ac
3184 2274 3499 2355 indigenS,
3534 2276 3653 2337 rite
3698 2283 3971 2338 vocatur

2458 2373 2758 2454 potentia.
2784 2372 2998 2436 Nihilo
3031 2374 3241 2437 minus
3274 2374 3635 2457 appellatur
3662 2384 3723 2437 et
3755 2382 3963 2449 actuS,

2458 2471 2523 2533 in
2567 2480 2879 2553 quantum
2912 2480 3009 2534 est
3048 2472 3273 2546 forma,
3316 2473 3535 2536 divina
3566 2474 3967 2555 perfectione

2456 2588 2529 2631 ac
2562 2570 2783 2651 primae
2817 2589 3023 2633 causae
3062 2570 3421 2633 influentiis
3465 2570 3823 2645 fecundata,
3854 2591 3971 2635 ex—

2458 2687 2675 2729 serens
2703 2687 2741 2729 a
2771 2687 2837 2731 se
2870 2688 3029 2744 esse,
3062 2676 3253 2752 atque
3284 2668 3620 2733 sufficiens
3649 2671 3726 2733 ad
3758 2670 3971 2733 subsi—

2459 2766 2756 2828 stendum
2804 2768 2867 2830 in
2918 2786 3008 2841 se,
3056 2776 3119 2830 et
3164 2768 3518 2831 formaliter
3564 2769 3852 2851 praebens
3898 2777 3967 2833 et

2459 2865 2767 2927 exhibens
2807 2865 2931 2927 sibi
2980 2884 3137 2928 esse.
3183 2868 3475 2930 Attamen
3526 2868 3719 2930 etiam
3770 2868 3963 2931 realis

2459 2963 2784 3026 distinctio
2818 2964 2881 3025 in
2915 2964 3354 3046 intelligentiis
3387 2966 3704 3049 reperitur
3738 2966 3964 3049 :quip-

847 3064 1370 3139 tellectualitatis,
1442 3082 1517 3126 eo
1585 3064 1916 3146 limpidius
1986 3062 2345 3125 Creatorem
2386 3060 2429 3126 C
2462 3082 2541 3145 pe
2600 3063 2665 3124 in
2724 3063 2960 3145 quibus
3018 3066 3314 3137 essentia,
3367 3065 3657 3138 seientia,
3709 3066 3959 3147 species

847 3165 1234 3227 altissimum
1279 3163 1818 3245 contemplantur,
1851 3180 1923 3224 ac
1965 3161 2173 3224 altiori
2219 3179 2350 3223 mo-

847 3264 930 3326 do
972 3283 1038 3326 se
1085 3264 1254 3345 ipsas
1299 3270 1362 3325 et
1403 3261 1525 3324 alia
1569 3268 1824 3324 norunt.

1183 3532 1707 3598 PROPOSITIO
1755 3531 2000 3594 LXIII.

928 3756 1314 3835 Quamvis
1343 3753 1910 3831 intelligentiae
1938 3751 2348 3831 simplices

848 3855 1375 3936 appellentur,
1428 3852 1698 3932 aliqua
1756 3852 2027 3916 tamen
2084 3851 2172 3916 in
2230 3851 2349 3915 eis

848 3954 1324 4034 compositio
1367 3952 1717 4032 ponitur.

929 4052 1104 4127 Quod
1147 4058 1264 4123 est,
1312 4050 1463 4133 quia
1507 4050 1571 4112 in
1615 4048 1791 4111 omni
1836 4066 1903 4109 re
1941 4056 2153 4109 creata
2200 4054 2350 4109 sunt

850 4156 1022 4233 quod
1049 4162 1140 4212 est
1173 4158 1236 4213 et
1267 4171 1390 4229 quo
1421 4158 1537 4218 est,
1580 4167 1691 4211 seu
1723 4155 1900 4209 actus
1941 4154 2004 4209 et
2043 4146 2346 4229 potentia,

2460 3160 2907 3241 intelligibilis,
2958 3170 3137 3225 actus
3196 3162 3617 3244 intelligendi,
3668 3171 3733 3226 et
3778 3171 3961 3227 actus

2459 3260 2737 3334 volendi,
2773 3260 3029 3323 realiter
3058 3260 3139 3323 ab
3172 3261 3451 3324 invicem
3482 3260 3814 3324 differunt.

2797 3533 3315 3599 PROPOSITIO
3364 3534 3605 3599 LXIV.

2541 3754 2634 3818 In
2664 3753 3235 3832 intelligentiis
3264 3770 3420 3821 non
3447 3755 3773 3821 videtur
3800 3771 3959 3824 ma·

2456 3852 2663 3917 teria
2693 3853 3011 3931 proprie
3043 3852 3256 3918 dicta
3285 3866 3453 3919 esse
3485 3854 3871 3933 ponenda.

2538 3950 2713 4024 Quod
2763 3958 2879 4025 est,
2920 3950 3071 4032 quia
3122 3968 3457 4031 processus
3508 3970 3720 4014 rerum
3770 3972 3807 4015 a
3855 3972 3963 4016 su-

2460 4048 3059 4133 persimplicissimo
3101 4050 3230 4111 Deo
3272 4068 3387 4132 per
3428 4050 3957 4115 assimilationem

2460 4149 2800 4231 quamdam
2846 4146 3151 4209 efficitur.
3194 4147 3438 4211 Idcirco
3483 4167 3783 4231 suprema
3824 4170 3961 4215 cre-

849 4252 1054 4314 forma
1083 4258 1147 4312 et
1176 4268 1334 4321 esse,
1368 4266 1507 4311 esse
1549 4256 1608 4309 et
1649 4246 1924 4309 essentia
1958 4262 1971 4307 :
2005 4264 2146 4327 quae
2186 4264 2223 4307 a
2260 4245 2349 4313 di·
2379 4246 2427 4308 D
2459 4256 2559 4310 ata
2616 4263 2744 4308 non
2794 4246 3094 4308 videntur
3144 4247 3209 4307 in
3261 4254 3513 4309 tantum
3562 4265 3599 4308 a
3643 4248 3963 4313 Creatoris

850 4349 1052 4412 versis
1095 4347 1526 4411 diversimode
1566 4351 1995 4427 exponuntur,
2031 4350 2102 4404 ut
2143 4342 2348 4404 decla-

851 4458 1059 4512 ratum
1093 4456 1189 4509 est
1216 4465 1427 4528 supra.
1450 4446 1639 4508 Porro
1668 4443 1778 4525 qui
1812 4442 1876 4504 in
1909 4440 2348 4523 intelligentiis

851 4544 1249 4629 spiritualem
1283 4550 1528 4626 ponunt
1561 4541 1913 4613 materiam,
1940 4539 2111 4601 illam
2145 4539 2347 4601 nomi-

851 4653 1005 4709 nant
1043 4646 1216 4725 quod
1252 4652 1368 4713 est,
1407 4648 1470 4704 et
1519 4641 1789 4703 formam
1831 4638 2024 4712 illius,
2069 4658 2195 4717 quo
2234 4647 2343 4699 est.

848 4746 964 4820 Qui
997 4761 1149 4807 vero
1181 4742 1244 4804 in
1277 4741 1406 4803 illis
1436 4748 1667 4822 negant
1697 4758 1836 4801 esse
1868 4738 2350 4820 materiam,per

847 4847 1022 4926 quod
1049 4852 1142 4904 est
1172 4840 1503 4921 designant
1534 4838 1908 4921 potentiam,
1942 4855 2057 4919 per
2094 4858 2219 4916 quo
2257 4846 2349 4897 est

847 4954 1081 5007 actum.
1119 4944 1309 5005 Porro
1348 4940 1458 5021 qui
1504 4939 1671 5000 inter
1714 4956 1853 4999 esse
1896 4944 1957 4998 et
2002 4936 2343 4999 essentiam

849 5041 1327 5107 distinctionem
1372 5038 1652 5101 fatentur
1701 5036 1959 5108 realem,
2011 5054 2126 5117 per
2176 5038 2348 5115 quod

849 5154 940 5205 est
989 5140 1358 5221 intelligunt
1408 5136 1848 5217 intelligentiae
1897 5135 2343 5217 quidditatem,

849 5242 1215 5313 essentiam,
1248 5258 1361 5302 seu
1392 5244 1684 5299 naturam
1727 5235 1791 5297 in
1832 5242 2141 5316 quantum
2183 5233 2345 5295 reci·

843 5340 946 5426 pit
986 5356 1126 5401 esse
1169 5356 1206 5399 a
1249 5335 1456 5419 prima
1498 5352 1710 5409 causa,
1743 5340 1932 5415 atque
1978 5350 2093 5414 per
2135 5350 2345 5414 respe-

2459 4345 2870 4427 simplicitate
2913 4344 3313 4419 occumbere,
3350 4346 3515 4428 quod
3564 4345 3629 4407 in
3676 4346 3835 4429 ipsis
3879 4350 3965 4412 sit

2458 4444 2645 4507 realis
2694 4444 3031 4505 diversitas
3082 4444 3248 4507 inter
3305 4444 3671 4507 essentialia
3718 4452 3963 4512 naturae

2459 4562 2679 4606 eorum
2722 4541 3060 4624 principia,
3105 4542 3611 4626 compositioque
3650 4543 3841 4607 realis
3880 4564 3959 4609 ex

2462 4641 2726 4705 materia
2754 4649 2817 4702 et
2846 4639 3069 4703 forma.
3092 4641 3419 4716 Praeterea,
3440 4640 3644 4704 forma
3674 4652 3771 4705 est
3801 4643 3959 4707 finis

2461 4741 2762 4813 materiae,
2825 4739 3363 4820 quemadmodum
3424 4739 3781 4823 perfectum
3840 4741 3959 4805 im-

2460 4837 2723 4923 perfecti
2762 4855 2776 4900 :
2810 4856 2928 4900 nec
2958 4837 3131 4899 enim
3164 4835 3367 4900 forma
3398 4839 3618 4901 unitur
3650 4840 3955 4915 materiae‚

2459 4938 2579 5001 nisi
2616 4937 2895 5017 indigeat
2926 4955 2998 4998 ea
3037 4936 3115 4998 ad
3159 4937 3499 4999 essendum
3540 4945 3733 5019 atque
3772 4956 3959 5019 agen-

2458 5038 2630 5099 dum.
2684 5035 2892 5109 Quum
2944 5051 3091 5114 ergo
3143 5034 3566 5114 intelligentia
3616 5036 3701 5098 sit
3748 5036 3957 5100 forma

2455 5143 2585 5196 tam
2625 5132 2945 5206 sublimiS,
2979 5132 3331 5205 deiformis,
3364 5132 3640 5196 fecunda
3678 5142 3741 5197 et
3780 5143 3955 5197 actu-

2453 5232 2593 5307 aliS,
2627 5232 2796 5314 quod
2828 5249 2944 5313 per
2973 5249 3040 5293 se
3070 5230 3317 5293 suffieit
3356 5238 3549 5313 atque
3589 5231 3818 5297 idonea
3856 5242 3958 5297 est

2451 5330 2723 5413 operari,
2757 5329 3105 5392 subsistere
3134 5347 3207 5391 ac
3238 5347 3517 5405 manere,
3543 5330 3718 5393 nulla
3749 5332 3807 5394 ei
3840 5351 3950 5396 ne-
