4300 6259
1371 485 1792 534 mulo
1831 483 2229 534 rumetum.
2274 503 2355 515 -
2396 487 2477 534 DE
2516 487 2775 536 Annuus

509 650 946 715 sultissimum
965 659 1180 718 tamen
1199 653 1427 738 opinor
1445 655 1524 718 de
1543 653 1644 718 his
1665 656 2018 738 ceterisque
2046 655 2098 718 A

510 748 780 812 incertis
819 769 972 814 cum
1017 752 1268 816 incauta
1309 754 1658 818 assertione
1691 752 1783 816 nil
1815 753 2010 836 loqui.

825 961 1347 1027 PROPOSITIO
1394 961 1682 1026 LXXXI
1689 1010 1702 1024 .

611 1145 712 1210 In
791 1146 1102 1224 ang-elis
1169 1146 1497 1224 sanctis,
1576 1145 2012 1212 secundum

503 1242 964 1324 theologos,
991 1243 1732 1324 incomparabiliter
1756 1243 2013 1325 major

503 1343 646 1407 est
687 1341 1122 1422 beatitudo,
1165 1339 1549 1422 perfectio
1595 1344 1680 1408 et
1729 1342 2008 1422 gloria,

505 1455 757 1521 quam
806 1442 892 1506 in
943 1438 1538 1522 intelligentiis,
1578 1441 2012 1507 secundum

501 1538 1178 1620 philosophorum
1219 1537 1674 1618 opiniones;
1705 1552 1863 1604 non
1902 1541 2013 1604 ta-

501 1651 704 1704 men
764 1636 1272 1704 uniformitas
1340 1638 1423 1702 et
1487 1636 2014 1704 immobilitas

499 1737 744 1802 tanta
784 1738 871 1802 in
911 1736 1222 1813 angelis
1261 1737 1404 1814 est,
1449 1736 1542 1802 ut
1585 1737 1672 1800 in
1717 1735 2012 1802 intelli-

497 1835 816 1912 gentiis
857 1835 1292 1915 posuerunt
1332 1832 1814 1916 philosophi.

594 1930 776 2004 Quod
832 1939 948 2006 cst,
999 1931 1152 2015 quia
1205 1931 1568 2013 philosophi
1629 1931 1692 1992 in
1743 1931 2014 1994 naturali

501 2029 766 2094 lumine
820 2039 1082 2104 stanteS‚
1143 2048 1272 2092 non
1331 2029 1814 2112 adscripserunt
1871 2030 2018 2092 sub-

499 2129 770 2192 stantiis
817 2129 1126 2211 separatis
1172 2129 1297 2192 nisi
1345 2127 1700 2191 naturalem
1751 2127 2014 2190 felicita-

500 2237 674 2303 tem,
715 2229 1036 2292 naturales
1083 2245 1338 2310 quoque
1378 2228 1708 2290 dumtaxat
1745 2229 2016 2291 virtutes

497 2337 576 2394 et
625 2326 1075 2410 perfectiones»,
1127 2343 1253 2389 non
1304 2325 1844 2408 supernaturaleS,
1897 2344 2014 2388 nec

497 2426 882 2491 beatificam
929 2425 1263 2498 visionem,
1296 2443 1424 2506 qua
1465 2424 1630 2487 Deus
1675 2423 2016 2507 superbea-

493 2525 806 2588 tissimus
853 2531 918 2586 et
965 2523 1316 2586 immensus
1363 2522 1617 2584 videtur
1673 2521 1844 2584 clare
1901 2540 2016 2605 per

493 2623 823 2708 speciem,
854 2630 918 2684 et
956 2622 1324 2684 immediate
1365 2639 1440 2684 ac
1485 2621 1760 2684 invelate
1801 2621 1866 2683 in
1898 2640 2014 2684 sua

490 2723 810 2788 essentia.
835 2721 1232 2804 Peripatetici
1271 2727 1488 2784 tamen
1517 2720 1838 2796 dixerunt,
1869 2719 2018 2783 sub·

493 2823 782 2888 stantias
829 2827 1146 2903 separatas
1197 2819 1336 2882 loco
1381 2827 1445 2882 et
1487 2819 1854 2901 operatione
1898 2819 2018 2881 im-

497 2920 810 2992 mobiles,
869 2927 934 2981 et
989 2918 1362 2992 aeternitate,
1419 2918 1482 2980 id
1539 2925 1637 2980 est
1691 2935 1828 2980 aevo
1883 2935 2010 2980 non

3505 475 3621 540 177

2420 662 2941 730 PROPOSITIO
2988 663 3329 730 LXXXII.

2208 851 2641 935 Multiplex
2680 856 3035 936 cog-nitio
3076 857 3289 924 inest
3324 858 3409 924 et
3445 871 3623 928 oon-

2125 949 2349 1016 venit
2385 953 2698 1030 ang-elis
2738 955 3058 1021 sanctis.

2205 1046 2381 1121 Quod
2413 1056 2530 1121 est,
2563 1050 2827 1131 quia(ut
2856 1051 2921 1113 in
2954 1051 3459 1115 Elementatione
3484 1051 3623 1134 phi·
3648 1081 3945 1127 propo-am.

2126 1143 2453 1226 losephica
2502 1147 2734 1229 patuit)
2777 1148 3021 1229 angelis
3070 1157 3419 1214 concreatae
3475 1157 3625 1213 sunt

2125 1241 2408 1306 scientim
2464 1251 2530 1306 et
2577 1245 2885 1326 virtutes3
2936 1255 2999 1309 et
3045 1247 3127 1310 ab
3175 1247 3435 1310 exordio
3492 1266 3624 1311 suae

2125 1341 2465 1404 creationis
2511 1341 2758 1426 impleti
2806 1343 3067 1407 fuerunt
3110 1344 3623 1426 intelligibilibus

2125 1437 2351 1502 formis
2382 1441 2753 1523 exemplatis
2784 1450 2850 1505 et
2876 1443 3179 1506 derivatis
3206 1443 3287 1506 ab
3319 1442 3627 1508 idealibus

2124 1536 2350 1600 formis
2396 1539 2629 1602 mentis
2671 1540 2926 1615 divinae,
2974 1559 3089 1624 per
3129 1561 3288 1624 quas
3333 1541 3625 1606 ordinem

2127 1635 2497 1716 intelligunt
2540 1637 2823 1701 universi
2864 1647 2929 1702 et
2972 1638 3400 1722 particularia,
3432 1649 3625 1723 atque

2126 1751 2195 1796 se
2235 1733 2511 1798 invicem
2561 1754 2635 1798 ac
2684 1754 2833 1800 suos
2884 1736 3155 1801 effectus
3197 1739 3265 1802 in
3310 1738 3627 1802 inferiori-

2048 1830 2096 1894 B
2127 1831 2269 1904 bus,
2292 1840 2601 1914 quantum
2634 1836 2711 1897 ad
2744 1835 3031 1917 ipsorum
3060 1842 3305 1920 spectat
3333 1845 3623 1900 naturam

2127 1937 2192 1992 et
2257 1930 2637 2012 perfectioni
2704 1934 2999 2014 congruit
3056 1935 3449 1998 eorumdem.
3512 1936 3627 1999 Per

2130 2029 2453 2111 propriam
2503 2048 2759 2114 quoquc
2808 2033 3151 2096 essentiam
3202 2040 3267 2096 et
3321 2034 3625 2097 virtutem

2128 2127 2445 2190 causalem
2482 2129 2684 2191 multa
2722 2137 3134 2212 cognoscunt,
3168 2131 3298 2195 imo
3331 2139 3395 2194 et
3424 2133 3625 2196 Deum

2127 2227 2481 2288 secundum
2512 2228 2681 2309 quod
2715 2227 2779 2290 in
2821 2228 2954 2290 suis
2994 2228 3233 2292 relucet
3262 2247 3337 2292 ac
3378 2229 3631 2293 videtur

2127 2323 2489 2388 effectibus,

2206 2423 2474 2497 Interea,
2499 2424 2577 2487 de
2606 2424 2874 2487 scientia
2903 2425 3273 2508 angelorum
3298 2444 3491 2508 quam
3520 2446 3629 2490 an·

2127 2529 2189 2584 te
2247 2523 2733 2586 conversionem
2780 2542 2963 2586 suam
3019 2524 3099 2586 ad
3148 2525 3348 2588 Deum
3409 2533 3475 2588 et
3530 2545 3633 2589 su-

2127 2619 2600 2702 pernaturalem
2675 2620 3215 2685 beatificationem
3285 2622 3627 2700 habebant,

2126 2717 2464 2799 opiniones
2496 2725 2647 2780 sunt
2672 2718 2863 2782 variae
2898 2736 2913 2780 ε
2946 2719 3333 2802 quibusdam
3366 2721 3631 2784 dicenti·

2125 2814 2269 2890 buS,
2320 2815 2489 2897 quod
2538 2834 2665 2879 non
2714 2816 2839 2880 nisi
2896 2817 3251 2881 naturalem
3309 2818 3631 2883 habebant

2125 2914 2503 2994 scientiam3
2562 2913 2727 2988 aliis,
2789 2915 2959 2997 quod
3026 2924 3091 2978 et
3154 2915 3345 2980 aliam
3415 2918 3629 2981 multi-

491 3018 899 3091 successivo,
955 3015 1332 3080 mensurari.
1387 3015 1688 3098 Theologi
1735 3033 1887 3079 vero
1943 3015 2010 3078 in
2042 3015 2085 3079 C
2129 3012 2361 3095 plicem
2408 3013 2959 3094 supernaturalem
3006 3013 3371 3077 habuerunt
3418 3016 3630 3080 notiti-

493 3117 762 3182 lumine
801 3114 954 3177 fidei
989 3133 1062 3177 ac
1099 3115 1318 3196 gratiae
1356 3113 1779 3189 ambulantes,
1813 3112 2012 3178 faten-

496 3225 619 3279 tur
649 3213 1038 3278 substantias
1069 3212 1212 3276 illas
1241 3211 1838 3295 supernaturalibus
1877 3213 2015 3296 plu-

493 3313 701 3376 rimis
731 3309 1234 3394 perfectionibus
1264 3310 1572 3384 decorari,
1607 3309 2012 3393 increataque

491 3410 800 3476 bonitate
852 3428 924 3473 ac
973 3409 1192 3471 divina
1243 3407 1500 3470 infinita
1547 3407 1886 3471 dulcedine
1944 3409 2010 3472 in

489 3530 578 3576 se
609 3511 754 3592 ipsa
783 3508 968 3591 plene
997 3514 1062 3570 et
1099 3507 1528 3569 contentative
1563 3506 1802 3589 jugiter
1838 3506 2008 3588 frui3

489 3617 576 3673 et
603 3613 920 3690 quantum
949 3605 1029 3668 ad
1059 3605 1224 3668 hanc
1262 3603 1659 3678 felicitatem,
1691 3603 2008 3668 actionem

487 3715 572 3772 et
604 3704 1110 3778 consistentiam,
1145 3709 1598 3766 mensurantur
1636 3703 2012 3786 participata

487 3804 888 3876 aeternitate,
921 3809 1142 3884 utpote
1180 3817 1337 3874 aevo,
1372 3799 1437 3862 in
1477 3817 1606 3882 quo
1643 3819 1768 3864 non
1809 3809 2014 3864 exstat

488 3901 855 3968 successio.
897 3899 1052 3964 Aliae
1093 3900 1356 3962 demum
1399 3898 1800 3982 operationes
1841 3899 2014 3963 circa

487 4001 767 4082 objecta
807 4006 1038 4074 creata,
1075 4005 1142 4061 et
1183 4003 1494 4080 quantum
1539 3997 1616 4058 ad
1659 3997 2013 4060 accidenta-

486 4103 639 4166 lem
681 4115 900 4162 eorum
942 4095 1406 4160 beatitudinem
1453 4095 2010 4180 ministeriumque

2124 3129 2253 3186 am,
2318 3109 2933 3192 supersanctissimae
2998 3111 3302 3175 videlicet
3358 3113 3627 3177 Trinita-

2125 3209 2228 3284 tis,
2290 3208 2873 3292 incarnationisque
2929 3207 3121 3272 Verbi
3186 3212 3426 3275 aeterni.
3488 3212 3627 3277 Non

2125 3316 2337 3370 tamen
2384 3305 2595 3388 angeli
2646 3305 2905 3388 reprobi
2962 3325 3144 3370 suam
3196 3309 3629 3390 praeviderunt

2123 3405 2395 3469 ruinam.
2447 3405 2519 3467 ln
2568 3405 2985 3469 conversione
3032 3414 3247 3469 autem
3294 3408 3373 3471 ad
3422 3408 3625 3472 Deum

2122 3505 2267 3566 data
2296 3511 2393 3566 est
2420 3502 2663 3583 angelis
2692 3503 2915 3566 electis
2954 3502 3257 3568 beatifica
3295 3505 3459 3570 visio
3488 3507 3628 3569 Dei·

2120 3603 2291 3677 tatis,
2324 3609 2388 3664 et
2417 3601 2585 3665 clara
2616 3621 2731 3685 per
2760 3602 3043 3685 speciem
3086 3604 3367 3686 cognitio
3404 3624 3625 3688 super-

2119 3699 2625 3763 deliciosissimae
2662 3699 3023 3780 Trinitatis;
3055 3701 3333 3782 cognitio
3369 3720 3625 3784 quoque

2121 3815 2338 3861 rerum
2369 3805 2723 3860 creatarum
2768 3798 2834 3859 in
2864 3798 3014 3873 Deo,
3048 3818 3173 3881 qua
3213 3799 3497 3863 divinam
3530 3799 3625 3865 in·

2119 3897 2359 3960 tuendo
2408 3895 2773 3970 essentiam,
2826 3897 3233 3980 conspiciunt
3280 3897 3347 3959 in
3396 3898 3620 3963 eadem

2120 3995 2199 4058 de
2248 3993 2557 4058 creaturis
2604 4001 2855 4057 tantum
2903 4001 3213 4076 quantum
3269 3994 3347 4058 ad
3396 4013 3621 4061 eorum

2119 4101 2379 4168 statum,
2414 4092 2812 4166 felicitatem,
2852 4091 3295 4156 habitudinem
3325 4094 3624 4178 perfecti-

481 4207 872 4270 externum,
917 4194 1310 4258 conveniunt
1351 4193 1594 4276 angelis
1646 4211 1660 4256 ε
1715 4201 2008 4278 respectu
2039 4199 2090 4263 D
2119 4209 2441 4273 onemque
2486 4189 2763 4273 pertinet
2799 4207 2813 4252 :
2863 4189 3007 4254 ideo
3049 4189 3262 4254 sciunt
3302 4211 3341 4255 a
3382 4193 3623 4278 quibus

477 4315 782 4384 quarum
831 4303 1118 4377 tempore
1167 4293 1442 4377 quodam
1501 4292 1778 4356 discreto
1835 4312 2008 4357 men-

475 4395 713 4462 surari
742 4394 1074 4472 dicuntur;
1099 4399 1164 4454 et
1190 4390 1513 4453 successio
1539 4390 1773 4473 aliqua,
1792 4410 2010 4473 quam-

473 4496 600 4560 vis
661 4509 789 4555 non
847 4489 1218 4573 temporalis
1279 4489 1695 4564 continentia,
1747 4490 2010 4571 ponitur

475 4597 568 4658 in
600 4591 867 4654 eisdem.
901 4588 1238 4651 Mittuntur
1267 4606 1544 4670 namque
1573 4595 1638 4650 et
1669 4595 2008 4652 moventur

475 4693 580 4756 de
621 4687 788 4752 coelo
826 4688 892 4750 in
933 4696 1192 4761 terram,
1223 4693 1288 4748 et
1325 4685 1404 4748 de
1444 4685 1584 4749 loco
1622 4686 1698 4749 ad
1740 4686 1950 4749 locum
1987 4703 2002 4748 τ

478 4787 802 4874 quamvis
859 4802 990 4848 non
1037 4785 1132 4846 sic
1189 4784 1552 4847 successive
1599 4791 1670 4846 ut
1715 4801 2002 4866 corpora,

477 4886 632 4952 nisi
661 4885 878 4948 forsan
907 4899 1024 4964 per
1051 4880 1348 4944 accidens
1389 4881 1454 4944 in
1493 4881 1842 4963 assumptis
1871 4899 2006 4945 cor-

476 4984 792 5072 poribus.
851 4980 1086 5062 Aliqua
1139 4997 1395 5062 quoque
1462 4979 1540 5042 de
1605 4997 1772 5042 novo
1839 4979 2008 5044 circa

477 5083 810 5172 praedicta
857 5078 1242 5160 intelligunt,
1292 5085 1356 5141 et
1411 5086 1722 5161 quantum
1779 5078 1858 5141 ad
1906 5099 2006 5143 ac-

481 5180 823 5250 cidentale
872 5177 1212 5261 praemium
1262 5185 1558 5240 crescunt
1612 5183 1804 5260 atque
1865 5195 2006 5261 pro-

481 5281 741 5349 ficiunt
779 5293 988 5359 usque
1030 5275 1097 5336 in
1140 5274 1312 5337 diem
1350 5275 1598 5356 judicii.

764 5411 827 5465 Τ.
866 5411 946 5462 33.

2121 4289 2490 4372 diligantur,
2537 4288 2935 4364 invocentur,
2973 4288 3285 4365 colantur,
3331 4298 3395 4354 et
3438 4293 3620 4376 quid·

2119 4388 2276 4470 quid
2306 4387 2385 4450 ad
2414 4403 2637 4450 eorum
2668 4387 3228 4452 honorificentiam
3260 4389 3616 4455 exhibetur.

2117 4488 2337 4569 Itaque
2386 4485 2637 4550 easdem
2682 4503 2785 4549 res
2828 4486 3041 4550 sciunt
3084 4487 3149 4549 in
3192 4487 3400 4554 Verbo
3446 4498 3512 4554 et
3552 4490 3619 4555 in

2117 4585 2337 4648 divina
2388 4585 2687 4660 essentia,
2742 4586 3097 4648 secundum
3147 4588 3318 4669 quod
3366 4587 3475 4651 illa
3523 4596 3622 4652 est

2116 4682 2468 4765 exemplar,
2504 4683 2645 4745 idea
2683 4690 2747 4744 et
2785 4683 2945 4745 ratio
2983 4701 3220 4758 rerum,
3254 4687 3617 4768 speculum-

2116 4799 2243 4864 que
2298 4780 2753 4854 voluntarium,
2808 4780 2874 4843 in
2923 4797 3052 4861 quo
3106 4781 3405 4846 universa
3451 4786 3617 4849 relu—

2117 4888 2266 4944 cent
2299 4897 2313 4943 :
2344 4897 2472 4942 non
2503 4879 2673 4961 quod
2706 4885 2938 4942 cuncta
2976 4886 3043 4941 et
3080 4879 3332 4962 singula
3372 4883 3437 4946 in
3478 4885 3618 4968 ipso

2117 4978 2593 5061 resplendentia
2632 4976 2712 5038 ab
2756 4976 3075 5039 universis
3112 4978 3322 5042 Beatis
3368 4981 3433 5044 in
3478 4983 3617 5065 ipso

2119 5085 2491 5150 cernuntur,
2538 5074 2691 5158 quia
2752 5074 3033 5138 ostendit
3087 5093 3155 5138 se
3204 5077 3335 5140 illis
3397 5097 3619 5144 secun-

2117 5177 2271 5240 dum
2312 5174 2481 5258 quod
2525 5173 2685 5249 vult,
2717 5181 2782 5236 et
2818 5181 3128 5255 quantum
3173 5175 3333 5250 vult,
3363 5185 3427 5240 et
3463 5197 3616 5262 qua-

2121 5276 2266 5339 liter
2322 5274 2482 5349 vult,
2543 5282 2736 5358 atque
2796 5273 3147 5340 secundum
3216 5275 3611 5358 dignitatem,

3302 5411 3361 5462 12
