4300 6259
1745 521 1930 570 mnu
1971 521 2309 570 (immas

545 696 828 768 ponentes
855 694 916 754 in
947 693 1178 754 Christo
1206 711 1326 754 non
1365 694 1476 753 sibi
1515 693 1830 769 conjuncta

546 802 756 859 corpus
783 789 842 843 et
867 786 1132 843 animam
1157 825 1822 842 ........
1865 785 1970 842 443

466 874 768 932 Articulus
813 877 994 933 XLVI.
1027 877 1240 933 Contra
1267 879 1547 948 ponentes
1577 874 1638 932 in
1668 875 1828 933 Chri·

542 969 630 1022 sto
667 967 814 1023 duas
856 966 1196 1040 hypostases
1232 966 1320 1024 vel
1359 965 1676 1039 supposita,
1708 981 1828 1022 non

543 1056 739 1111 autem
771 1071 1050 1126 personas
1079 1057 1226 1112 duas
1251 1096 1824 1111 .......
1865 1055 1972 1111 444

463 1141 768 1201 Articulus
817 1145 1026 1200 XLVII.
1085 1146 1162 1202 De
1221 1143 1508 1216 positione
1559 1143 1827 1216 origenis

541 1231 696 1288 circa
739 1233 1184 1306 productionem
1215 1237 1274 1290 et
1301 1234 1568 1292 ordinem
1605 1249 1823 1298 rerum,

542 1324 600 1378 et
627 1321 910 1380 unionem
941 1323 1040 1380 Dei
1069 1339 1206 1380 cum
1241 1321 1480 1380 homine
1531 1365 1544 1378 .
1623 1367 1636 1378 .
1717 1365 1730 1378 .
1809 1365 1822 1378 .
1863 1323 1970 1379 444

465 1409 767 1468 Articulus
801 1412 1035 1468 XLVIII.
1077 1413 1148 1468 Et
1182 1415 1270 1470 est
1305 1411 1482 1486 hujus
1523 1411 1828 1484 positionis

547 1498 814 1572 origenis
843 1500 1212 1575 impugnatio
1253 1543 1822 1556 .......
1863 1501 1971 1557 445

469 1589 768 1647 Articulus
801 1590 980 1646 XLIX.
1013 1590 1286 1648 Rationes
1325 1591 1594 1664 quaedam
1625 1593 1830 1646 contra

547 1677 723 1734 fidem
753 1678 1174 1736 iucarnationis
1251 1719 1824 1736 .......
1863 1681 1972 1736 446

465 1765 769 1825 Articulus
798 1769 860 1825 L.
903 1769 972 1824 Et
1007 1773 1095 1827 est
1138 1769 1352 1827 harum
1395 1768 1692 1827 rationum
1737 1786 1828 1824 so·

543 1855 690 1914 lutio
695 1901 1824 1915 .............
1865 1859 1971 1915 447

468 1944 768 2002 Articulus
810 1946 895 2002 LI.
941 1949 1108 2014 Quod
1151 1947 1430 2004 humanae
1476 1951 1702 2004 naturas
1747 1963 1832 2004 as-

543 2035 802 2108 sumptio
831 2035 1136 2108 potissime
1164 2038 1528 2108 competebat
1558 2038 1744 2094 Verbo
1811 2079 1824 2092 .
1865 2037 1972 2095 449

467 2124 770 2182 Articulus
795 2126 906 2182 LII.
939 2127 1055 2183 Cur
1092 2128 1244 2184 Deus
1285 2126 1482 2192 homo,
1513 2129 1571 2184 et
1607 2128 1676 2184 de
1716 2127 1828 2183 ori-

544 2213 724 2288 ginali
755 2219 990 2288 peccato
1067 2259 1824 2274 .........
1865 2218 1974 2274 449

466 2304 771 2362 Articulus
814 2306 952 2362 LIII.
1003 2306 1080 2363 De
1125 2307 1478 2380 quibusdam
1533 2306 1829 2364 instantiis

545 2397 748 2450 contra
775 2395 1060 2468 originale
1091 2399 1396 2468 peccatum
1439 2439 1824 2452 .....
1865 2397 1968 2454 451

471 2482 770 2542 Articulus
804 2485 937 2541 LIV.
979 2487 1056 2542 De
1099 2485 1388 2542 solutione
1434 2486 1826 2560 objectionum

547 2571 1016 2631 introductarum
1059 2617 1824 2632 .........
1866 2577 1972 2634 452

473 2659 770 2719 Articulus
810 2663 918 2719 LV.
959 2664 1126 2729 Quod
1172 2679 1360 2736 neque
1405 2680 1510 2737 per
1535 2663 1830 2736 Protopla-

548 2753 726 2816 stum,
767 2767 954 2825 neque
1001 2769 1104 2824 per
1149 2753 1334 2810 alium
1383 2771 1597 2826 purum
1640 2753 1832 2810 homi-

547 2853 704 2904 nem,
738 2855 924 2912 neque
971 2856 1074 2912 per
1116 2844 1443 2898 creaturam
1483 2841 1688 2906 solam,
1728 2843 1830 2899 sed

545 2943 650 3000 per
695 2927 878 2985 Deum
921 2928 1315 2994 incarnatum,
1358 2929 1832 2986 convenientissi-

545 3032 713 3073 mum
761 3015 935 3074 fuerit
976 3020 1248 3075 naturam
1297 3019 1620 3076 humanam
1666 3035 1833 3091 repa-

544 3104 662 3161 rari
688 3146 1827 3166 .............
1867 3111 1974 3166 453

469 3193 770 3252 Articulus
800 3197 930 3252 LVI.
965 3198 1027 3252 In
1059 3213 1174 3269 quo
1203 3197 1396 3254 finalis
1416 3198 1712 3255 beatitudo
1734 3199 1836 3254 ho-

549 3283 728 3339 minis
755 3287 1084 3342 secundum
1105 3287 1320 3342 divinoe
1341 3286 1475 3344 fidei
1495 3287 1832 3344 testimonia

547 3373 827 3430 consistat
873 3417 1826 3433 ...........
1865 3379 1976 3434 454

471 3460 772 3519 Articulus
801 3462 958 3518 LVII.
992 3464 1158 3530 Quod
1188 3480 1291 3536 per
1319 3464 1544 3521 nullam
1575 3469 1830 3522 creatam

547 3551 862 3608 essentiam
909 3555 1194 3625 tanquam
1250 3571 1352 3626 per
1400 3553 1830 3626 intelligibilem

551 3640 824 3712 speciem,
865 3641 1047 3700 videri
1091 3641 1274 3715 possit
1313 3643 1465 3700 Deus
1507 3642 1676 3699 sicuti
1723 3646 1828 3710 est,

552 3747 652 3786 seu
675 3747 778 3802 per
791 3729 1228 3794 essentiam‚vel
1249 3731 1444 3804 potius
1473 3731 1533 3787 in
1559 3733 1826 3789 essentia.
1868 3734 1976 3790 455

475 3816 774 3874 Articulus
810 3819 998 3875 LVIII.
1037 3821 1343 3886 Quomodo
1385 3822 1533 3878 Deus
1568 3820 1836 3879 videatur

551 3923 654 3979 per
681 3907 992 3966 essentiam
1069 3950 1832 3966 .........
1873 3913 1978 3968 456

476 3997 774 4056 Articulus
820 3999 954 4055 LIX.
1005 4000 1171 4064 Quod
1219 3998 1382 4056 nulla
1431 4015 1596 4057 mens
1643 4003 1836 4057 creata

551 4087 811 4144 divinam
841 4087 1154 4145 essentiam
1195 4088 1652 4160 comprehendat
1727 4131 1741 4144 .
1819 4133 1831 4144 .
1871 4091 1977 4146 457

475 4177 774 4234 Articulus
819 4179 923 4234 LX.
965 4180 1130 4244 Quod
1161 4179 1339 4235 creati
1371 4178 1700 4235 intellectus
1729 4179 1834 4236 etsi

548 4266 810 4323 divinam
841 4267 1159 4324 essentiam
1191 4268 1681 4339 contemplentur,
1716 4285 1833 4325 non

549 4359 748 4412 tamen
797 4355 997 4413 omnia
1052 4360 1376 4429 agnoscant
1431 4373 1562 4430 quoe
1619 4357 1676 4412 in
1736 4357 1838 4414 illa

551 4445 1147 4518 comprehenduntur,
1175 4445 1552 4519 resplendent
1578 4449 1635 4502 et
1653 4444 1834 4504 videri

550 4539 794 4608 possunt
799 4577 1832 4594 ............
1872 4539 1979 4596 458

475 4623 774 4682 Articulus
822 4625 954 4681 LXI.
1006 4615 1519 4691 Quemadmodum
1575 4626 1834 4683 divinam

549 4713 938 4771 substantiam
969 4713 1248 4781 videntes,
1281 4714 1482 4772 omnia
1519 4714 1709 4773 videre
1749 4716 1836 4771 di·

549 4805 759 4860 cantur
790 4844 1830 4860 ............
1871 4808 1978 4863 459

475 4891 774 4949 Articulus
814 4892 972 4948 LXII.
1006 4893 1266 4959 Qualiter
1306 4893 1546 4965 quidam
1591 4896 1834 4966 probare

549 4984 837 5054 satagant,
861 4999 979 5039 non
1011 4999 1177 5055 posse
1197 4984 1382 5040 Deum
1412 4983 1596 5039 videri
1627 5001 1728 5056 per
1755 5001 1839 5041 es-

548 5070 800 5128 sentiam
829 5072 902 5128 ab
936 5071 1328 5129 intellectibus
1357 5072 1565 5129 creatis
1629 5116 1642 5129 .
1725 5117 1736 5130 .
1819 5117 1831 5130 .
1874 5076 1980 5133 460

476 5160 774 5218 Articulus
801 5161 986 5218 LXIII.
1020 5163 1098 5219 De
1128 5161 1256 5218 luce
1289 5161 1508 5234 gloriae,
1541 5165 1599 5218 et
1624 5163 1835 5221 harum

548 5249 944 5324 objectionum
986 5249 1274 5308 solutione
1355 5294 1833 5309 ......
1875 5255 1976 5311 461

475 5338 770 5398 Articulus
799 5339 980 5398 LXIV.
1027 5341 1196 5408 Quod
1227 5339 1354 5398 haec
1383 5341 1482 5399 Dei
1509 5341 1674 5412 visio,
1706 5359 1837 5417 quae

2151 691 2354 767 utique
2378 692 2499 750 vita
2524 695 2612 751 est
2638 697 2812 766 atque
2852 691 3099 766 felicitas
3124 693 3429 752 beatorum

2149 782 2575 848 intellectuum,
2616 784 2692 840 sit
2726 781 3301 848 desiderabilissima,
3334 798 3435 854 pu·

2149 873 2403 938 rIssima.
2445 873 2899 946 jucundissima,
2940 875 2995 929 et
3037 870 3437 945 contemplan-

2149 967 2269 1020 tem
2301 963 2547 1036 perfecte
2577 962 2844 1036 quietans
2858 1001 3429 1018 .......
3469 960 3577 1018 463

2078 1052 2374 1109 Articulus
2390 1053 2544 1108 LXV.
2570 1053 2647 1108 De
2665 1049 3053 1123 descriptione
3070 1049 3429 1118 hierarchiae,

2147 1145 2205 1198 et
2234 1143 2304 1199 de
2333 1141 2639 1198 ordinibus
2668 1139 3167 1212 supercoelestium
3206 1139 3434 1196 animo-

2147 1248 2285 1288 rum
2306 1231 2515 1304 primae
2542 1229 2884 1288 hierarchias
2912 1231 3306 1303 supersanctae
3318 1227 3435 1285 Tri·

2149 1319 2318 1377 nitati
2348 1319 2723 1376 vicinissimae
2765 1360 3426 1376 ........
3467 1318 3577 1378 465

2078 1411 2373 1467 Articulus
2420 1409 2598 1466 LXVI.
2645 1411 2723 1466 De
2766 1408 3071 1466 ordinibus
3116 1407 3431 1482 spirituum

2151 1499 2494 1557 hierarchia}
2522 1498 2733 1556 medias
2765 1539 3428 1556 ........
3468 1497 3576 1554 466

2075 1589 2373 1664 Articulus
2400 1589 2603 1645 LXVII.
2642 1590 2718 1647 De
2756 1588 3085 1646 hierarchia
3123 1587 3345 1652 intima,
3377 1591 3435 1646 et

2149 1679 2499 1752 proprietate
2536 1695 2605 1735 ac
2647 1677 3081 1751 operationibus
3118 1677 3431 1752 spirituum

2149 1768 2427 1826 ordinum
2474 1769 2603 1841 ejus
2676 1808 3435 1824 .........
3469 1765 3577 1826 467

2079 1857 2375 1914 Articulus
2409 1859 2641 1913 LXVIII.
2666 1858 2971 1924 Quomodo
3002 1855 3321 1916 coeIestium
3354 1855 3437 1911 hi·

2151 1947 2557 2004 erarchiarum
2580 1947 2814 2004 ordines
2826 1946 3135 2018 Gregorius
3158 1944 3431 2018 assignet,

2150 2039 2209 2094 et
2236 2036 2295 2092 in
2328 2053 2443 2110 quo
2468 2037 2595 2111 ejus
2626 2035 2833 2109 positio
2854 2054 2889 2093 a
2908 2035 3196 2094 sententia
3224 2033 3435 2108 Diony-

2151 2127 2222 2184 sii
2252 2127 2519 2183 recedere
2548 2126 2815 2183 videatur
2863 2164 3430 2183 .......
3470 2123 3579 2182 468

2079 2214 2377 2272 Articulus
2418 2215 2597 2270 LXIX.
2640 2215 2709 2270 Et
2750 2217 2836 2270 est
2876 2212 3089 2270 solutio
3127 2213 3433 2286 cujusdam

2155 2303 2537 2361 dubitationis
2584 2320 2716 2377 quae
2770 2320 2841 2360 ex
2900 2301 3279 2376 praeinductis
3334 2319 3437 2362 na-

2151 2394 2335 2452 scitur
2392 2433 3431 2450 ............
3472 2391 3579 2452 469

2081 2483 2376 2540 Articulus
2403 2485 2556 2540 LXX.
2589 2484 2656 2538 Et
2675 2487 2761 2540 est
2786 2482 3141 2543 introductio
3160 2499 3439 2558 quarum-

2154 2574 2290 2630 dam
2330 2573 2648 2638 rationum,
2682 2573 2895 2645 quibus
2924 2571 3151 2630 ostendi
3188 2571 3433 2638 videtur,

2153 2677 2269 2718 non
2294 2678 2459 2733 posse
2491 2678 2614 2719 esse
2635 2665 2939 2734 peccatum
2962 2661 3023 2718 in
3044 2659 3431 2720 daemonibus.
3472 2659 3581 2718 470

2079 2749 2377 2808 Articulus
2405 2751 2584 2806 LXXI.
2618 2752 2921 2818 Quomodo
2966 2750 3026 2807 in
3066 2748 3433 2808 daemonibus

2154 2843 2457 2914 peccatum
2488 2841 2693 2898 cadere
2722 2842 2895 2912 queat
2954 2879 3433 2896 ......
3472 2837 3581 2898 472

2081 2929 2371 2988 Articulus
2417 2931 2625 2987 LXXII.
2674 2931 2751 2986 De
2798 2928 3087 2988 solutione
3138 2927 3435 2988 rationum

2156 3035 2287 3092 quae
2316 3019 2531 3076 fiebant
2573 3057 3433 3075 ..........
3472 3015 3580 3080 473

2080 3107 2378 3166 Articulus
2420 3107 2655 3165 LXXIII.
2703 3109 2779 3164 De
2826 3109 3193 3166 sacramento
3222 3105 3441 3165 Eucha-

2155 3199 2337 3256 ristiae
2403 3239 3435 3254 ............
3474 3196 3584 3255 474

2083 3288 2377 3346 Articulus
2406 3289 2635 3348 LXXIV.
2668 3287 2818 3354 Quid
2850 3287 2919 3344 de
2946 3291 3316 3346 sacramento
3334 3287 3443 3344 Eu-

2156 3378 2447 3435 charistiae
2478 3377 2801 3434 orthodoxa
2830 3376 2975 3435 fides
3002 3379 3197 3436 teneat
3236 3420 3248 3432 .
3330 3419 3343 3434 .
3422 3420 3435 3433 .
3474 3377 3585 3438 475

2083 3467 2379 3526 Articulus
2427 3468 2631 3523 LXXV.
2692 3467 3059 3540 ObJectiones
3112 3465 3441 3524 infidelium

2158 3561 2361 3614 contra
2398 3560 2835 3614 sacramentum
2874 3554 3253 3614 Eucharistiae
3288 3571 3445 3614 com-

2156 3646 2430 3720 plectitur
2488 3686 3439 3704 ............
3480 3645 3588 3706 476

2082 3735 2381 3793 Articulus
2410 3735 2636 3792 Lxxvl.
2668 3735 2737 3790 Et
2764 3737 2853 3791 est
2880 3735 3275 3807 quarumdam
3306 3751 3443 3792 con-

2156 3823 2580 3882 siderationum
2638 3823 3013 3886 introductio,
3062 3821 3275 3896 quibus
3320 3822 3443 3882 elu-

2156 3913 2331 3972 cescit
2359 3913 2441 3970 nil
2473 3929 2713 3986 prorsus
2741 3910 3102 3985 impossibile
3134 3911 3287 3968 hanc
3308 3911 3441 3970 fidei

2159 4002 2487 4058 doctrinam
2518 4000 2817 4058 continere
2872 4041 3441 4057 .......
3480 4001 3585 4060 477

2085 4091 2382 4148 Articulus
2400 4092 2655 4147 LXXVII.
2680 4093 2759 4148 De
2780 4089 3155 4148 conversione
3175 4089 3443 4148 substan·

2156 4181 2253 4237 tiae
2283 4180 2452 4253 panis
2494 4197 2561 4237 ac
2598 4180 2719 4236 vini
2760 4179 2819 4236 in
2860 4195 3071 4253 corpus
3110 4184 3170 4238 et
3210 4179 3444 4254 sangui-

2160 4287 2295 4327 nem
2327 4269 2535 4326 Christi
2571 4287 2583 4325 :
2614 4269 2676 4326 in
2720 4284 2835 4343 quo
2872 4270 3179 4328 solvuntur
3205 4288 3276 4329 ea
3310 4287 3442 4344 quae

2157 4378 2227 4417 ex
2260 4363 2421 4432 parte
2444 4359 2839 4417 conversionis
2866 4359 3039 4432 paulo
3060 4364 3195 4420 ante
3214 4361 3442 4435 objecta

2158 4454 2295 4506 sunt
2319 4490 3439 4506 .............
3478 4451 3587 4507 479

2085 4540 2381 4598 Articulus
2435 4539 2715 4595 LXXVIII.
2776 4540 2853 4596 De
2912 4541 3087 4596 modo
3140 4539 3446 4597 locationis

2160 4627 2419 4701 corporis
2448 4627 2658 4684 Christi
2690 4628 2797 4685 sub
2826 4627 3129 4699 speciebus
3156 4628 3361 4687 hostias
3427 4671 3441 4684 .
3480 4629 3587 4686 480

2085 4717 2383 4774 Articulus
2426 4718 2653 4774 LXXIX.
2704 4715 2927 4772 Solutio
2973 4716 3271 4774 rationum
3312 4734 3445 4791 quae

2160 4824 2231 4864 ex
2262 4810 2423 4880 parte
2453 4806 2563 4863 loci
2596 4805 3025 4878 objiciebantur
3056 4850 3439 4865 .....
3480 4808 3587 4864 482

2086 4897 2383 4954 Articulus
2411 4897 2612 4953 LXXX.
2656 4896 2723 4950 Et
2760 4899 2846 4952 est
2883 4896 3215 4968 explanatio
3244 4914 3447 4971 quem-

2159 4987 2479 5042 admodum
2510 4983 2835 5041 accidentia
2854 4985 3079 5056 possint
3100 5003 3202 5059 per
3228 5004 3287 5044 se
3309 4989 3443 5046 sub-

2160 5075 2361 5134 sistere
2390 5075 2450 5131 in
2479 5076 2845 5131 sacramento
2877 5075 3256 5132 Eucharistiae
3330 5119 3343 5132 .
3425 5120 3438 5133 .
3477 5078 3585 5134 483

2086 5165 2381 5221 Articulus
2429 5165 2653 5221 LXXXI.
2704 5163 2924 5221 Solutio
2972 5162 3263 5222 rationum
3310 5183 3441 5240 quoe

2160 5258 2361 5311 contra
2416 5253 2807 5311 accidentium
2866 5255 3293 5327 separationem
3349 5257 3436 5315 in-

2158 5344 2349 5404 ductae
2376 5345 2514 5400 sunt
2589 5385 2601 5397 .
2680 5384 2693 5398 .
