4300 6259
981 472 1402 521 simma-no
1442 470 1902 519 mansorum.
1947 489 2028 501 —
2069 471 2148 519 nn
2190 472 2558 520 conromnus
2600 472 2987 521 coemsrmns
3456 452 3535 516 73

429 640 650 723 picum
699 642 1066 707 hiemalem.
1111 643 1314 707 Motus
1363 661 1514 707 vero
1564 643 1786 726 planes
1833 649 1932 706 est
1960 641 2013 706 A
2043 643 2289 725 sphaera
2346 643 2582 719 Martis,
2638 653 2897 728 propter
2954 643 3231 707 calidum
3293 652 3358 708 et
3415 644 3535 709 sic-

429 758 624 823 super
654 742 838 823 polos
868 743 1096 807 circuli
1125 742 1612 825 aequinoctialis,
1645 750 1710 805 et
1737 760 1932 825 super

429 838 706 903 circulos
763 840 846 905 ab
902 841 1330 924 aequinoctiali
1387 860 1568 923 aeque
1625 842 1931 905 distantes

427 938 512 1000 ad
575 946 824 1020 partem
894 948 1248 1023 utramque.
1311 941 1566 1015 Quart0,
1628 940 1930 1023 quoniam

429 1054 634 1119 quum
679 1038 746 1101 in
794 1038 1206 1103 inferioribus
1248 1040 1332 1101 sit
1372 1038 1706 1102 diversitas
1752 1038 1816 1101 in
1857 1037 1932 1100 fi-

430 1153 612 1215 gum,
675 1136 1012 1201 diversitas
1069 1156 1326 1221 quoque
1382 1137 1810 1218 generationis
1867 1146 1930 1200 et

427 1233 848 1311 alterationiS,
885 1254 960 1299 ac
991 1230 1294 1299 'motuum
1337 1236 1634 1308 aliorum,
1675 1234 1753 1297 ad
1795 1235 1931 1298 haec

429 1334 776 1409 causanda,
811 1343 960 1398 sunt
987 1334 1175 1397 orbes
1213 1352 1286 1397 ac
1317 1334 1464 1398 coeli
1495 1333 1830 1397 difformes
1861 1334 1930 1396 in

429 1432 724 1515 partibus
769 1440 832 1495 et
875 1434 940 1496 in
989 1442 1185 1497 motu.
1219 1434 1482 1509 RursuS,
1517 1434 1582 1495 in
1617 1430 1930 1495 inferiori-

429 1530 556 1593 bus
599 1540 700 1593 est
745 1532 1150 1595 uniformitas
1195 1533 1486 1614 quaedam
1537 1550 1649 1595 seu
1703 1548 1930 1593 conve·

429 1628 678 1692 nientia
721 1630 786 1693 in
831 1649 971 1694 esse
1011 1629 1342 1713 specifico,
1385 1638 1450 1693 et
1489 1630 1640 1693 item
1687 1628 1752 1691 in
1793 1646 1930 1691 esse

429 1728 752 1809 generice.
805 1726 1064 1811 Oportet
1123 1746 1276 1809 ergo
1328 1729 1498 1811 quod
1556 1728 1640 1790 sit
1695 1726 1930 1790 coelum

2044 760 2194 805 curn
2250 742 2647 806 dominantia
2706 744 2773 806 in
2830 761 2927 818 eo,
2988 750 3202 807 movet
3260 744 3537 807 calidum

2041 840 2347 916 ustivum‚
2381 842 2548 923 quod
2590 842 3065 925 superfluorum
3108 848 3205 906 est
3244 859 3537 905 consum-

2044 940 2293 1022 ptivum
2356 940 2847 1022 impedientium
2906 941 3399 1022 generationem.
3463 940 3541 1003 At

2043 1055 2197 1101 vero
2245 1038 2493 1120 sphaera
2542 1039 2716 1113 soliS,
2767 1048 3029 1123 propter
3078 1040 3297 1102 lumen
3350 1040 3414 1102 in
3464 1057 3541 1103 eo

2041 1136 2531 1219 praedominanS,
2564 1138 2927 1202 accedendo
2974 1146 3187 1201 movet
3229 1139 3307 1201 ad
3351 1158 3539 1219 gene-

2041 1235 2376 1309 rationem,
2410 1242 2472 1297 et
2516 1236 2891 1308 recedendo,
2927 1238 3005 1299 ad
3038 1237 3533 1319 corruptionem.

2042 1333 2302 1416 Spbaera
2344 1340 2561 1397 autem
2604 1334 2889 1409 VeneriS,
2933 1342 3195 1417 propter
3232 1334 3537 1416 frigidum

2040 1439 2108 1493 et
2150 1430 2491 1494 humidum
2541 1450 2683 1513 quae
2732 1440 2883 1495 sunt
2930 1432 2996 1495 in
3046 1450 3119 1495 ea
3162 1438 3535 1513 temperate,

2042 1535 2257 1591 movet
2299 1528 2637 1591 humidum
2682 1528 3209 1612 complexionale,
3242 1527 3411 1611 quod
3442 1534 3539 1590 est

2042 1627 2223 1709 quasi
2286 1627 2552 1690 materia
2608 1628 3036 1709 generationis
3094 1635 3159 1690 et
3212 1626 3535 1708 augmenti

2043 1725 2108 1786 in
2143 1724 2575 1788 inferioribus.
2611 1727 2801 1789 Porro
2840 1726 3011 1789 orbis
3050 1726 3365 1799 Mercurii,
3400 1742 3540 1809 pro-

431 1826 694 1909 aliquod
753 1826 1076 1890 uniforme
1133 1826 1416 1890 influens
1485 1826 1785 1889 virtutem
1853 1824 1930 1887 ad
1969 1826 2015 1889 B
2047 1829 2188 1905 pter
2232 1823 2623 1906 multiplices
2668 1841 2815 1887 suos
2860 1833 3067 1888 motus
3109 1824 3381 1887 multum
3422 1823 3541 1886 dif-

433 1926 985 1989 conservationem
1027 1926 1266 2008 speciei
1311 1944 1386 1988 ac
1427 1924 1680 2006 generis
1713 1942 1728 1986 t
1762 1924 1932 2006 quod

431 2030 688 2105 oportet
745 2023 1067 2087 uniforme
1123 2042 1264 2087 esse
1324 2024 1390 2086 in
1451 2022 1742 2105 partibus
1799 2022 1933 2084 suis

431 2140 510 2183 ac
561 2122 624 2183 in
679 2129 878 2185 motu.
931 2122 1106 2197 Quod
1165 2122 1404 2186 coelum
1463 2122 1740 2185 dicimus
1798 2139 1934 2204 cry-

435 2219 790 2283 stallinum.

520 2318 810 2401 Denique
867 2318 1084 2381 multae
1143 2326 1292 2381 sunt
1349 2316 1801 2381 difformitates
1869 2318 1933 2379 in

435 2414 620 2489 coelo,
655 2416 958 2479 videlicet
985 2417 1280 2479 dextrum
1311 2424 1374 2479 et
1405 2416 1758 2489 sinistrum,
1789 2422 1934 2478 ante

435 2520 504 2576 et
529 2520 720 2587 retro,
753 2532 1006 2577 sursum
1047 2523 1112 2577 et
1149 2515 1471 2577 deorsum.
1515 2515 1606 2577 Ad
1646 2520 1936 2575 austrum

435 2630 718 2694 namque
747 2620 846 2675 est
881 2620 1049 2687 ante,
1081 2621 1145 2677 et
1189 2620 1358 2677 retro
1401 2612 1478 2675 ad
1523 2611 1934 2694 aquilonem3

434 2730 691 2773 sursum
728 2730 878 2774 vero
917 2718 978 2773 et
1018 2712 1316 2775 deorsum
1361 2711 1425 2773 in
1469 2710 1824 2773 elevatione
1863 2728 1936 2771 ac

433 2810 848 2891 depressione
890 2810 1188 2891 praefatis,
1222 2828 1334 2872 seu
1377 2817 1567 2891 prout
1603 2827 1768 2870 unus
1808 2808 1938 2891 pla-

431 2916 580 2970 neta
639 2908 942 2990 praevalet
999 2908 1220 2972 virtuti
1281 2908 1566 2980 alteriuS,
1627 2915 1690 2969 et
1749 2914 1936 2989 prout

2044 1922 2305 1995 formes,
2342 1939 2597 1986 movere
2628 1923 2816 1987 habet
2848 1924 3187 1986 humidum
3221 1922 3539 1995 fluxibile,

2046 2021 2397 2103 praesertim
2441 2022 2710 2094 aerium,
2744 2023 2823 2085 ad
2868 2022 3151 2086 diversas
3198 2021 3436 2103 figuras
3480 2029 3540 2084 et

2043 2118 2576 2201 formaS.Sphaera
2604 2120 2865 2183 demum
2900 2120 3083 2193 lunae,
3108 2139 3308 2203 quum
3340 2119 3423 2181 sit
3452 2118 3544 2181 in·

2045 2217 2221 2291 fima‚
2239 2224 2451 2280 movet
2479 2218 2818 2281 humidum
2840 2219 3227 2282 elementare
3246 2237 3539 2301 aqueum,

2043 2316 2120 2379 ad
2164 2316 2283 2379 hoc
2323 2316 2493 2398 quod
2538 2324 2868 2379 moveatur
2894 2317 2976 2380 ad
3020 2317 3393 2380 mixtionem
3439 2335 3541 2397 ge-

2044 2413 2427 2477 nerabilium
2460 2422 2523 2477 et
2560 2415 3075 2497 corruptibilium
3118 2422 3534 2477 terrenorum.

2044 2511 2262 2594 Itaque
2330 2512 2771 2595 unusquisque
2838 2511 3092 2575 orbium
3164 2510 3539 2575 inferiorum

2045 2628 2191 2673 cum
2235 2628 2353 2673 suo
2392 2610 2645 2693 planeta
2686 2618 2897 2674 movet
2934 2611 3012 2673 ad
3054 2630 3253 2673 unum
3298 2611 3360 2674 in
3402 2630 3541 2693 spe-

2045 2708 2423 2791 ciali,atque
2454 2710 2531 2771 ad
2566 2707 2723 2770 illud
2754 2708 3207 2791 complendum
3238 2708 3540 2789 adjuvant

2046 2806 2335 2869 omnium
2370 2808 2773 2889 superiorum
2806 2807 3074 2868 virtutes
3105 2807 3497 2889 sphaerarum
3526 2823 3538 2868 ε

2045 2904 2349 2985 quoniam
2400 2904 2783 2985 generaliter
2832 2922 3055 2967 verum
3106 2912 3203 2966 est
3254 2904 3317 2965 in
3366 2906 3541 2968 omni

431 3025 602 3069 unus
631 3006 922 3069 ascendit
953 3006 1016 3068 in
1049 3006 1362 3089 epicyclo,
1395 3014 1460 3069 et
1487 3006 1646 3067 alter
1677 3006 1937 3067 descen·
1969 3003 2014 3068 C
2047 3009 2294 3075 natura,
2354 3003 2523 3084 quod
2588 3002 2755 3065 sicut
2810 3002 3140 3085 superiora
3197 3002 3543 3065 virtutibus

431 3104 548 3177 dit,
588 3112 654 3167 et
693 3124 862 3167 unus
905 3104 1222 3185 dirigitur,
1265 3104 1426 3168 alter
1469 3122 1620 3167 vero
1665 3111 1788 3166 stat
1827 3113 1937 3166 aut

431 3202 778 3267 retrocedit
837 3220 852 3265 z
911 3203 1090 3284 juxta
1152 3205 1323 3285 quod
1389 3203 1476 3265 ait
1533 3202 1936 3277 Albumasar,

429 3302 604 3385 quod
648 3302 702 3364 si
743 3300 838 3363 sol
883 3301 1170 3365 ascendit
1209 3320 1404 3383 super
1443 3300 1828 3364 Mercurium
1875 3308 1938 3363 et

433 3400 678 3473 lunam,
719 3408 785 3463 et
824 3399 1165 3480 adjuvatur
1205 3418 1242 3462 a
1285 3400 1498 3475 Marte,
1541 3398 1694 3461 facit
1736 3399 1936 3480 longi·

429 3498 725 3562 tudinem
771 3497 1128 3561 serenitatis
1172 3506 1236 3560 et
1279 3498 1624 3576 siccitatis3
1657 3498 1711 3560 si
1750 3515 1934 3560 econ-

428 3597 630 3659 trario
675 3596 890 3667 fuerit,
938 3595 1334 3677 significabit
1379 3596 1829 3659 humiditatem
1873 3602 1936 3658 et

433 3694 692 3777 pluvias
736 3694 976 3775 longas.

516 3794 803 3875 Denique
833 3792 1206 3856 Ptolemaeus
1251 3794 1316 3855 in
1347 3793 1838 3875 Quadripertito,
1872 3802 1936 3856 et

425 3890 812 3954 Albumasar
849 3891 916 3953 in
956 3891 1417 3955 Introductorio
1457 3892 1704 3973 maiori,
1736 3890 1938 3954 faten-

427 3996 540 4051 tur
571 3988 742 4069 quod
769 3988 1048 4050 fixarum
1081 3988 1330 4071 sphaera
1359 3989 1688 4052 stellarum
1723 3998 1935 4053 movet

427 4093 736 4149 contenta
793 4086 858 4147 in
916 4083 1106 4159 terra,
1157 4086 1233 4148 ad
1289 4087 1789 4168 imprimendum
1843 4088 1934 4149 eis

2047 3099 2181 3163 suis
2222 3100 2571 3163 informant
2614 3100 2937 3175 inferiora,
2971 3101 3063 3164 sic
3108 3100 3409 3164 inferiora
3452 3120 3543 3165 re-

2047 3197 2369 3279 stringunt
2398 3206 2587 3281 atque
2632 3199 3059 3261 determinant
3097 3200 3425 3284 superiora
3463 3200 3540 3263 ad

2047 3296 2291 3379 aliquid
2334 3296 2627 3379 speciale.

2396 3506 2921 3574 PRoPosmo
2968 3472 3210 3573 Lv1i1.

2137 3690 2251 3757 De
2336 3691 2783 3759 coelestium
2868 3692 3183 3761 orbium
3264 3694 3543 3761 mutua

2047 3792 2672 3872 propinquitate,
2722 3791 3263 3873 spissitudine,
3311 3806 3543 3870 gran-

2047 3889 2323 3969 ditate,
2344 3893 3053 3971 oomproportione‚
3085 3892 3348 3958 certas
3378 3905 3545 3957 sen—

2047 3988 2343 4054 tentias
2430 4002 2809 4069 reserare,
2874 3989 3540 4056 imbecillitatem

2045 4088 2538 4153 transcendit
2566 4086 3109 4169 inquisitionis
3148 4088 3537 4156 humanae.

431 4184 916 4249 multitudinem
961 4182 1316 4265 figurarum
1365 4183 1832 4265 generabilium
1872 4194 1934 4247 et
1965 4189 2014 4252 D
2127 4184 2303 4259 Quod
2332 4192 2449 4257 est,
2484 4186 2633 4267 quia
2665 4186 2943 4249 humana
2972 4187 3251 4267 cognitio
3280 4206 3315 4249 a
3346 4188 3543 4251 sensi-

428 4282 954 4364 corruptibilium
989 4300 1223 4345 rerum.
1258 4283 1516 4365 Sphaera
1547 4301 1698 4346 vero
1728 4284 1937 4348 Satur·

429 4382 528 4455 ni,
561 4388 822 4463 propter
850 4380 1096 4443 siccum
1129 4388 1192 4442 et
1223 4379 1528 4461 frigidum
1561 4400 1704 4462 qua)
1734 4380 1933 4443 abun·

428 4481 588 4543 dant
618 4487 683 4543 et
710 4478 1120 4542 dominantur
1149 4479 1212 4541 in
1245 4496 1320 4542 eo
1349 4480 1709 4554 causaliter,
1745 4479 1935 4543 habet

429 4580 500 4641 in
531 4578 712 4641 omni
739 4576 1092 4659 generabili
1122 4584 1188 4640 et
1231 4578 1636 4661 corruptibili
1679 4596 1933 4643 movere

425 4677 510 4740 ad
540 4674 1020 4740 consistentiam
1051 4683 1117 4739 et
1145 4676 1589 4750 retentionem,
1623 4676 1775 4759 quia
1801 4684 1931 4740 tam

423 4778 676 4841 siccum
736 4793 932 4858 quam
990 4774 1295 4855 frigidum
1357 4775 1524 4859 parit
1581 4776 1930 4857 potentiam

425 4874 832 4939 retentivam.
877 4872 1134 4955 Sphaera
1177 4880 1390 4936 autem
1435 4874 1630 4948 Jovis,
1677 4892 1792 4956 per
1835 4894 1931 4937 ca·

422 4974 634 5037 lidum
693 4980 757 5036 et
815 4970 1158 5035 humidum
1215 4990 1359 5055 quae
1406 4971 1816 5035 dominantur
1863 4972 1927 5036 in

419 5090 506 5136 eo
566 5071 737 5135 sicut
806 5070 872 5132 in
937 5069 1142 5151 signo,
1201 5068 1394 5132 habet
1463 5087 1718 5133 movere
1778 5070 1928 5133 cali-

416 5172 580 5235 dum
617 5178 684 5233 et
724 5166 1092 5243 humidum,
1132 5187 1274 5250 quae
1314 5176 1464 5231 sunt
1499 5169 1928 5250 generatioms

414 5269 746 5353 principia
805 5265 874 5330 in
929 5266 1104 5331 omni
1155 5266 1684 5350 complexionato.
1735 5268 1926 5333 Porro

2045 4284 2175 4345 tiva
2203 4284 2713 4365 apprehensione
2734 4286 2929 4347 sumit
2950 4286 3275 4349 exordium
3295 4307 3542 4369 3quum-

2043 4401 2169 4465 que
2218 4383 2297 4445 de
2341 4382 2526 4445 nobis
2574 4384 2729 4466 ipsis
2772 4392 2836 4445 et
2881 4384 3125 4447 infimis
3170 4386 3362 4449 rebus
3412 4394 3537 4449 tam

2047 4482 2361 4543 modicam
2395 4480 2740 4545 babeamus
2773 4502 2987 4545 veram
3026 4502 3099 4546 ac
3141 4493 3375 4547 certam
3420 4486 3539 4549 sci-

2043 4579 2305 4653 entiam,
2358 4588 2603 4643 certum
2664 4589 2761 4643 est
2819 4582 2989 4664 quod
3048 4583 3126 4645 de
3175 4583 3540 4646 coelestibus

2043 4676 2173 4740 illis
2212 4678 2611 4760 corporibuS,
2654 4697 2795 4762 quae
2840 4680 2941 4742 vel
2988 4680 3124 4744 solo
3166 4682 3307 4744 visu
3352 4700 3540 4763 agno·

2042 4775 2307 4847 scimus,
2341 4777 2441 4840 vel
2471 4777 2571 4857 (ut
2600 4777 2785 4840 multi
2816 4778 3211 4860 existimant)
3238 4798 3357 4843 nec
3396 4781 3540 4843 visu

2041 4892 2161 4937 nec
2209 4874 2334 4939 alio
2385 4876 2681 4939 exteriori
2732 4877 3274 4960 apprehendimus
3322 4898 3536 4955 sensu,

2043 4973 2481 5055 permodicam
2544 4974 2853 5037 habemus
2915 4983 3151 5038 certam
3221 4978 3533 5042 notitiam.

2039 5072 2169 5136 Hoc
2214 5091 2469 5155 quoque
2516 5073 2857 5137 innotescit
2900 5074 3071 5149 hinc,
3106 5076 3275 5157 quod
3319 5076 3386 5138 hi
3428 5079 3538 5160 qui

2041 5170 2106 5233 in
2155 5170 2496 5252 astrologia
2545 5171 2879 5254 peritiores
2930 5172 3129 5237 fuisse
3179 5183 3535 5249 narrantur,

2037 5277 2169 5332 tam
2209 5270 2657 5333 dissentientes
2700 5270 2777 5335 ab
2820 5271 3099 5337 invicem
3139 5274 3534 5339 exstiterunt.
