4300 6259
624 1462 705 1505 Ps.
718 1472 879 1511 mxxvi,

660 5117 745 5157 art.
773 5125 871 5164 xcii,

908 466 1027 530 414

908 655 1077 717 sicut
1133 656 1411 720 animam
1463 656 1713 738 corpori
1766 654 1957 728 uniri,
2008 662 2073 717 et
2120 655 2214 717 sic
2271 673 2409 717 cru·
2439 654 2490 717 A

910 753 1088 815 ciari.
1122 754 1458 837 Propterea
1488 754 1877 817 confitemur
1904 753 1997 815 sic
2030 752 2139 814 Dei
2175 752 2407 813 Filium

908 858 1190 915 nostram
1220 853 1645 934 assumpsisse
1675 858 1988 925 naturam,
2024 858 2093 911 ut
2131 850 2230 911 sui
2269 869 2409 913 esse

911 950 1153 1031 puritas
1182 958 1367 1033 atque
1389 969 1723 1031 congeneae
1756 950 2078 1013 felicitatis
2110 949 2406 1029 dignitaS,

910 1067 1025 1129 per
1051 1057 1445 1131 assumptam
1489 1058 1781 1111 naturam
1824 1049 1889 1111 in
1930 1048 2109 1110 nullo
2148 1064 2410 1129 prorsus

908 1146 1361 1210 detrimentum
1409 1148 1749 1230 patiantur.

986 1246 1314 1319 Praeterea,
1364 1247 1717 1309 secundum
1770 1246 2013 1319 Arium,
2068 1261 2194 1306 non
2241 1249 2408 1307 esset

909 1342 1194 1406 Christus
1223 1362 1414 1406 verus
1445 1344 1654 1406 homo.
1691 1344 1917 1405 Contra
1948 1343 2119 1425 quod
2150 1340 2213 1401 in
2246 1340 2408 1403 Psal-

911 1459 1014 1504 mo
1057 1441 1292 1503 dicitur
1340 1460 1353 1504 :
1400 1442 1724 1523 Numquid
1776 1442 1923 1503 Sion
1972 1441 2163 1513 dicet,
2207 1440 2405 1501 Homo

907 1548 971 1603 et
1018 1541 1211 1604 homo
1249 1550 1433 1605 natus
1472 1550 1569 1604 est
1614 1542 1676 1603 in
1722 1544 1840 1603 ea?
1880 1540 1999 1602 Sed
2050 1539 2407 1601 ostenditur

906 1640 1185 1721 sequela.
1222 1640 1447 1704 Forma
1482 1640 1656 1703 enim
1700 1639 1963 1719 largitur
2004 1638 2309 1720 speciem,
2343 1644 2408 1698 et

904 1758 941 1799 a
1001 1738 1206 1801 forma
1262 1739 1525 1803 sortitur
1583 1737 2087 1820 unumquodque
2144 1753 2283 1799 esse
2341 1743 2404 1797 et

1500 486 1578 531 m:
1620 484 1847 532 anNE
1889 482 2272 530 cumsTIANAE
2314 481 2614 541 TutomAE,
2661 484 2836 531 LIBER
2879 486 2941 531 ΙΙ.
2987 504 3068 515 —-
3109 486 3247 533 ΛΒΤ.
3295 488 3426 535 xxu

2891 660 3382 727 ARTICULUS
3425 662 3647 726 XXII.

2519 793 2605 851 Ec
2645 800 2736 850 est
2776 794 3012 852 solutio
3051 795 3525 859 auctoritatum
3557 813 3702 872 quae
3731 794 3798 852 in
3824 812 3976 868 supe·

2602 881 2893 940 rioribus
2923 883 3320 942 videbantur
3343 882 3802 959 fulcimentum
3833 900 3976 957 prae-

2603 970 2748 1028 bere
2786 972 3107 1045 positioni
3149 972 3332 1032 Arii.

2527 1142 2815 1344 QUOD
2848 1147 3040 1228 igitur
3070 1148 3461 1211 induxerunt
3487 1148 3724 1221 Ariani,
3751 1167 3864 1212 non
3899 1168 3977 1211 es·
3997 1172 4057 1208 ιιι
4079 1181 4136 1209 η.

2692 1263 2759 1306 56
2793 1244 3250 1309 inconveniens
3281 1249 3451 1329 quod
3491 1266 3722 1310 nomen
3753 1247 3853 1310 Dei
3887 1256 3980 1309 aut

2520 1343 2753 1407 divinae
2823 1342 3154 1407 filiationis
3223 1346 3532 1408 creaturis
3595 1346 3976 1421 adscribatur,

2517 1443 2648 1523 jam
2698 1442 2980 1505 solutum
3029 1450 3144 1517 est,
3187 1452 3250 1506 et
3296 1451 3624 1508 ostensum
3675 1444 3834 1527 quod
3872 1462 3977 1507 non

2519 1542 2602 1603 sit
2659 1540 3008 1604 conformis
3058 1543 3216 1605 ratio
3264 1562 3390 1625 qua
3439 1543 3726 1607 Christus
3777 1544 3981 1605 dicitur

2519 1640 2629 1702 Dei
2679 1640 2898 1713 Filius,
2949 1647 3014 1702 et
3069 1649 3295 1704 ceterae
3352 1641 3642 1723 quaedam
3691 1650 3976 1704 creaturae.

2597 1738 2770 1811 Quod
2805 1737 3069 1819 insuper
3101 1738 3435 1813 inducunt,
3468 1740 3712 1803 Patrem
3741 1759 3870 1802 csse-
3901 1758 3981 1802 so-

905 1838 1239 1901 rationem.
1291 1838 1408 1901 Sed
1456 1836 1733 1900 Verbum
1780 1836 1887 1899 Dei
1932 1836 2128 1917 (quod
2179 1853 2402 1897 secun·
2443 1838 2488 1901 B
2519 1837 2652 1899 lum
2687 1856 2910 1899 verum
2943 1837 3166 1911 Deum,
3209 1838 3299 1899 nil
3343 1839 3670 1902 convincit
3701 1858 3714 1901 :
3745 1839 3820 1901 de
3855 1858 3980 1921 qua·

904 1937 1058 1999 dum
1089 1937 1310 1999 Arium
1346 1944 1626 2000 creatum
1658 1937 1781 2016 est)
1811 1954 1938 1998 non
1978 1942 2074 1997 est
2112 1934 2402 2015 ejusdem

905 2043 1146 2098 naturae
1195 2054 1342 2098 cum
1400 2035 1615 2097 anima
1671 2033 1961 2096 rationali
2014 2051 2028 2095 ε
2082 2033 2211 2095 imo
2262 2032 2405 2114 plus

905 2134 1097 2195 distat
1124 2134 1203 2195 ab
1234 2135 1447 2196 anima
1476 2153 1667 2217 quam
1707 2133 1922 2195 anima
1960 2132 2284 2195 rationalis
2324 2131 2404 2193 ab

904 2232 1118 2295 anima
1156 2230 1364 2294 solum
1394 2230 1718 2303 sensitiva,
1752 2248 1893 2312 quae
1934 2228 2300 2291 immediate
2339 2228 2404 2289 in

906 2330 1240 2393 ordinibus
1289 2329 1638 2392 formarum
1689 2328 2071 2390 naturalium
2117 2328 2408 2409 sequitur

904 2430 1181 2492 animam
1245 2428 1635 2490 rationalem.
1699 2427 1833 2490 Non
1902 2444 2052 2508 ergo
2119 2427 2406 2489 Christus

906 2546 1021 2609 per
1076 2534 1369 2589 naturam
1425 2526 1617 2589 Verbi
1676 2533 2018 2608 poneretur
2076 2526 2139 2587 in
2191 2525 2406 2606 specie

904 2626 1202 2689 humana.
1221 2626 1283 2689 Si
1318 2626 1511 2707 igitur
1538 2643 1664 2688 non
1696 2624 1885 2687 habet
1917 2642 2149 2707 corpus
2173 2623 2404 2687 Christi

901 2726 1180 2788 animam
1222 2724 1513 2804 ejusdem
1554 2724 1815 2787 rationis
1858 2742 2005 2785 cum
2046 2731 2403 2785 ceterorum

903 2824 1237 2887 hominum
1268 2821 1627 2895 animabus,
1661 2840 1788 2885 non
1830 2822 1953 2883 erit
1980 2821 2268 2883 Christus
2299 2838 2404 2882 ve-

902 2942 1011 2984 rus
1040 2923 1251 2985 homo.
1285 2922 1419 2995 Quo
1458 2920 1625 2995 dat0,
1658 2921 1949 3002 sequitur
1984 2920 2156 3001 quod
2195 2937 2404 3000 neque

2518 1936 2676 1999 libet
2703 1936 2875 1997 enim
2916 1935 3112 1998 trium
3155 1954 3573 2018 personarum
3614 1938 3737 1999 dici
3781 1946 3977 2020 potest,

2516 2034 2685 2117 quod
2735 2034 2818 2096 sit
2865 2034 3037 2097 solus
3077 2035 3264 2107 Deus,
3299 2036 3472 2099 solus
3513 2036 3794 2111 SanctuS,
3833 2036 3982 2099 solus

2515 2134 2847 2206 Dominus,
2876 2133 3051 2195 solus
3081 2133 3466 2197 Altissimus.
3503 2134 3657 2197 Nam
3698 2134 3840 2217 quia
3877 2154 3982 2197 una

2517 2250 2783 2295 numero
2813 2241 2908 2294 est
2941 2232 3004 2293 in
3037 2232 3326 2314 personis
3355 2233 3676 2306 divinitu,
3699 2234 3979 2315 quidquid

2516 2332 2760 2395 ratione
2791 2331 3146 2393 divinitatis
3173 2332 3252 2393 de
3281 2352 3410 2395 una
3437 2331 3690 2406 dicitur,
3714 2333 3872 2395 idem
3901 2341 3982 2395 est

2514 2449 2588 2493 ac
2618 2430 2670 2492 si
2704 2430 2782 2491 de
2811 2430 2935 2491 alia
2965 2429 3302 2492 diceretur.
3338 2429 3582 2492 Dicitur
3615 2430 3801 2512 igitur
3827 2432 3980 2493 Pater

2516 2528 2688 2591 solus
2749 2529 2937 2601 DeuS,
3001 2545 3130 2591 non
3188 2528 3359 2609 quod
3419 2528 3618 2591 Filius
3671 2528 3808 2608 ejus
3870 2546 3978 2591 non

2515 2628 2595 2689 sit
2655 2626 2844 2699 DeuS,
2902 2627 3012 2689 sed
3071 2627 3222 2709 quia
3277 2643 3407 2688 non
3465 2632 3564 2689 est
3617 2627 3778 2690 Deus
3836 2626 3977 2688 alius

2513 2725 2593 2787 ab
2641 2742 2716 2787 eo
2769 2742 2782 2786 :
2835 2724 3004 2785 sicut
3049 2724 3360 2806 scriptum
3409 2731 3528 2797 est,
3573 2723 3788 2787 Videte
3831 2724 3976 2807 quod
3997 2745 4182 2787 omma
4223 2742 4225 2759 ²

2514 2841 2629 2904 ego
2671 2824 2791 2885 sim
2833 2822 3026 2896 soluS‚
3059 2830 3125 2885 et
3163 2840 3290 2885 non
3331 2822 3412 2884 sit
3449 2822 3614 2885 alius
3644 2824 3803 2885 Deus
3843 2811 4050 2905 prm-³⁹·

2514 2929 2608 2985 ter
2652 2940 2776 2984 me.

902 3020 1085 3083 beata
1128 3022 1306 3101 virgo
1347 3020 1539 3082 Maria
1586 3020 1669 3082 sit
1712 3038 1857 3081 vera
1904 3026 2103 3081 mater
2144 3018 2397 3082 Christi.
2438 3019 2482 3083 C
2595 3020 2902 3103 Denique,
2937 3019 3106 3101 quod
3148 3019 3342 3081 Filius
3386 3019 3626 3082 dicitur
3667 3021 3863 3083 minor
3887 3020 3976 3081 Pa-

901 3121 969 3182 In
1001 3119 1367 3183 viventibus
1398 3138 1631 3201 nempe
1662 3137 1923 3181 necesse
1960 3126 2056 3181 est
2092 3136 2402 3199 generans

900 3226 965 3281 et
1004 3220 1290 3299 genitum
1334 3218 1624 3299 ejusdem
1669 3216 1907 3299 speciei
1950 3234 2108 3278 esse.
2145 3215 2404 3297 Oportet

898 3317 1072 3379 enim
1104 3325 1175 3378 ut
1202 3314 1380 3377 filius
1408 3314 1685 3377 hominis
1717 3315 1799 3376 sit
1829 3314 2200 3387 homo.Quis
2231 3332 2402 3375 nam-

898 3434 1023 3497 que
1076 3415 1245 3477 dicat
1290 3432 1578 3477 vermem
1628 3414 1737 3495 qui
1788 3433 1865 3476 ex
1914 3411 2175 3474 homine
2217 3430 2404 3492 gene-

898 3523 1095 3589 ratur,
1158 3532 1296 3577 esse
1357 3513 1569 3575 silium
1628 3510 1951 3575 hominis?
2009 3512 2145 3574 Non
2208 3511 2400 3591 igitur

896 3620 1063 3676 esset
1114 3612 1293 3694 virgo
1340 3612 1531 3675 Maria
1579 3630 1729 3673 vera
1787 3617 1986 3673 mater
2035 3609 2292 3683 Christi,
2345 3609 2399 3673 si

898 3730 1025 3775 non
1066 3718 1232 3774 esset
1271 3710 1557 3774 Christus
1599 3708 1921 3791 perlectus
1960 3727 2033 3769 66
2072 3726 2263 3769 verus
2296 3708 2401 3770 ho-

900 3828 1022 3874 mo.
1040 3812 1118 3873 At
1149 3828 1297 3873 vero
1317 3808 1597 3871 Verbum
1620 3807 1755 3881 Dei,
1780 3806 2131 3869 secundum
2150 3806 2398 3881 Arium,

897 3917 995 3970 est
1032 3908 1240 3971 solum
1283 3915 1523 3970 naturae
1568 3904 2041 3977 intellectuali8‚
2074 3924 2274 3986 quum
2319 3905 2401 3966 sit

896 4006 1209 4070 altissima
1267 4014 1576 4078 creatura,
1629 4004 1983 4066 secundum
2042 4022 2215 4065 eum.
2264 4003 2398 4066 Non

897 4124 1047 4187 ergo
1091 4112 1299 4187 potest
1339 4123 1477 4167 esse
1525 4102 1913 4185 principium
1954 4102 2398 4184 operationum

2514 3128 2608 3181 tre
2656 3138 2729 3181 ac
2775 3119 2834 3181 ei
2885 3118 3236 3198 subJ'ectuS‚
3281 3118 3529 3181 clarum
3577 3127 3674 3182 est
3717 3119 3830 3181 hoc
3868 3117 3975 3179 dici

2513 3218 2753 3280 ratione
2783 3223 3022 3280 naturae
3049 3224 3409 3298 assumptae.
3427 3216 3604 3290 Quod
3635 3234 3780 3281 vero
3806 3216 3978 3278 Filius

2511 3336 2547 3378 a
2589 3317 2768 3378 Patre
2813 3315 3098 3396 recipere
3128 3314 3386 3387 dicitur,
3420 3314 3826 3397 indigentiam
3867 3331 3974 3375 non

2514 3412 3035 3495 indicat.Recipit
3064 3412 3238 3474 enim
3270 3419 3466 3475 totam
3499 3413 3840 3475 divinitatis
3867 3411 3976 3493 ple-

2511 3512 2890 3585 nitudinem,
2943 3531 3084 3593 quae
3139 3530 3394 3575 omnem
3453 3511 3974 3594 imperfectionem

2512 3628 2771 3692 prorsus
2821 3609 3122 3672 excludit.
3173 3610 3294 3672 Sed
3343 3628 3418 3673 eo
3459 3609 3602 3692 ipso
3648 3628 3770 3692 quo
3805 3608 3974 3671 Filius

2511 3715 2628 3781 est,
2661 3725 2920 3769 necesse
2962 3714 3058 3769 est
3101 3715 3171 3769 ut
3213 3706 3292 3768 ab
3334 3706 3458 3770 alio
3499 3708 3604 3781 sit,
3637 3715 3701 3771 et
3733 3708 3792 3769 id
3827 3704 3974 3788 quod

2510 3814 2607 3869 est
2665 3806 2949 3887 recipiat.
3003 3805 3124 3867 Sed
3183 3805 3318 3868 haec
3375 3806 3660 3889 receptio
3716 3814 3806 3868 est
3853 3803 3974 3883 ejus

2508 3904 2850 3986 generatio.
2906 3902 3149 3965 Dicitur
3205 3910 3418 3965 autem
3467 3903 3666 3966 Filius
3723 3903 3870 3966 mitti
3923 3906 3974 3961 et

2510 4001 2850 4065 clarificari
2883 4000 3238 4064 secundum
3267 4008 3560 4064 naturam
3590 4008 3970 4084 assumptam.

2511 4102 2756 4165 Dicitur
2800 4109 3014 4163 autem
3065 4100 3262 4165 Filius
3307 4119 3344 4162 a
3385 4101 3564 4163 Patre
3611 4099 3877 4182 adjuvari
3919 4104 3972 4159 et

898 4204 1217 4267 sensitivae
1259 4221 1333 4264 ac
1378 4200 1751 4283 vegetabilis
1796 4200 2027 4262 animae
2068 4216 2081 4261 :
2125 4219 2268 4281 quae
2310 4208 2399 4262 ta·
2431 4202 2478 4263 D
2511 4198 2746 4271 doceri,
2781 4214 2908 4261 non
2943 4205 3012 4259 ut
3043 4196 3196 4259 insit
3225 4196 3283 4260 ei
3316 4195 3661 4259 infirmitas
3697 4203 3801 4259 aut
3825 4196 3975 4276 igno·

900 4321 1047 4364 men
1092 4301 1404 4363 veraciter
1448 4300 1509 4361 in
1557 4299 1805 4361 Christo
1850 4306 2028 4361 erant
2085 4306 2148 4360 et
2190 4298 2399 4361 adhuc
2512 4298 2736 4371 rantia,
2788 4315 2988 4379 quum
3044 4296 3226 4376 juxta
3281 4296 3682 4377 Apostolum,
3729 4294 3808 4358 sit
3853 4293 4178 4374 ipseicor.t=‡

900 4402 962 4464 in
1010 4418 1087 4463 eo
1128 4407 1279 4463 sunt
1321 4399 1640 4461 sensitivae
1688 4397 1886 4479 partis
1934 4398 2239 4460 actiones.
2286 4398 2401 4461 Ne-

896 4500 1243 4563 cessarium
1294 4505 1391 4561 est
1449 4515 1599 4577 ergo
1645 4496 1893 4558 Arianis
1944 4496 2100 4558 duas
2154 4497 2400 4559 animas

896 4600 963 4661 in
1014 4598 1263 4661 Christo
1310 4594 1629 4668 confiteri,
1676 4613 1867 4656 unam
1920 4595 2078 4657 citra
2117 4594 2398 4657 Verbum

898 4698 1068 4781 quod
1102 4698 1165 4759 in
1198 4695 1446 4759 Christo
1478 4702 1573 4757 est
1614 4693 1753 4756 loco
1793 4693 2117 4756 rationalis
2144 4693 2396 4768 anirnae,

900 4817 1042 4880 quae
1084 4796 1167 4859 sit
1208 4794 1511 4858 sensitiva
1563 4799 1625 4855 et
1677 4792 2065 4872 vegetabilis.
2115 4793 2243 4855 Hoc
2290 4812 2399 4855 au-

900 4904 1031 4959 tem
1062 4895 1327 4959 omnino
1357 4880 1706 4955 absurdum
1738 4899 1852 4953 est.
1880 4890 2014 4952 Non
2046 4891 2218 4952 enim
2251 4898 2401 4953 sunt

902 4996 967 5057 in
998 4994 1221 5057 eodem
1255 4992 1471 5075 plures
1502 4991 1724 5053 l'ormae
1764 4988 2234 5061 substantiale5‚
2281 4990 2402 5052 sic—

901 5102 972 5156 ut
1043 5093 1107 5154 in
1172 5092 1379 5174 primo
1436 5092 1939 5152 demonstratum
2001 5094 2114 5149 est.
2181 5088 2400 5170 Neque

900 5191 1194 5273 congruit
1236 5190 1300 5251 in
1344 5189 1592 5253 Christo
1636 5205 1871 5270 ponere
1911 5186 2195 5248 animam
2247 5187 2400 5249 irra-

898 5290 1201 5355 tionalem
1234 5308 1379 5351 cum
1411 5286 1765 5370 Apollinari
1792 5284 2110 5349 haereticO.

2511 4396 2712 4459 virtus
2755 4404 2820 4458 et
2862 4394 3186 4478 Sapientia
3215 4395 3448 4474 Patris3
3481 4395 3591 4457 sed
3633 4395 3780 4477 quia
3815 4390 3972 4475 quid·

2509 4496 2664 4578 quid
2697 4495 2892 4558 Filius
2933 4502 3030 4557 est
3066 4502 3178 4557 aut
3215 4493 3426 4568 habet,
3459 4512 3496 4556 a
3534 4494 3712 4557 Patre
3751 4490 3968 4573 recipit„

2509 4595 2677 4667 lde0,
2721 4593 2889 4657 sicut
2929 4612 2966 4656 a
3005 4594 3183 4655 Patre
3232 4593 3462 4675 recipit
3507 4593 3856 4663 essentiam,
3891 4589 3972 4650 sic

2509 4702 2572 4756 et
2614 4693 3010 4755 intellectum
3057 4699 3248 4774 atque
3291 4698 3686 4773 potestatem.
3721 4692 3784 4753 ln
3821 4690 3974 4753 Patre

2507 4800 2722 4855 autem
2789 4792 2956 4854 idem
3018 4798 3167 4853 sunt
3221 4791 3516 4865 essentia,
3577 4790 3869 4873 sapientia
3917 4793 3974 4848 et

2509 4892 2712 4953 virtus
2748 4908 2760 4951 :
2797 4890 3067 4972 ideoque
3105 4888 3600 4953 communicatio
3640 4889 3856 4952 divinae
3885 4904 3970 4947 es·

2509 4990 2749 5062 sentiae,
2784 4997 2880 5051 est
2911 4988 3344 5069 intelligentiae
3382 5006 3456 5049 ac
3497 4988 3792 5069 potentiae
3827 5002 3971 5048 com·

2510 5087 2878 5151 municatio.
2933 5087 3054 5149 Sed
3104 5088 3408 5168 quoniam
3463 5086 3684 5149 eadem
3735 5098 3970 5147 numero

2507 5194 2604 5250 est
2639 5186 2991 5249 divinitatis
3031 5185 3363 5268 plenitudo
3400 5184 3466 5247 in
3507 5185 3683 5249 Patre
3719 5192 3777 5247 et
3813 5181 3968 5251 Filio,

2508 5285 2651 5349 ideo
2680 5286 2814 5349 haec
2844 5284 3087 5349 nullam
3120 5282 3668 5347 defectibilitatem
3697 5282 3970 5345 inducunt
