4300 6259
894 473 1015 537 418

1348 516 1352 520 ·
1465 493 1545 539 DE
1586 492 1813 539 tumme
1853 492 2235 539 cnms'rtANAE
2275 490 2576 547 TEEORIAE,
2621 490 2798 536 Lmen
2838 490 2900 535 11.
2949 508 3028 519 —-
3068 489 3206 535 ΛΒΤ.
3252 490 3400 535 xxvl

892 678 1091 725 amor.
1152 663 1325 725 Patet
1383 662 1596 744 igitur,
1648 663 1817 745 quod
1876 682 2017 726 esse
2074 661 2266 725 amati
2323 661 2388 723 10
2422 662 2471 724 Α
2507 660 2742 724 motiva
2778 668 2841 722 61
2880 659 3224 742 impulsiva
3267 658 3537 721 amantis
3581 658 3646 720 in
3689 662 3975 730 amatum,

892 768 1165 833 amante,
1204 768 1301 823 est
1335 777 1536 835 amor,
1580 762 1691 844 qui
1742 761 2129 824 intrinsecus
2181 767 2392 823 movet

889 867 1209 921 amantem
1245 860 1311 921 in
1340 866 1621 923 amatum
1658 878 1671 922 :
1707 860 1872 923 sicut
1902 880 2041 923 6556
2082 858 2386 921 intellecti

889 957 955 1018 in
1024 956 1440 1039 intelligente,
1500 965 1599 1021 est
1658 958 1928 1023 intentio
1986 978 2059 1021 ac
2118 956 2390 1020 verbum

891 1053 1274 1117 intellectus.

971 1152 1165 1215 Amor
1206 1153 1483 1236 denique
1526 1173 1563 1216 a
1604 1155 1929 1217 voluntate
1974 1155 2282 1237 procedit,
2329 1154 2390 1215 in

893 1257 1203 1331 quantum
1235 1250 1344 1313 illa
1376 1260 1546 1315 mota
1575 1260 1673 1315 est
1701 1259 1765 1315 61
1795 1254 1974 1335 quasi
2007 1260 2272 1314 attracta
2311 1250 2391 1314 ab

893 1347 1177 1421 amabili,
1210 1349 1380 1431 quod
1418 1358 1517 1412 est
1553 1348 1794 1413 bonum
1830 1351 2246 1413 intellectum.
2283 1351 2394 1413 Bo·

890 1465 1047 1508 num
1079 1464 1268 1528 porro
1307 1447 1705 1510 intellectum
1746 1449 1811 1511 in
1857 1456 2168 1531 quantum
2211 1448 2393 1510 10161·

890 1543 1149 1617 lectum,
1211 1552 1309 1607 est
1365 1546 1633 1608 verbum
1696 1546 2082 1618 intellectus,
2145 1554 2216 1607 ut
2273 1545 2392 1607 fre-

888 1648 1159 1722 quenter
1196 1644 1440 1706 dictum
1488 1652 1603 1706 651.
1648 1644 1938 1707 Procedit
1978 1644 2174 1725 igitur
2214 1661 2393 1706 amor

888 1746 1015 1802 tam
1066 1759 1142 1802 ex
1193 1740 1521 1803 voluntate
1564 1760 1757 1823 quam
1803 1760 1880 1804 ex
1927 1740 2125 1804 verbo
2175 1759 2188 1802 :
2239 1759 2391 1822 quo-

886 1836 1062 1899 niam
1130 1837 1291 1900 nihil
1360 1856 1672 1912 amamu3‚
1735 1839 1858 1901 nisi
1926 1836 2123 1901 verbo
2181 1838 2391 1901 cordis
2426 1834 2472 1895 B

888 1935 1329 2017 concipiamus
1361 1935 1520 1998 illud
1558 1954 1700 1999 6556
1740 1935 2034 1999 amabile.
2070 1935 2394 2017 Relinqui-

889 2041 995 2095 tur
1024 2052 1174 2115 ergo
1214 2034 1385 2116 quod
1415 2053 1594 2098 amor
1636 2036 1747 2117 qui
1794 2035 1858 2097 in
1888 2036 2016 2097 Deo
2047 2042 2165 2109 651,
2197 2053 2389 2117 quem

891 2132 1201 2214 Spiritum
1251 2132 1552 2195 Sanctum
1604 2133 1903 2206 dicimuS‚
1955 2152 2079 2197 000
2141 2141 2391 2195 1601οω

887 2249 924 2292 6
953 2231 1154 2305 Ρ6156,
1188 2231 1296 2293 560
1328 2232 1520 2294 611650
1557 2251 1594 2293 6
1633 2232 1792 2295 Filio
1838 2233 2156 2313 procedat.
2193 2233 2389 2294 Filius

886 2329 1128 2392 etenim
1159 2330 1491 2403 PatriS,est
1518 2330 1786 2392 verbum
1823 2329 1979 2393 illud
2010 2331 2183 2413 quod
2213 2331 2391 2393 Pater

886 2428 964 2490 de
1005 2446 1073 2490 se
1104 2428 1245 2510 ipso
1275 2428 1575 2510 concipit.
1613 2429 1699 2491 De
1739 2448 1807 2492 56
1838 2436 2050 2492 autem
2083 2429 2385 2512 concipit,

887 2526 1057 2608 quod
1089 2527 1173 2588 sit
1201 2546 1453 2590 summa
1482 2535 1545 2589 61
1585 2529 2074 2611 supereminens
2115 2527 2383 2591 bonitaS.

885 2624 997 2686 Illa
1040 2643 1191 2706 ergo
1240 2626 1491 2688 interna
1538 2626 1735 2689 dictio
1785 2646 1911 2709 qua
1957 2627 2136 2689 Pater
2184 2628 2262 2689 06
2320 2646 2388 2689 56

885 2722 1051 2785 10156
1082 2742 1150 2786 56
1180 2722 1421 2806 profert
1453 2742 1521 2786 se
1561 2743 1701 2786 esse
1740 2744 1967 2806 puram
2012 2724 2384 2799 bonitatem,

884 2828 980 2883 est
1009 2821 1279 2883 verbum
1320 2821 1481 2902 ejus,
1516 2822 1605 2883 Ex
1651 2822 1771 2884 hoc
1818 2840 1968 2885 vero
2011 2823 2181 2905 quod
2220 2823 2386 2886 Deus

881 2920 1077 2981 talem
1107 2938 1175 2981 se
1204 2920 1512 3001 agnoscit,
1546 2920 1835 3002 procedit
1862 2939 2041 2984 amor
2069 2921 2232 3001 ejuS,
2259 2938 2386 3004 quo

2503 768 2572 822 ut
2602 760 2844 822 dictum
2875 767 2990 821 est.
3025 758 3096 819 In
3124 756 3492 821 viventibus
3520 764 3736 819 autem
3769 755 3980 836 impul-

2502 878 2610 921 sus
2641 859 2783 921 talis
2816 857 3202 920 intrinsecus
3232 857 3309 918 ad
3339 856 3638 937 spiritum
3671 854 3936 937 pertinet
3963 868 3976 913 :

2507 957 2646 1020 1060
2689 974 2868 1019 amor
2910 956 3168 1018 divinus
3216 954 3491 1037 Spiritus
3540 953 3793 1015 dicitur.
3841 951 3980 1013 Rur-

2503 1076 2632 1129 suS,
2685 1054 2951 1137 spiritus
3001 1054 3210 1116 dictus
3259 1059 3376 1125 est,
3427 1052 3541 1134 qui
3598 1049 3680 1113 ab
3739 1050 3980 1112 homine

2505 1153 2812 1235 procedit,
2847 1158 2908 1213 et
2939 1152 3078 1213 sine
3107 1168 3238 1233 quo
3267 1150 3458 1214 homo
3487 1149 3754 1212 omnino
3784 1147 3980 1210 vivere

2503 1270 2629 1315 non
2683 1258 2907 1333 potest.
2961 1251 3028 1312 In
3079 1266 3156 1311 eo
3205 1248 3400 1330 igitur
3445 1248 3616 1331 quod
3664 1246 3772 1308 hic
3821 1264 3984 1309 amor

2504 1349 2614 1411 Dei
2655 1348 2930 1431 Spiritus
2975 1347 3363 1421 nominatur,
3395 1354 3630 1410 aeterna
3675 1344 3876 1428 ipsius
3911 1343 3981 1405 ab

2502 1448 2594 1509 eis
2626 1446 2862 1529 quibus
2893 1454 3244 1509 coaeternus
3284 1454 3380 1507 651
3419 1445 3710 1527 06550015
3753 1460 3982 1525 proces-

2501 1546 2596 1609 sio
2634 1545 3020 1625 designatur.
3064 1544 3331 1627 Insuper
3369 1542 3644 1625 Spiritus
3693 1541 3812 1603 iste
3849 1540 3986 1603 San-

2503 1651 2640 1706 ctus
2671 1644 2879 1705 dictus
2909 1649 3027 1716 est,
3059 1642 3364 1725 quoniam
3396 1642 3533 1723 ipse
3565 1648 3660 1703 651
3691 1657 3822 1723 000
3857 1658 3984 1701 560·

2503 1742 2787 1805 ctissima
2829 1742 3040 1803 Deitas
3083 1748 3352 1803 amatur.

2854 2005 3343 2069 ARTICULUS
3389 2004 3640 2068 XXVI.

2503 2150 2638 2207 Cur
2680 2148 2804 2208 Dei
2851 2148 3148 2217 Verbum,
3193 2166 3324 2205 non
3367 2154 3584 2205 autem
3627 2164 3817 2204 amor
3857 2144 3986 2220 eju-s

2541 2257 2654 2296 seu
2675 2238 2977 2312 Spiritus
2997 2239 3306 2305 Sanctae,
3323 2237 3541 2296 Filius
3567 2238 3948 2311 appelletur.

2626 2430 2919 2493 ONSTAT
2980 2429 3303 2511 equidem,
3365 2429 3537 2511 quod
3589 2427 3862 2491 verbum
3913 2425 3985 2489 ab

2654 2528 3006 2603 intellectu,
3023 2545 3205 2591 amor
3236 2545 3387 2590 vero
3413 2545 3450 2588 a
3478 2528 3809 2591 voluntate
3835 2544 3988 2589 ema-

2499 2636 2626 2691 net.
2678 2629 2747 2690 10
2793 2627 2923 2690 Deo
2965 2635 3180 2688 autem
3228 2625 3715 2689 identificantur
3758 2625 3986 2689 intelle·

2500 2733 2639 2788 ctus
2679 2733 2743 2788 et
2772 2724 3088 2789 voluntas.
3125 2724 3376 2787 Etenim
3425 2724 3490 2787 in
3534 2724 3830 2806 personis
3869 2741 3986 2785 non

2499 2823 3030 2906 multiplicantur,
3065 2823 3177 2885 sed
3216 2830 3314 2885 est
3356 2821 3420 2884 in
3459 2822 3552 2885 eis
3592 2841 3725 2886 006
3753 2830 3982 2893 061056,

2496 2921 2701 2985 virtus
2749 2929 2814 2985 61
2853 2921 3118 3003 66006115
3169 2920 3498 3003 perfectio.
3541 2921 3713 2984 Deus
3760 2922 3984 3004 quippe

883 3037 951 3080 56
985 3018 1196 3101 ipsum
1228 3026 1291 3080 et
1320 3019 1646 3101 propriam
1686 3018 2033 3082 bonitatem
2075 3020 2284 3101 primo
2323 3028 2386 3083 et
2416 3016 2458 3079 C
2497 3030 2593 3084 est
2632 3022 2697 3083 in
2738 3040 2806 3083 se
2845 3021 3012 3083 sicut
3050 3019 3449 3083 intellectum
3481 3021 3547 3082 in
3578 3020 3982 3102 intelligente,

885 3115 1328 3198 principaliter
1372 3121 1560 3178 amat.
1615 3115 1843 3178 Divina
1900 3116 2074 3178 enim
2134 3116 2384 3180 bonitas

884 3221 982 3276 est
1011 3214 1345 3296 proprium
1382 3213 1729 3276 voluntatis
1760 3214 1991 3278 divinae
2031 3214 2378 3295 objectum.

884 3312 1045 3374 Hinc
1085 3312 1411 3385 elucescit,
1453 3312 1623 3394 quod
1670 3330 1747 3375 eo
1793 3312 1934 3395 ipso
1982 3332 2254 3395 0666556,
2289 3322 2386 3376 651

887 3409 1195 3493 Spiritum
1228 3411 1530 3473 Sanctum
1574 3429 1612 3472 a
1654 3411 1813 3473 Filio
1855 3413 2223 3494 procedere,
2258 3431 2384 3495 quo

885 3509 1175 3591 procedit
1202 3528 1237 3571 6
1267 3510 1463 3572 Ρ6156.
1485 3508 1758 3591 Spiritus
1791 3510 2057 3573 Sanctus
2088 3529 2239 3592 ergo
2270 3528 2384 3593 per

882 3607 1277 3671 voluntatem
1308 3608 1596 3689 procedit
1626 3607 1706 3669 61)
1736 3615 2027 3689 0150006,
2060 3610 2229 3671 51601
2257 3618 2321 3672 61
2346 3629 2384 3672 6

882 3704 1017 3769 5010
1046 3706 1224 3768 Ρ6156
1254 3705 1541 3788 procedit
1570 3706 1765 3767 Filius
1806 3725 1920 3788 per
1959 3707 2378 3769 intellectum.

882 3805 1247 3879 EnimverO,
1300 3805 1467 3867 51601
1515 3804 1624 3866 Dei
1676 3804 2053 3887 intelligere,
2099 3812 2196 3867 est
2240 3807 2382 3887 ejus

884 3921 1060 3982 esse3
1095 3903 1185 3965 sic
1236 3910 1298 3965 et
1346 3902 1637 3965 divinum
1687 3903 1875 3977 velle,
1922 3911 2019 3965 651
2062 3904 2174 3967 Dei
2217 3923 2377 3967 6556.

884 4002 1181 4064 Amatum
1210 4008 1422 4064 autem
1453 4008 1552 4063 651
1580 4002 1642 4062 10
1676 4008 1949 4074 amante,
1973 4002 2037 4063 in
2069 4010 2384 4084 quantum

887 4107 1033 4161 actu
1094 4108 1344 4162 amatur
1406 4118 1419 4161 :
1480 4107 1625 4161 actu
1684 4107 1899 4162 autem
1960 4108 2229 4173 amatur,
2290 4120 2386 4163 56·

2499 3122 2561 3183 10
2612 3128 2924 3203 quantum
2975 3138 3042 3181 se
3092 3119 3306 3201 ipsum
3366 3118 3710 3200 intelligit3
3761 3128 3825 3182 et
3877 3120 3984 3183 hoc

2496 3219 2666 3301 quod
2724 3218 2803 3281 de
2854 3236 2922 3279 se
2976 3217 3299 3298 intelligit,
3350 3224 3448 3280 est
3495 3216 3779 3279 Verbum
3833 3218 3980 3298 ejus,

2495 3318 2632 3381 Non
2673 3325 2889 3379 autem
2933 3316 3234 3397 intelligit
3272 3316 3351 3378 de
3391 3334 3458 3379 56
3497 3316 3598 3379 vel
3643 3317 3858 3379 minus
3895 3316 3984 3378 vel

2493 3416 2666 3478 aliud
2699 3434 2893 3497 quam
2923 3421 3021 3477 est
3053 3432 3068 3476 ε
3103 3434 3312 3497 06006
3354 3432 3506 3495 ergo
3532 3414 3820 3477 Verbum
3857 3416 3984 3496 ejus

2495 3521 2593 3576 651
2634 3513 2807 3575 61100
2857 3531 3052 3595 quam
3091 3514 3282 3587 DeuS,
3324 3531 3534 3595 neque
3583 3513 3714 3575 Deo
3765 3513 3980 3575 101005.

2496 3612 2712 3694 Neque
2761 3629 2912 3692 ergo
2962 3610 3146 3694 plura
3182 3609 3390 3673 Verba
3437 3619 3710 3692 possunt
3759 3612 3824 3674 in
3869 3612 3985 3673 Deo

2495 3729 2653 3784 esse,
2668 3728 2857 3791 quum
2886 3726 3014 3771 000
3041 3708 3249 3771 Verbo
3279 3708 3462 3791 plene
3490 3708 3662 3771 dicat
3691 3707 3986 3792 quidquid

2498 3808 2562 3869 in
2603 3826 2671 3870 se
2711 3806 3014 3889 concipit.
3049 3805 3358 3869 Perfectio
3403 3823 3592 3888 porro
3635 3806 3984 3871 intellectus

2497 3906 2789 3970 consistit
2834 3906 2900 3967 in
2948 3904 3408 3968 assimilatione
3455 3904 3873 3987 intelligentis
3913 3904 3985 3965 ad

2497 4003 2900 4085 intelligibile
2937 4021 2950 4065 :
2984 4022 3124 4086 quae
3155 4010 3252 4065 est
3281 4020 3396 4084 per
3423 4001 3545 4066 hoc
3573 4004 3744 4086 quod
3777 4002 3986 4065 simili-

2495 4104 2650 4166 tudo
2700 4101 3008 4164 intellecti
3068 4102 3234 4164 inest
3283 4100 3687 4183 intelligenti.
3741 4102 3986 4185 Oportet

890 4198 1173 4259 cundum
1214 4198 1385 4280 quod
1434 4197 1575 4278 ejus
1624 4215 1801 4260 amor
1850 4205 1947 4260 651
1996 4197 2061 4259 10
2108 4206 2380 4261 amante.
2417 4205 2466 4268 D
2497 4201 2693 4283 igitur
2749 4209 2820 4263 ut
2877 4199 3232 4263 similitudo
3283 4199 3488 4262 divini
3546 4200 3983 4283 intelligibilis,

890 4297 1012 4359 Sed
1043 4298 1107 4358 in
1138 4295 1287 4369 Deo,
1318 4315 1531 4359 amare
1561 4303 1658 4358 est
1686 4295 1851 4358 velle
1883 4297 2225 4378 quoddam.
2252 4298 2389 4359 Vel-

891 4396 949 4458 le
992 4412 1247 4477 quoque
1292 4395 1426 4468 Dei,
1459 4401 1554 4457 est
1596 4413 1787 4456 suum
1834 4412 1991 4456 6556.
2040 4395 2192 4457 Ε556
2239 4413 2389 4476 ergo

892 4495 1001 4556 Dei
1046 4511 1173 4576 quo
1224 4502 1321 4555 est
1376 4491 1441 4555 in
1500 4512 1616 4554 sua
1663 4492 2009 4567 voluntate,
2058 4493 2227 4576 quod
2277 4513 2391 4576 per

890 4609 1173 4654 amorem
1202 4592 1621 4673 explicamuS,
1646 4608 1773 4653 non
1804 4598 1899 4653 est
1930 4610 2067 4653 6556
2098 4593 2389 4655 6661060·

891 4691 1039 4763 tale,
1090 4691 1200 4752 sed
1248 4697 1347 4751 est
1390 4707 1615 4753 verum
1661 4696 1723 4751 61
1760 4690 2071 4764 06105616,
2115 4690 2282 4752 51601
2327 4699 2391 4753 61

895 4806 1035 4850 6556
1063 4786 1274 4849 Verbi.
1310 4788 1475 4849 Deus
1514 4804 1663 4867 ergo
1694 4794 1763 4848 ut
1802 4787 1868 4847 in
1910 4805 2024 4849 506
2066 4788 2390 4852 voluntate

897 4887 1231 4959 exsistens,
1263 4893 1360 4948 est
1388 4904 1537 4947 vere
1566 4894 1631 4947 et
1660 4883 2163 4949 substantialiter
2203 4888 2387 4949 Deus,

895 4986 1091 5048 Amor
1118 5001 1268 5065 ergo
1297 5002 1408 5045 560
1440 4983 1713 5066 Spiritus
1746 4983 2012 5045 Sanctus
2051 4992 2147 5047 est
2187 4984 2392 5047 subsi-

895 5091 1067 5145 stens
1101 5083 1286 5144 Deus,
1318 5082 1567 5164 Quippe
1608 5098 1787 5144 amor
1823 5082 1929 5145 hic
1968 5081 2226 5146 divinus
2265 5101 2393 5166 quo

894 5182 1061 5244 Deus
1116 5198 1185 5242 se
1232 5186 1298 5242 et
1353 5186 1583 5241 cuncta
1630 5178 1859 5259 diligit,
1913 5179 2188 5262 Spiritus
2246 5189 2392 5264 apte

890 5278 1267 5363 appellatur.
1301 5278 1495 5339 Amor
1521 5295 1799 5358 namque
1828 5284 1925 5339 est
1964 5277 2060 5340 vis
2100 5280 2392 5360 quaedam

2497 4300 2666 4382 quod
2697 4306 2794 4361 est
2823 4298 3100 4361 essentia
3129 4298 3368 4371 divina,
3387 4298 3541 4360 insit
3569 4298 3794 4362 divino
3823 4297 3986 4361 intel·

2499 4397 2712 4460 lectui.
2737 4395 3020 4459 Verbum
3051 4413 3203 4477 ergo
3233 4396 3433 4458 divini
3467 4396 3831 4460 intellectus
3862 4412 3988 4478 pro·

2499 4494 2670 4557 cedit
2696 4494 3052 4557 secundum
3083 4494 3394 4557 rationem
3427 4494 3888 4558 similitudinis.
3921 4494 3987 4556 Et

2500 4593 2742 4655 dictum
2771 4600 2888 4667 est,
2922 4592 3093 4673 quod
3125 4592 3188 4654 in
3222 4592 3552 4655 identitate
3582 4600 3824 4656 naturae
3861 4610 3988 4675 pro-

2501 4692 2663 4755 deat.
2699 4692 2875 4765 Quod
2908 4709 3062 4753 vero
3091 4690 3158 4752 in
3189 4689 3556 4753 viventibus
3595 4710 3671 4754 ex
3711 4691 3988 4754 substan-

2501 4790 2589 4851 tia
2629 4789 2892 4851 alterius
2939 4788 3262 4869 egreditur
3308 4790 3664 4851 secundum
3703 4790 3988 4851 similitu·

2502 4888 2718 4950 dinem
2769 4892 3034 4959 naturae,
3085 4885 3446 4968 appellatur
3482 4884 3682 4961 filius,
3725 4895 3792 4949 et
3825 4884 3984 4967 gigni

2502 4986 2754 5047 dicitur.
2778 4986 3077 5048 Amatum
3108 4976 3322 5046 a'utem
3351 4990 3446 5046 est
3479 4984 3544 5046 in
3574 4993 3849 5057 amante,
3871 5002 3986 5046 non

2501 5084 2855 5147 secundum
2889 5082 3381 5145 similitudinem
3410 5083 3804 5163 speciei,sed
3835 5084 3989 5145 sicut

2503 5181 2818 5245 terminus
2850 5182 2915 5243 in
2946 5180 3269 5263 principio
3299 5180 3560 5255 motivo,
3593 5182 3988 5263 quemadmo-

2503 5281 2654 5344 dum
2683 5279 3151 5363 praeinductum
3183 5286 3280 5341 est
3317 5279 3383 5341 in
3423 5279 3809 5362 praecedenti
3849 5278 3986 5342 arti·
