4300 6259
859 469 982 536 298

860 661 1016 726 dum
1073 661 1478 729 Aristotelem
1533 673 1598 730 et
1649 665 2044 750 Dionysium.
2095 667 2356 742 Iterum,
2393 665 2444 730 A

859 759 1114 824 nullum
1163 763 1438 840 casuale,
1483 773 1868 847 perpetuum
1913 772 1976 830 et
2020 766 2359 828 indissolu-

857 858 988 923 bile
1039 877 1052 922 τ
1101 861 1257 925 ordo
1306 870 1520 926 autem
1579 882 1793 926 rerum
1853 864 2359 946 indispergibilis

857 958 1114 1040 penitus
1159 967 1273 1023 est.
1323 961 1605 1024 Primum
1648 979 1800 1042 ergo
1841 969 1940 1024 est
1977 962 2357 1025 determina-

857 1055 1050 1119 tionis
1121 1076 1332 1120 causa.
1393 1059 1514 1122 Sed
1584 1059 1940 1134 infinitum,
2001 1061 2356 1124 secundum

857 1158 1028 1238 quod
1071 1158 1218 1232 tale,
1261 1158 1702 1222 habitudinem
1749 1179 1875 1224 non
1913 1160 2108 1223 habet
2134 1161 2213 1224 ad
2244 1180 2357 1224 ens

856 1253 1144 1330 finitum,
1191 1257 1675 1322 determinando
1721 1258 1954 1340 ipsum,
2003 1259 2126 1321 nisi
2170 1259 2356 1322 ratio-

859 1371 1006 1414 nem
1053 1354 1154 1416 sui
1199 1353 1350 1417 facti
1402 1357 1878 1439 praeconcipiat,
1930 1365 1991 1419 et
2037 1356 2196 1420 illud
2244 1376 2357 1439 per

858 1468 999 1513 eam
1031 1452 1319 1516 ordinet:
1343 1454 1885 1535 quemadmodum
1918 1457 1980 1518 id
2011 1457 2180 1538 quod
2214 1474 2355 1538 pro-

857 1548 1056 1624 ducit,
1091 1553 1549 1632 producentem
1583 1553 1819 1616 imitari
1860 1554 2087 1616 debeat
2116 1562 2179 1617 et
2208 1554 2357 1616 assi-

859 1647 1066 1710 milari
1100 1649 1179 1712 ei.
1215 1650 1485 1714 Necesse
1523 1671 1672 1732 ergo
1710 1660 1807 1714 est
1846 1653 2012 1716 inter
2048 1652 2353 1717 factorem

857 1747 1060 1810 Deum
1110 1755 1172 1811 et
1221 1757 1512 1812 naturam
1573 1751 1801 1814 factam
1868 1752 2148 1814 medium
2209 1771 2354 1815 con-

1485 494 1564 540 ΒΕ
1607 493 1834 540 mame
1875 492 2258 540 cums‘rlANAE:
2299 493 2602 552 TflnomAE,
2650 495 2825 542 menn
2868 496 2907 541 1.
2952 513 3033 524 --
3074 494 3214 541 ART-
3260 496 3359 541 Lvl

2860 725 3353 792 ARTICULUS
3400 726 3574 790 LVI.

2468 879 2565 938 De
2622 878 2882 936 nomine
2938 878 3123 947 ideae,
3174 885 3235 936 et
3292 878 3823 956 quemadmodum
3873 875 3937 935 in

2551 969 2691 1026 luce
2718 967 2940 1026 divini
2968 968 3335 1026 intellectus
3372 967 3815 1026 universorum
3846 985 3937 1024 ra-

2551 1057 2755 1116 tiones
2802 1057 3043 1116 ideales
3086 1059 3450 1118 statuendae
3496 1056 3651 1114 sint.

2604 1260 2692 1322 ST
2728 1267 2941 1322 autem
2988 1260 3129 1324 idea
3173 1260 3579 1342 intelligibile
3617 1260 3939 1342 exemplar,

2630 1357 2961 1434 factivum,
2998 1376 3125 1422 non
3158 1358 3421 1421 factum.
3456 1358 3633 1422 Unde
3661 1357 3943 1422 elucescit

2469 1456 2793 1538 duplicem
2852 1456 3307 1540 proprietatem
3366 1464 3729 1539 competere
3779 1457 3938 1519 ideae.

2469 1555 2697 1630 Prima,
2730 1563 2801 1617 ut
2830 1556 2913 1618 sit
2943 1554 3370 1636 intelligibilis
3398 1555 3749 1618 similitudo
3776 1555 3941 1616 intel·

2471 1652 2640 1727 lecti,
2675 1671 2801 1735 qua
2841 1654 3166 1734 cognitum
3208 1652 3679 1736 contemplatur
3720 1651 3943 1714 intelle-

2470 1752 2930 1815 ctus.Secunda
2960 1759 3075 1826 est,
3110 1759 3179 1813 ut
3208 1753 3291 1814 sit
3320 1752 3761 1834 productivum
3792 1752 3946 1834 prin-

857 1845 1122 1909 stituere
1171 1849 1603 1931 exemplarem
1654 1851 1985 1914 rationem.
2037 1851 2210 1913 Hanc
2252 1871 2358 1914 au·
2396 1849 2443 1912 B
2472 1851 2715 1932 cipium
2768 1858 3190 1912 causatorum.
3246 1849 3323 1912 Et
3370 1850 3462 1912 sic
3520 1850 3598 1912 ad
3658 1851 3945 1912 rationem

860 1951 989 2006 tem
1033 1945 1344 2009 rationem
1377 1947 1630 2010 videtur
1661 1949 1944 2029 tetigisse
1972 1948 2355 2024 Avicebron,

861 2041 1015 2105 dum
1070 2044 1133 2106 in
1196 2045 1361 2109 libro
1419 2046 1631 2109 Fontis
1680 2049 1825 2110 vitae
1875 2047 2075 2109 Deum
2134 2049 2362 2110 asserit

862 2160 1049 2224 agere
1113 2162 1228 2225 per
1285 2145 1594 2207 rationem
1662 2146 1929 2208 interius
2002 2164 2358 2228 praeconce-

865 2249 1059 2322 ptam.
1095 2241 1173 2303 At
1203 2260 1353 2306 vero
1394 2262 1567 2306 nunc
1606 2251 1752 2307 ante
1785 2244 2229 2326 multipliciter
2257 2245 2360 2308 de-

863 2339 1127 2402 ductum
1181 2348 1298 2414 est,
1350 2343 1518 2423 quod
1568 2343 2012 2406 universorum
2064 2363 2100 2406 a
2151 2344 2359 2426 prima

861 2457 1053 2501 causa
1101 2440 1444 2528 processio,
1491 2458 1618 2504 non
1666 2443 1972 2504 naturalis
2017 2444 2126 2505 sed
2178 2444 2359 2506 intel-

862 2537 1152 2600 lectualis
1191 2538 1276 2600 sit
1315 2541 1631 2603 emanatio
1665 2559 1679 2602 t
1716 2542 2017 2623 quoniam
2067 2560 2195 2604 non
2246 2562 2359 2624 per

859 2636 1306 2700 necessitatem
1357 2645 1618 2710 naturae,
1663 2641 1771 2701 sed
1799 2638 2018 2702 'libere
2067 2641 2197 2723 agit
2233 2642 2359 2723 pri—

859 2753 1002 2796 mus
1058 2743 1254 2810 actor,
1316 2737 1482 2798 sicut
1537 2735 1671 2798 illie
1731 2737 2068 2819 probatum
2124 2747 2238 2801 est.
2288 2741 2355 2802 ln

841 2833 1060 2914 .ipsius
1105 2852 1255 2915 ergo
1312 2835 1870 2916 supersplendenti
1920 2836 2165 2899 lumine
2214 2837 2353 2899 uni-

857 2949 1190 2994 versorum
1241 2933 1638 3014 exemplares
1689 2934 1964 2997 rationes
2006 2938 2356 3000 statuendae

857 3037 1025 3091 sunt.

935 3128 1124 3191 Porro
1192 3129 1726 3211 supermundanae
1785 3137 2051 3204 menteS,
2113 3132 2357 3195 intelle-

856 3232 996 3287 ctus
1029 3226 1250 3308 utique
1279 3227 1574 3309 separati,
1598 3228 1771 3290 hunc
1804 3230 2114 3308 mundum
2148 3249 2357 3312 neque

855 3324 1236 3404 gubernant,
1271 3344 1390 3387 nec
1433 3327 1497 3387 in
1541 3326 1753 3408 ipsum
1795 3326 2031 3390 formas
2075 3348 2221 3391 suas
2264 3330 2357 3391 in-

855 3420 1090 3496 fluunt,
1144 3422 1267 3485 nisi
1317 3424 1672 3486 seeundum
1723 3426 2021 3488 traditam
2072 3426 2230 3508 ipsis
2276 3427 2358 3489 ab

855 3521 1168 3583 altissima
1214 3529 1427 3584 mente
1472 3522 1675 3603 legem
1727 3541 1741 3586 z
1787 3523 1868 3585 ab
1912 3542 1986 3586 ea
2029 3525 2203 3587 enim
2251 3526 2356 3587 ha-

861 3619 1014 3681 bent
1060 3638 1199 3681 esse
1249 3626 1311 3682 et
1360 3638 1762 3700 cognoscere.
1819 3621 1992 3684 Unde
2042 3622 2215 3685 Plato
2264 3623 2358 3685 in-

859 3717 1036 3778 ducit
1094 3718 1295 3780 Deum
1357 3718 1456 3780 his
1515 3719 1852 3800 agentibus
1889 3720 2243 3804 jubentem
2296 3729 2360 3783 et

859 3815 1174 3879 dicentem
1239 3834 1252 3877 :
1317 3817 1413 3879 Dii
1483 3817 1772 3892 deorum,
1835 3836 2110 3900 quorum
2182 3827 2359 3901 pater

855 3915 1201 3998 opifexque
1249 3933 1386 3996 ego.
1433 3915 1672 3979 Horum
1722 3925 2073 3980 sementem
2128 3917 2357 3980 faciam

856 4014 1168 4097 vobisque
1213 4017 1497 4095 tradam;
1542 4035 1653 4079 vos
1697 4035 1849 4080 vero
1896 4019 2358 4098 aggrediamini

853 4115 1034 4195 juxta
1097 4135 1301 4178 meam
1360 4116 1779 4190 sanctionem,
1834 4124 1904 4178 ut
1961 4135 2122 4199 opus
2180 4137 2359 4179 mun-

2470 1949 2626 2012 ideae
2667 1949 2811 2032 plus
2852 1949 3127 2030 exigitur
3165 1967 3355 2031 quam
3396 1949 3793 2031 exemplaris,
3826 1949 3945 2011 Pot-

2468 2055 2564 2111 est
2595 2067 2871 2130 namque
2902 2047 3029 2110 dici
3060 2049 3409 2130 exemplar,
3443 2048 3498 2110 si
3530 2047 3613 2110 sit
3639 2047 3945 2110 dumtaxat

2472 2146 2895 2227 intelligibilis
2926 2146 3302 2209 similitudo,
3338 2146 3595 2229 Proprie
3624 2153 3830 2208 tamen
3866 2145 3947 2207 di·

2467 2245 2633 2308 citur
2661 2244 3099 2326 exemplar-,ad
3132 2263 3208 2307 cu
3212 2245 3319 2324 jus
3350 2245 3765 2307 imitationem
3793 2243 3947 2306 aliud

2469 2343 2858 2426 producitur.
2912 2343 3365 2406 Verumtamen
3420 2343 3485 2404 in
3542 2342 3661 2405 hoc
3711 2343 3951 2424 penitus

2467 2440 2687 2504 differt
2718 2441 3045 2522 exemplar
3074 2440 3153 2502 ab
3186 2441 3348 2515 idea,
3367 2441 3671 2522 quoniam
3702 2441 3841 2504 idea
3865 2448 3949 2504 est

2470 2540 2862 2622 principium
2914 2538 3223 2602 factivum
3270 2547 3521 2602 tantum
3568 2547 3634 2602 et
3690 2557 3817 2602 non
3868 2539 3950 2602 fa-

2469 2645 2643 2700 ctum
2688 2655 2701 2699 :
2747 2637 3015 2719 ideoque
3068 2636 3133 2698 in
3184 2636 3318 2699 solo
3366 2636 3587 2700 divino
3635 2636 3949 2700 intellectu

2471 2734 2783 2798 subsistit.
2818 2735 2945 2797 Hoc
2975 2742 3187 2797 autem
3232 2733 3617 2816 exemplaris
3650 2733 3809 2796 ratio
3834 2750 3951 2796 non

2469 2833 2739 2915 requirit
2787 2840 2858 2894 ut
2906 2833 2989 2894 sit
3037 2830 3344 2894 factivum
3392 2833 3771 2895 dumtaxat:
3818 2851 3949 2894 nam

2466 2939 2531 2994 et
2588 2931 2640 2992 si
2698 2931 2938 2993 sactum
2998 2932 3103 3004 sit,
3164 2930 3374 2994 adhuc
3434 2931 3763 3014 exemplar
3820 2931 3951 3004 erit,

2386 3025 2431 3090 C
2467 3030 2815 3092 dummodo
2858 3029 2935 3093 ad
2979 3029 3183 3112 ipsius
3224 3029 3567 3109 imaginem
3609 3030 3777 3092 aliud
3826 3030 3949 3092 siat.

2469 3129 2589 3192 Sed
2634 3130 2985 3191 secundum
3037 3129 3205 3211 quod
3254 3134 3351 3190 est
3396 3127 3662 3203 factum,
3711 3129 3955 3211 proprie

2468 3227 2839 3309 exemplum
2869 3227 3124 3289 dicitur.
3161 3226 3265 3289 Sic
3303 3244 3581 3309 namque
3624 3227 3701 3289 ad
3739 3227 3953 3290 simili-

2467 3326 2756 3387 tudinem
2807 3325 3039 3408 prioris
3098 3343 3167 3387 56
3222 3325 3486 3387 rationis
3534 3325 3951 3408 exemplatum

2468 3432 2584 3496 est,
2628 3432 2700 3486 ut
2741 3423 2982 3486 faciens
3022 3441 3175 3486 vero
3223 3422 3553 3505 exemplar
3594 3423 3697 3486 sit.
3738 3425 3859 3487 Sed
3898 3433 3955 3486 et

2468 3522 2795 3604 exemplar
2841 3522 3079 3583 dicitur
3135 3539 3264 3584 non
3314 3521 3395 3584 ob
3444 3520 3507 3583 id
3558 3521 3765 3584 solum
3816 3523 3955 3604 quia

2470 3621 2710 3684 faciens
2741 3627 2857 3694 est,
2892 3621 3001 3682 sed
3033 3621 3225 3682 etiam
3275 3621 3424 3702 quia
3467 3620 3546 3682 ad
3588 3621 3789 3702 ipsius
3820 3639 3954 3683 con-

2467 3721 2951 3803 templationem
2984 3721 3245 3802 respicit
3274 3720 3679 3784 factor.Deus
3708 3720 3951 3784 etenim.

2468 3821 2620 3903 quia
2663 3819 2907 3882 ordinis
2953 3820 3397 3882 universorum
3440 3837 3633 3881 causa
3678 3826 3794 3893 est,
3826 3836 3957 3900 pro-

2468 3919 2647 3981 ducit
2676 3917 3175 3999 unumquodque
3204 3918 3558 3979 secundum
3588 3917 3953 3998 exigentiam

2470 4015 2864 4080 habitudinis
2896 4035 3025 4078 suae
3064 4015 3143 4078 ad
3181 4016 3399 4098 aliqua
3431 4033 3444 4078 :
3478 4016 3573 4078 sic
3603 4035 3839 4098 nempe
3870 4017 3955 4078 in-

2470 4115 2666 4177 ferior
2722 4123 2947 4176 natura
3004 4113 3373 4196 exemplum
3431 4114 3671 4176 dicitur
3726 4123 3956 4177 natura·

857 4213 1094 4275 danum
1144 4215 1605 4295 exsequamini.
1655 4215 1866 4278 Primo
1910 4233 2061 4296 ergo
2109 4215 2356 4278 intelle·
2392 4214 2439 4277 D
2470 4213 2841 4295 superioriS,
2876 4213 3176 4294 quoniam
3209 4213 3287 4276 ad
3329 4213 3753 4276 imitationem
3794 4214 3957 4277 illius

857 4312 988 4374 ctui
1050 4310 1370 4374 fontaliter
1427 4313 1715 4374 omnium
1776 4314 2051 4376 rationes
2111 4314 2356 4377 innote-

857 4417 1062 4473 scunt.
1107 4410 1348 4482 Denu0,
1399 4409 1579 4490 juxta
1625 4411 2052 4485 Aristotelem,
2094 4431 2356 4474 necesse

857 4517 954 4572 est
1002 4509 1286 4571 universi
1341 4510 1624 4591 regimen
1674 4530 1711 4573 a
1759 4511 1970 4593 primo
2017 4512 2356 4594 primordi-

855 4608 1042 4670 aliter
1085 4608 1492 4681 descendere,
1527 4617 1716 4691 atque
1767 4609 1832 4671 in
1882 4610 2093 4692 ipsum
2143 4609 2354 4672 finali-

855 4713 955 4769 ter
997 4706 1155 4768 illud
1205 4707 1511 4770 reducere
1560 4725 1573 4769 ε
1627 4727 1772 4769 nam
1809 4708 2140 4790 pluralitas
2186 4709 2358 4790 prin-

859 4805 1076 4886 cipum
1142 4805 1327 4868 mala.
1383 4805 1668 4868 Primum
1727 4815 1940 4871 autem
1991 4807 2357 4888 gubernans

858 4911 956 4966 est
1003 4903 1260 4966 rectivae
1320 4903 1478 4984 legis
1539 4904 1881 4967 institutor.
1945 4905 2216 4968 Necesse
2265 4925 2359 4967 er-

857 5020 936 5083 go
979 5009 1076 5064 est
1123 5003 1248 5064 Deo
1288 5001 1540 5065 excelso
1571 5003 1778 5084 prime
1817 5010 1882 5065 et
1925 5002 2184 5066 fontane
2228 5022 2360 5066 om-

859 5101 1041 5162 nium
1107 5101 1534 5163 secundorum
1601 5100 1996 5184 exemplares
2059 5102 2357 5176 rationeS,

861 5217 1004 5280 quae
1053 5197 1492 5279 intelligibiles
1549 5197 1770 5262 formae
1821 5207 1971 5262 sunt
2019 5200 2133 5275 illi,
2186 5201 2363 5263 inex-

863 5295 1107 5358 sistere.

2470 4320 2677 4376 creata
2719 4320 2835 4386 est,
2878 4320 3181 4394 tanquam
3232 4312 3609 4394 participata
3654 4314 3956 4376 exsistens

2470 4410 2819 4494 superioris
2853 4410 3083 4491 imago,
3118 4427 3245 4473 non
3279 4417 3351 4472 ut
3375 4411 3460 4473 sit
3488 4411 3761 4474 effectus
3802 4412 3951 4493 ejus.

2470 4511 2731 4592 Propter
2772 4509 2938 4592 quod
2987 4509 3053 4571 in
3098 4508 3262 4572 libro
3305 4509 3769 4573 Definitionum
3808 4510 3957 4572 dixit

2470 4609 2661 4682 Isaac,
2711 4606 2881 4689 quod
2940 4626 3195 4688 semper
3244 4608 3597 4670 secundum
3648 4609 3853 4672 oritur
3897 4609 3955 4669 in

2471 4706 2699 4788 umbra
2731 4705 2948 4787 primi,
2980 4713 3044 4767 et
3068 4705 3330 4767 tertium
3372 4706 3439 4768 in
3477 4706 3707 4769 umbra
3744 4726 3959 4769 secun-

2469 4805 2556 4878 di,
2603 4811 2668 4866 et
2712 4804 2805 4866 sic
2851 4803 3176 4886 deinceps.
3224 4803 3301 4866 Et
3345 4804 3738 4885 Augustinus
3786 4805 3959 4874 dixit,

2474 4903 2801 4966 materiam
2848 4902 2915 4964 in
2960 4902 3188 4965 umbra
3238 4902 3481 4966 insimae
3528 4901 3750 4966 formae
3800 4921 3961 4966 crea·

2471 5011 2624 5065 tam.
2658 5001 2787 5064 Hoc
2818 5001 3096 5083 denique
3136 5001 3325 5064 modo
3362 5008 3586 5063 auctor
3626 5000 3774 5062 libri
3816 5001 3961 5065 Cau-

2474 5119 2689 5164 sarum
2730 5106 2794 5161 et
2823 5099 3082 5161 Proclus
3111 5100 3312 5171 aiunt,
3346 5098 3627 5161 animam
3660 5098 3957 5170 nobilem,

2473 5218 2665 5283 quam
2717 5197 2859 5261 coeli
2910 5197 3189 5259 animam
3239 5204 3553 5270 asserunt,
3598 5197 3955 5281 exemplum

2474 5297 2736 5380 quidem
2778 5313 2917 5360 esse
2958 5295 3213 5358 virtutis
3252 5294 3625 5378 superioriS,
3657 5303 3723 5359 et
3758 5313 3959 5360 exem-
