4300 6259
177 2291 350 2334 Manli.

904 519 985 566 DL·
1024 521 1251 567 mmm:
1293 520 1676 568 cnms'ruNAE.
1715 521 2018 579 Tflnonm,
2062 523 2240 570 Lmen
2283 524 2344 569 ΙΙ.
2391 541 2470 552 -··
2511 525 2650 571 Am.
2697 525 2946 571 Lmvu

3355 503 3472 569 491

375 687 554 769 gelos
592 688 660 753 in
700 691 985 774 perfecto
1022 711 1291 756 numero
1328 711 1455 758 non
1493 694 1692 758 fuisse
1734 712 1878 757 con·
1905 692 1958 757 Α
1984 696 2176 771 versi,
2226 703 2380 759 tune
2439 696 2661 780 utique
2693 698 2794 764 ‚ad
2853 696 3322 780 plenitudinem
3381 715 3481 758 su-

376 787 567 863 ditos,
641 790 987 873 pluresque
1057 792 1193 855 fore
1272 793 1565 856 homines
1642 793 1875 856 electos

376 903 573 966 quam
616 889 876 970 angelos
920 890 1244 972 reprobos

450 985 772 1069 Amplius,
833 994 897 1050 et
952 997 1049 1051 est
1106 991 1267 1052 ratio
1322 989 1633 1064 Anselmi,
1694 991 1745 1052 si
1807 991 1871 1052 in

375 1083 663 1165 perfecto
716 1105 988 1151 numero
1032 1088 1241 1169 angeli
1291 1089 1483 1151 creati
1544 1095 1714 1163 sunt,
1767 1089 1874 1151 ho-

376 1181 757 1266 minumque
802 1203 1005 1266 genus
1064 1187 1146 1249 ob
1206 1186 1270 1248 id
1326 1188 1655 1250 dumtaxat
1701 1187 1878 1249 insti-

376 1287 591 1343 tutum
628 1289 727 1344 est
767 1291 837 1344 ut
874 1284 1197 1366 lapsorum
1236 1285 1467 1366 ejectio
1506 1304 1619 1368 per
1662 1286 1875 1368 ipsum

374 1379 736 1460 repleretur
762 1399 778 1460 ;
810 1389 965 1444 tune
995 1391 1390 1465 sequeretur,
1421 1384 1714 1447 homines
1746 1391 1877 1446 tan-

372 1485 509 1540 tum
573 1480 653 1542 de
713 1482 1109 1562 perditorum
1167 1483 1539 1564 angelorum
1605 1483 1875 1546 crimine

374 1576 691 1660 lapsuque
742 1578 963 1652 laetari,
1016 1589 1325 1662 quantum
1374 1590 1437 1643 et
1482 1581 1559 1644 de
1621 1582 1877 1664 propria

372 1675 833 1757 assumptione.
878 1677 1015 1741 Non
1062 1679 1237 1741 enim
1280 1679 1593 1761 assumpti
1637 1687 1872 1752 essent,

375 1773 497 1835 nisi
532 1773 628 1836 illi
660 1776 1059 1839 cecidissent.
1097 1777 1216 1840 Sed
1248 1778 1325 1840 de
1356 1778 1626 1841 crimine
1656 1785 1719 1840 et
1750 1796 1877 1839 ma-

1985 795 2380 876 percoelestis
2451 795 2625 858 illius
2697 795 3196 878 pulchritudinis
3268 814 3486 878 super-

1987 894 2326 956 mundanae
2357 893 2633 956 civitatis
2663 895 2774 956 Dei
2806 893 3148 966 benedicti,
3175 892 3238 954 id
3269 893 3484 976 ipsum

1987 1010 2102 1073 per
2142 993 2422 1074 amplius
2464 992 2898 1055 necessarium
2945 1001 3058 1054 est.
3104 992 3484 1054 Decentissi-

1988 1108 2167 1151 mum
2214 1109 2364 1172 ergo
2407 1098 2522 1164 est,
2571 1091 2820 1154 beatam
2873 1092 3049 1153 illam
3098 1089 3310 1152 aulam
3361 1087 3486 1170 pri-

1989 1189 2075 1250 mi
2148 1189 2460 1270 principis
2526 1197 2590 1251 et
2651 1189 3032 1252 universalis
3102 1186 3486 1270 patrisfami-

1988 1285 2124 1360 lias,
2148 1305 2226 1348 ex
2258 1286 2626 1350 hominibus
2657 1287 3028 1369 angelisque
3058 1293 3366 1350 constare.
3394 1285 3482 1346 Ex

1988 1402 2115 1465 quo
2145 1402 2544 1466 consequens
2573 1391 2691 1458 est,
2719 1402 2845 1447 non
2876 1385 2959 1448 ob
2987 1385 3357 1465 angelorum
3394 1401 3484 1444 re-

1986 1481 2442 1546 staurationem
2475 1482 2916 1564 reproborum,
2950 1483 3276 1545 hominem
3308 1482 3486 1542 dum-

1985 1588 2158 1642 taxat
2206 1583 2644 1644 constitutum.
2699 1583 2839 1644 Haec
2897 1589 3110 1644 tamen
3169 1599 3294 1643 non
3347 1598 3485 1662 per-

1987 1679 2285 1741 tinaciter
2339 1681 2682 1742 asserendo
2738 1681 2908 1742 dicta
2964 1680 3113 1753 sint,
3165 1679 3275 1742 sed
3334 1679 3485 1760 quia

1987 1777 2079 1840 sic
2124 1778 2569 1840 rationabilius
2615 1779 2888 1851 videtur,
2921 1779 3126 1840 donec
3170 1776 3340 1860 quod
3384 1795 3484 1838 ve·

376 1871 437 1934 lo
482 1872 749 1936 alterius
799 1873 995 1937 laetari
1046 1893 1154 1939 eos
1204 1875 1315 1956 qui
1360 1875 1579 1938 felices
1624 1883 1772 1937 sunt
1814 1883 1876 1937 et
1912 1877 1957 1940 B
1989 1875 2159 1937 ritati
2197 1875 2430 1940 divinae
2470 1876 2624 1938 fidei
2662 1877 2941 1958 amplius
2984 1884 3479 1939 consentaneum

374 1971 983 2044 saneti,nullatenus
1014 1973 1338 2054 congruit3
1360 1992 1565 2056 neque
1597 1993 1741 2035 cum
1768 1974 1879 2035 hu-

372 2069 733 2150 juscemodi
776 2072 1199 2152 gratulatione
1238 2090 1385 2136 vere
1430 2072 1597 2135 beati
1640 2081 1873 2148 essent,

378 2187 581 2248 quum
642 2169 833 2251 plena
886 2169 1229 2252 finalisque
1288 2171 1560 2233 felicitas
1615 2189 1873 2234 omnem

376 2461 499 2524 bus
537 2463 751 2544 palam
781 2471 877 2525 est
916 2463 1158 2526 nullam
1199 2464 1333 2528 fore
1374 2466 1867 2528 immunditiam.

375 2560 1052 2643 Enimvero,quamvis
1083 2580 1197 2643 per
1224 2563 1597 2644 angelorum
1626 2582 1869 2637 casum,

368 2658 823 2722 salvandorum
880 2659 1213 2722 hominum
1274 2679 1582 2722 numerus
1648 2670 1872 2723 auctus

367 2757 473 2830 sit,
534 2775 663 2819 non
721 2765 937 2820 tamen
996 2777 1074 2820 ex
1134 2758 1253 2820 hoe
1312 2776 1710 2840 consequens
1776 2767 1872 2822 est

366 2863 439 2917 ut
466 2855 549 2918 de
581 2854 837 2918 illorum
880 2857 1237 2938 perditione
1277 2858 1568 2920 homines
1608 2857 1869 2940 quidam

365 2951 431 3015 in
493 2954 701 3034 patria
753 2953 1210 3033 jucundentur.
1264 2954 1569 3028 Quoniam
1630 2956 1867 3018 etenim

378 2282 642 2346 prorsus
710 2266 1144 2349 impuritatem
1214 2269 1611 2351 praescindat.
1675 2269 1877 2331 Erunt

165 2369 193 2396 ²
256 2386 269 2406 ‚
342 2364 649 2446 ·(inquit)
678 2364 969 2428 homines
1008 2367 1175 2428 sicut
1202 2367 1411 2448 angeli
1442 2367 1552 2429 Dei
1589 2385 1603 2430 :
1639 2368 1703 2429 in
1734 2368 1873 2450 qui-

1986 1982 2103 2048 est,
2139 1973 2596 2036 introducatur.

2261 2237 2750 2304 ARTICULUS
2797 2239 3201 2304 LXXXVII.

1994 2380 2229 2439 Utrum
2265 2387 2352 2438 tot
2384 2380 2518 2438 sint
2554 2380 2786 2455 futuri
2823 2381 3112 2439 homines
3145 2380 3485 2455 proedeati-

2066 2468 2235 2537 nati,
2265 2477 2418 2546 quot
2459 2477 2918 2528 remanserunt
2947 2471 3168 2546 anyeli
3195 2469 3399 2528 electi.

2105 2663 2129 2723 I
2177 2662 2441 2742 insuper
2499 2669 2586 2725 tot
2641 2663 2846 2744 angeli
2899 2663 3281 2726 cecidissent
3327 2671 3484 2745 quot

2132 2759 2497 2822 confirmat-i
2543 2769 2714 2832 sunt,
2760 2769 2914 2824 tunc
2959 2763 3126 2824 idem
3173 2769 3340 2824 esset
3391 2761 3481 2824 in-

1983 2859 2258 2940 quirere,
2323 2867 2536 2920 utrum
2599 2879 2905 2922 numerus
2963 2861 3299 2923 hominum
3359 2861 3479 2923 sal-

1982 2957 2336 3019 vandorum
2385 2957 2522 3019 sive
2570 2958 2859 3039 reprobis
2907 2959 3042 3021 sive
3099 2959 3321 3021 electis
3372 2979 3480 3021 an-

363 3052 507 3114 sine
542 3052 919 3134 angelorum
960 3053 1365 3116 damnatione
1409 3053 1699 3116 homines
1730 3055 1868 3137 qui·
1901 3061 1944 3124 C
1981 3054 2140 3134 gelis
2173 3055 2596 3137 coaequandus
2629 3055 2728 3116 sit.
2765 3055 2884 3118 Sed
2925 3057 3229 3138 quoniam
3270 3057 3480 3139 potius

364 3151 513 3213 dam
572 3151 859 3214 salvandi
917 3153 1191 3226 fuerant,
1254 3171 1381 3216 non
1446 3171 1707 3215 necesse
1774 3163 1870 3216 est

364 3257 659 3312 constare
706 3250 1101 3324 hominibus,
1155 3251 1267 3333 qui
1320 3268 1435 3333 pro
1492 3252 1867 3332 angelorum

364 3347 547 3430 lapsu
598 3349 912 3431 assumpti
960 3357 1131 3422 sunt,
1178 3349 1371 3431 quive
1413 3349 1495 3413 ob
1538 3349 1728 3412 aliam
1774 3371 1868 3412 ra·

362 3447 609 3509 tionem
658 3463 674 3509 :
723 3448 992 3530 ideoque
1042 3447 1259 3510 nullus
1310 3447 1388 3510 de
1434 3448 1697 3510 alterius
1748 3450 1869 3512 cri-

362 3545 539 3607 mine
585 3552 649 3607 et
695 3545 862 3608 malo
907 3545 1041 3608 illic
1086 3545 1283 3608 laetari
1329 3545 1667 3608 diceretur.
1710 3546 1869 3619 Quo-

360 3643 557 3706 modo
616 3645 791 3706 enim
852 3645 1083 3726 poterit
1139 3644 1285 3726 quis
1343 3645 1507 3707 scire
1555 3645 1751 3725 (sicut
1800 3646 1867 3707 in

360 3741 530 3804 libro
583 3741 713 3805 Cur
751 3743 917 3805 Deus
968 3742 1184 3814 homo,
1234 3741 1596 3805 manifestat
1647 3743 1867 3806 Ansel-

363 3841 541 3921 mus)
600 3849 815 3903 utrum
875 3858 993 3922 pro
1050 3840 1463 3904 restaurando
1522 3842 1691 3923 quod
1750 3842 1869 3905 im-

362 3941 689 4002 minutum
730 3938 958 4012 fuerat,
990 3957 1071 4000 an
1118 3956 1233 4021 pro
1271 3938 1655 4019 complendo
1696 3941 1867 4021 quod

360 4039 653 4104 nondum
713 4037 1071 4120 perfectum
1131 4044 1285 4110 erat,
1338 4037 1402 4098 in
1453 4055 1705 4098 summa
1756 4038 1865 4100 illa

360 4139 625 4202 civitate
666 4136 779 4199 Dei
821 4143 1193 4218 assumptus
1235 4135 1361 4196 sit?

1981 3153 2384 3215 existimatur
2420 3153 2635 3234 plures
2675 3154 3102 3235 permansisse
3146 3174 3335 3237 quam
3383 3173 3481 3217 ce-

1982 3251 2236 3326 cidisse,
2284 3251 2550 3333 jamque
2607 3259 2928 3314 ostensum
2990 3253 3093 3324 sit,
3145 3253 3483 3316 rationabi-

1983 3350 2107 3412 lius
2137 3352 2237 3431 (ut
2279 3351 2560 3431 videtur)
2589 3351 2717 3412 dici
2758 3369 2966 3433 posse,
3001 3351 3482 3414 multitudinem

1980 3447 2332 3511 electorum
2393 3448 2749 3520 hominum,
2811 3449 3230 3531 reproborum
3296 3467 3484 3530 ange-

1983 3546 2191 3609 lorum
2251 3565 2596 3608 numerum
2653 3547 3002 3625 excedere3
3063 3554 3356 3629 superest
3413 3554 3483 3609 ut

1981 3644 2059 3706 de
2106 3645 2229 3706 hoc
2285 3645 2532 3726 aliquid
2595 3644 3033 3724 investigetur,
3084 3665 3164 3708 an
3214 3652 3305 3706 tot
3354 3647 3484 3708 sint

1980 3743 2276 3805 homines
2321 3742 2630 3816 salvandi,
2674 3749 2831 3822 quot
2875 3751 3024 3805 sunt
3068 3744 3333 3824 spiritus
3377 3762 3483 3805 an-

1978 3841 2170 3923 gelici
2213 3841 2420 3904 electi.

2060 3938 2401 4020 Gregorius
2445 3939 2640 4020 igitur
2683 3939 2792 4012 ait,
2840 3938 3010 4019 quod
3057 3945 3146 4000 tot
3195 3939 3324 4000 sint
3372 3939 3481 4001 ho-

1978 4037 2185 4100 mines
2243 4037 2553 4111 salvandi,
2603 4045 2759 4119 quot
2817 4043 2969 4099 sunt
3023 4037 3232 4118 angeli
3283 4038 3476 4112 beati,

1975 4143 2039 4198 et
2096 4136 2327 4216 allegat
2399 4137 2784 4218 scripturam
2840 4154 2982 4217 quae
3038 4136 3127 4198 ait
3180 4153 3194 4198 ε
3247 4136 3479 4199 Statuit

443 4237 525 4300 At
568 4253 721 4298 vero
765 4236 859 4315 (et
906 4235 1105 4296 sumit
1162 4233 1323 4296 ratio
1371 4233 1504 4296 haec
1550 4233 1862 4314 originem
1894 4240 1944 4302 D
1974 4235 2283 4296 terminos
2330 4234 2618 4314 gentium
2666 4234 2848 4315 juxta
2897 4253 3239 4297 numerum
3297 4254 3478 4317 ange-

356 4355 441 4399 ex
472 4333 763 4398 doctrina
791 4331 1097 4412 Platonis)
1126 4331 1541 4412 pulchritudo
1580 4331 1862 4393 universi

356 4435 429 4497 in
480 4432 705 4496 ordine
753 4431 1116 4514 specierum
1168 4429 1311 4509 ejus
1362 4430 1697 4511 potissime
1744 4437 1867 4492 sta-

352 4533 601 4594 tuenda
630 4538 742 4593 est.
777 4529 1005 4592 Decuit
1040 4544 1191 4608 ergo
1239 4526 1523 4609 perfecto
1557 4529 1860 4591 mundani

349 4630 607 4696 ordinis
634 4628 872 4700 decori,
912 4635 979 4689 ut
1010 4627 1247 4689 nedum
1292 4626 1569 4708 simplex
1614 4645 1863 4709 separa-

348 4741 593 4811 tusque
634 4727 997 4790 intellectus
1040 4745 1077 4788 a
1122 4742 1377 4787 summo
1423 4743 1633 4788 rerum
1675 4726 1863 4807 opifi-

344 4847 433 4892 ce
482 4827 691 4900 fieret,
746 4826 857 4888 sed
917 4825 1110 4887 etiarn
1172 4809 1555 4904 conjunctus
1612 4826 1860 4906 corpori

342 4926 719 4991 intellectus
752 4923 1231 5006 produceretur,
1254 4929 1480 5002 utputa
1510 4921 1859 4984 humanus:

342 5033 672 5109 quatenus
728 5023 829 5104 (ut
893 5021 1065 5083 Plato
1134 5020 1389 5099 asserit)
1444 5039 1481 5082 a
1541 5021 1864 5083 mundano

342 5121 1009 5204 supermundanoque
1052 5118 1379 5182 intellectu
1413 5126 1863 5200 agnosceretur

344 5223 530 5286 Deus
585 5218 903 5280 sublimis,
956 5217 1017 5280 Si
1068 5215 1265 5298 igitur
1321 5216 1513 5279 homo
1570 5217 1865 5298 congruit

344 5317 635 5385 naturali
678 5314 1059 5400 perfectioni
1103 5333 1319 5378 rerum
1358 5321 1421 5378 et
1460 5314 1674 5378 decori
1719 5315 1859 5377 uni-

1974 4333 2184 4396 lorum
2226 4333 2358 4394 Dei.
2403 4332 2578 4405 Quod
2620 4332 2814 4395 etiam
2863 4332 3048 4394 aliter
3086 4332 3179 4394 sic
3231 4332 3474 4396 inveni-

1973 4438 2077 4492 tur
2112 4448 2125 4492 :
2162 4429 2505 4494 Constituit
2532 4431 2840 4493 terminos
2872 4431 3255 4513 populorum
3293 4431 3475 4512 juxta
3505 4456 3770 4504 mamm..

1973 4548 2318 4592 numerum
2377 4529 2664 4592 filiorum
2725 4528 2932 4590 lsrael.
2995 4529 3468 4604 Verumtamen,
3499 4523 3540 4563 ⁸·

1974 4628 2143 4690 sicut
2170 4627 2511 4690 Anselmus
2541 4627 2764 4707 tangit,
2797 4626 3066 4689 verbum
3107 4627 3277 4690 istud
3319 4629 3476 4691 mul-

1972 4725 2283 4807 tipliciter
2329 4725 2598 4806 intelligi
2644 4732 2868 4807 potest.
2919 4725 2984 4786 Si
3037 4725 3210 4787 enim
3257 4726 3342 4789 ita
3386 4727 3476 4789 di-

1974 4831 2175 4897 catur,
2193 4824 2526 4886 Constituit
2556 4823 2856 4886 terminos
2888 4823 3268 4905 populorum
3294 4824 3476 4905 juxta

1973 4940 2315 4983 numerum
2377 4921 2743 5001 angelorum
2798 4920 2930 4992 Dei,
2984 4923 3218 5003 exponi
3268 4931 3477 5004 potest

1972 5020 2049 5081 ad
2113 5027 2395 5082 mentem
2455 5017 2760 5099 Gregorii,
2812 5019 2980 5079 sicut
3035 5017 3168 5098 jam
3227 5021 3471 5082 dictum

1970 5125 2068 5180 est
2116 5136 2127 5181 :
2179 5126 2249 5179 ut
2304 5135 2418 5200 per
2471 5117 2740 5199 populos
2788 5116 2976 5178 electi
3027 5117 3321 5180 homines
3371 5119 3477 5181 de-

1971 5217 2326 5298 signentur.
2387 5217 2464 5278 Et
2521 5223 2616 5277 est
2673 5233 2898 5276 sensus
2958 5214 3075 5277 iste
3139 5232 3150 5277 :
3205 5215 3470 5278 Tamdiu

1970 5315 2402 5398 praedestinati
2451 5320 2638 5378 erunt
2680 5313 2747 5375 in
2791 5313 2913 5375 hoc
2957 5314 3220 5390 mundo,
3269 5315 3474 5382 donec
