4300 6259
980 522 1059 570 ΒΕ
1098 520 1325 569 mmm:
1366 520 1749 569 CHRISTUNAE
1788 520 2091 581 Tamum,
2134 522 2310 571 LIBER
2351 524 2414 571 11.
2459 543 2541 553 ·—
2583 526 2722 573 Am.
2766 528 2884 573 xtv

3363 506 3484 574 443

60 714 347 767 Jonas-mn,
371 694 689 768 Quoniam
731 713 874 776 quae
915 693 1149 776 placita
1188 701 1339 757 sunt
1382 693 1465 768 ei,
1507 692 1675 757 facio
1718 711 1879 756 sem·
1906 692 1959 758 A
1986 694 2367 769 AristoteliS,
2399 704 2611 761 actum
2642 704 2707 761 et
2735 697 3085 781 potentiam
3119 696 3485 761 immediate

62 778 127 818 29.

78 1698 255 1805 ἐξ.
294 1712 343 1741 w
374 1679 814 1761 operationem
880 1679 1139 1741 divinus
1206 1678 1545 1762 Dionysius
1601 1677 1883 1761 appellat

240 1778 340 1806 un.

52 4156 259 4212 Philipp.
280 4169 327 4205 η,

56 4222 93 4259 7.

372 811 506 874 per.
544 792 639 855 Ex
669 793 790 855 hoc
831 792 1027 874 igitur
1066 792 1222 856 moti
1262 800 1412 855 sunt
1456 800 1527 855 ut
1567 798 1880 875 ponerent

374 910 571 953 unam
618 899 867 953 tantum
930 891 997 953 in
1055 890 1306 955 Christo
1353 890 1744 955 voluntatem
1803 908 1877 952 ac

372 989 832 1072 operationem.
868 990 991 1053 Sed
1021 989 1273 1072 decepti
1305 997 1475 1062 sunt,
1498 1007 1626 1052 non
1658 988 1879 1051 distin-

372 1096 643 1169 guentes
676 1088 841 1151 inter
872 1107 1073 1151 unum
1117 1087 1341 1151 ordine
1380 1095 1444 1151 et
1484 1106 1685 1150 unum
1726 1088 1877 1150 sim-

375 1186 650 1267 pliciter.
674 1186 823 1249 Erat
850 1186 1089 1250 etenim
1122 1205 1247 1249 una
1276 1186 1499 1250 ordine
1534 1186 1598 1248 in
1630 1186 1879 1249 Christo

373 1284 693 1357 voluntas,
728 1286 838 1349 sed
879 1302 1007 1347 non
1048 1304 1175 1347 una
1219 1284 1618 1368 simpliciter.
1652 1285 1879 1348 Huma-

374 1402 473 1446 nae
502 1383 699 1445 etiam
731 1382 965 1447 Christi
996 1384 1279 1446 actiones
1309 1402 1387 1447 ex
1426 1382 1661 1447 divinae
1698 1391 1881 1445 natu-

374 1501 459 1545 rae
488 1482 947 1563 conjunctione
976 1481 1334 1545 efficaciam
1375 1483 1715 1564 quamdam
1749 1499 1879 1545 sor-

372 1580 505 1644 titae
585 1588 753 1644 sunt.
830 1580 1005 1645 Unde
1085 1588 1149 1643 et
1224 1581 1570 1643 humanam
1647 1579 1881 1644 Christi

373 1778 838 1852 theandricam,
881 1778 1003 1840 hoc
1043 1784 1141 1841 est
1179 1776 1564 1851 deivirilem,
1608 1777 1707 1840 vel
1746 1776 1877 1839 dei-

1987 799 2051 855 et
2086 794 2510 858 essentialiter
2550 796 2741 858 uniri.
2778 797 3188 879 Consequens
3231 803 3329 859 est
3370 796 3486 877 igi·

1986 898 2113 966 tur,
2168 900 2238 955 ut
2284 894 2638 957 secundum
2685 895 2850 959 hanc
2899 895 3307 977 positionem,
3357 912 3487 957 non

1985 989 2182 1053 fuerit
2233 1009 2441 1074 neque
2499 993 2583 1055 sit
2641 992 2928 1057 Christus
2975 1012 3166 1057 verus
3226 994 3418 1058 homo
3468 1011 3482 1055 :

1986 1088 2158 1170 quod
2213 1089 2518 1171 Apostolo
2564 1090 2896 1155 Timotheo
2943 1092 3249 1156 scribenti
3299 1110 3487 1175 repu-

1985 1194 2158 1267 gnat,
2197 1187 2349 1250 dum
2389 1188 2497 1263 ait,
2532 1188 2834 1253 Mediator
2869 1190 2980 1253 Dei
3017 1200 3078 1253 et
3121 1191 3482 1266 hominum,
3514 1210 3776 1261 1Tim.u‚5.

1987 1285 2181 1348 homo
2239 1286 2528 1349 Christus
2581 1288 2781 1352 Jesus.
2844 1289 3162 1371 AmpliuS,
3222 1290 3487 1352 materia

1986 1384 2252 1448 sortitur
2277 1386 2560 1467 speciem
2590 1406 2627 1449 a
2656 1387 2880 1450 forma.
2915 1388 3138 1451 Forma
3175 1395 3274 1451 est
3309 1388 3484 1451 enim

1988 1502 2131 1564 quae
2175 1482 2512 1565 distinguit
2555 1493 2619 1547 et
2659 1493 2929 1568 separat,
2962 1486 3312 1549 secundum
3352 1487 3490 1549 Ari·

1989 1581 2282 1644 stotelem
2321 1590 2386 1645 et
2414 1583 2781 1646 Averroem.
2817 1582 3126 1647 Similiter
3167 1603 3314 1648 caro
3358 1603 3487 1649 non

1988 1678 2224 1741 dicitur
2251 1680 2552 1755 humana,
2583 1681 2708 1745 nisi
2741 1682 2982 1745 ratione
3015 1682 3270 1747 unionis
3302 1683 3489 1746 ratio-

1988 1776 2154 1840 nalis
2181 1778 2413 1842 animae
2447 1796 2461 1841 ε
2495 1788 2784 1862 separata
2814 1781 2987 1844 enim
3025 1781 3238 1844 anima
3277 1800 3314 1843 a
3353 1798 3487 1843 cor·

372 1874 672 1949 formem,
704 1884 813 1938 aut
842 1876 1147 1959 quoniam
1176 1875 1457 1939 hominis
1485 1884 1549 1938 et
1579 1874 1687 1938 Dei
1718 1882 1871 1938 erat.
1912 1880 1960 1943 B
1989 1892 2165 1958 pore,
2200 1893 2286 1949 OS,
2320 1894 2487 1951 care,
2521 1878 2767 1951 oculus,
2801 1888 2865 1942 et
2903 1878 3161 1955 similia,
3196 1898 3322 1942 non
3363 1880 3488 1942 nisi

752 2136 1243 2203 ARTICULUS
1288 2136 1495 2202 XLV.

364 2279 453 2339 Et
474 2285 571 2336 est
589 2276 949 2353 disputatio
963 2286 1191 2337 contra
1202 2288 1515 2354 ponentes
1530 2280 1602 2339 in
1619 2280 1874 2340 Christo

436 2386 571 2426 non.
599 2368 729 2425 sibi
752 2368 1103 2443 conjuncta
1132 2385 1369 2443 corpus
1398 2376 1457 2427 et
1486 2368 1801 2427 animam.

514 2562 1057 2626 UEMADMODUM
1100 2570 1316 2626 autem
1366 2582 1443 2625 ex
1494 2582 1761 2647 corpore
1810 2573 1873 2627 et

370 2556 507 2759 Q
542 2660 961 2724 intellectuali
1025 2662 1238 2723 anima
1296 2662 1706 2725 constituitur
1761 2663 1873 2726 ho-

366 2776 498 2834 me,
531 2759 627 2821 sic
655 2778 735 2821 ex
765 2759 883 2821 hac
912 2757 1127 2821 anima
1156 2768 1219 2821 et
1261 2776 1527 2840 corpore
1570 2760 1689 2824 hoc
1724 2779 1871 2825 con-

364 2858 661 2920 stituitur
715 2858 822 2919 hic
879 2856 1090 2920 homo.
1143 2858 1235 2920 Ne
1282 2875 1432 2938 ergo
1492 2859 1872 2940 posteriores

364 2956 631 3039 quidam
664 2956 731 3017 in
759 2974 1007 3018 errores
1036 2954 1308 3018 Nestorii
1340 2956 1495 3018 duas
1529 2956 1591 3018 in
1625 2958 1873 3021 Christo

1986 1974 2313 2056 aequivoce
2356 1975 2675 2039 dicuntur.
2712 1977 2776 2041 Si
2820 1977 3015 2058 igitur
3053 1996 3182 2042 non
3227 1978 3491 2042 unieba-

1987 2079 2091 2133 tur
2120 2072 2189 2135 in
2219 2072 2472 2137 Christo
2505 2075 2722 2138 anima
2759 2076 3035 2158 corpori,
3067 2095 3194 2140 non
3236 2075 3488 2140 diceba·

1985 2177 2091 2231 tur
2118 2186 2352 2253 corpus
2381 2190 2494 2234 seu
2527 2190 2672 2236 caro
2703 2173 2960 2248 Christi,
2985 2192 3218 2257 corpus
3247 2182 3313 2238 et
3342 2193 3489 2239 caro

1985 2286 2133 2331 cum
2195 2287 2460 2352 corpore
2507 2278 2574 2333 et
2623 2290 2814 2334 carne
2863 2279 3224 2337 ceterorum
3285 2273 3488 2336 homi-

1984 2385 2141 2429 num
2175 2367 2464 2441 univoce,
2481 2369 2591 2432 sed
2619 2370 2946 2451 aequivoce
2976 2372 3325 2435 dumtaxat.
3349 2372 3486 2435 Non

1984 2464 2179 2545 igitur
2216 2472 2386 2528 esset
2425 2466 2712 2529 Christus
2757 2468 2949 2531 homo
2990 2488 3180 2532 verus
3215 2487 3229 2532 ε
3264 2478 3327 2533 et
3366 2470 3488 2534 hoc

1984 2562 2200 2645 ipsum
2231 2562 2298 2625 in
2321 2580 2604 2627 errorem
2647 2564 2964 2628 Valentini
3007 2584 3170 2647 pene
3209 2566 3485 2648 prolabi-

1980 2668 2103 2724 tur.
2136 2661 2218 2723 At
2246 2679 2420 2735 vero,
2455 2662 2650 2725 ceteri
2681 2662 2975 2726 homines
3010 2664 3151 2728 ideo
3190 2665 3486 2728 homines

1978 2758 2408 2843 appellantur,
2441 2760 2746 2841 quoniam
2792 2761 2916 2825 sibi
2962 2762 3337 2826 naturaliter
3381 2781 3482 2827 co-

1982 2859 2163 2921 unita
2201 2858 2440 2921 habent
2479 2876 2712 2942 corpus
2752 2868 2816 2923 et
2856 2860 3158 2923 animam.
3194 2861 3258 2925 Si
3290 2862 3486 2943 igitur

1984 2957 2272 3020 Christus
2323 2956 2547 3020 habuit
2594 2976 2828 3040 corpus
2885 2966 2950 3023 et
2996 2960 3302 3034 animam,
3355 2978 3484 3023 non

366 3071 675 3138 personas
718 3054 1053 3116 statuentis
1100 3053 1477 3126 inciderent,
1512 3072 1639 3117 non
1682 3056 1871 3119 aude·
1905 3056 1950 3121 C
1980 3062 2195 3119 autem
2243 3056 2610 3137 conjuncta,
2655 3074 2784 3119 non
2831 3058 3102 3121 univoce
3145 3058 3481 3123 nobiscum

364 3152 523 3215 bant
552 3151 847 3215 confiteri
880 3170 1111 3234 corpus
1157 3160 1222 3214 et
1260 3152 1543 3215 animam
1591 3153 1654 3215 in
1696 3154 1872 3217 Chri·

360 3260 465 3315 sto
503 3250 632 3313 sibi
680 3250 960 3314 invicem
1011 3251 1146 3313 fore
1198 3250 1376 3314 unita
1428 3269 1442 3315 :
1494 3270 1577 3315 ne
1626 3252 1873 3315 scilicet

360 3350 523 3412 duas
584 3366 889 3431 personas
949 3367 1062 3411 seu
1123 3349 1521 3432 hypostaseS,
1570 3349 1874 3413 videlicet

362 3447 559 3511 Verbi
614 3455 679 3510 et
736 3447 1039 3521 hominiS,
1099 3447 1436 3511 admittere
1496 3450 1561 3511 in
1620 3449 1870 3513 Christo

362 3552 769 3626 cogerentur.
832 3544 1045 3620 Porro,
1108 3564 1189 3607 ne
1255 3553 1551 3609 naturam
1618 3554 1869 3610 tantum

362 3662 565 3706 unam
600 3644 663 3705 in
704 3643 953 3708 Christo
992 3649 1305 3726 ponerent
1346 3663 1493 3707 cum
1538 3644 1873 3728 Eutychia-

360 3742 493 3815 nis,
554 3742 855 3803 dixerunt
910 3740 1191 3805 Verbum
1248 3742 1675 3825 assumpsisse
1732 3743 1871 3806 ani-

362 3860 543 3903 mam
602 3848 667 3903 et
720 3857 953 3922 corpus
1010 3839 1387 3903 accidentali
1445 3842 1654 3917 modo,
1706 3842 1873 3905 sicut

362 3938 565 4001 homo
608 3938 877 4001 assumit
920 3937 1369 4001 indumentum
1405 3956 1419 4001 :
1454 3939 1547 4001 sic
1590 3958 1869 4003 errorem

366 4036 743 4119 Eutychetis
773 4036 1136 4110 evadenteS,
1172 4036 1461 4119 illudque
1497 4036 1873 4119 inducentes

364 4133 681 4216 Apostoli,
733 4132 811 4195 Et
866 4133 1092 4197 habitu
1150 4134 1449 4197 inventus
1494 4141 1565 4197 ut
1611 4134 1803 4199 homo
1854 4153 1868 4197 ε

1982 3162 2154 3217 esset
2189 3154 2381 3217 homo
2426 3171 2440 3216 :
2485 3154 2590 3217 cui
2639 3163 2953 3238 repugnat
3001 3158 3173 3239 quod
3220 3159 3483 3241 Aposto-

1982 3251 2083 3315 lus
2126 3252 2237 3326 ait,
2271 3251 2506 3315 Debuit
2545 3252 2818 3336 (inquit)
2857 3273 2971 3336 per
3010 3256 3230 3319 omnia
3271 3255 3483 3319 fratri·
3511 3278 3774 3329 monim-1.

1981 3349 2103 3414 bus
2146 3349 2558 3414 conformari.

2058 3448 2307 3523 Adhuc,
2369 3448 2424 3511 si
2480 3449 2962 3513 accidentaliter
3027 3450 3236 3516 solum
3307 3452 3485 3514 unita

1981 3554 2131 3611 sunt
2157 3546 2367 3610 Verbo
2395 3564 2628 3630 corpus
2659 3555 2723 3611 et
2750 3549 2985 3625 anima,
3019 3568 3168 3613 vere
3197 3550 3322 3613 dici
3357 3568 3483 3613 non

1982 3651 2191 3728 potest
2249 3644 2315 3708 in
2373 3645 2622 3708 duabus
2672 3648 2917 3710 naturis
2977 3656 3120 3730 post
3178 3647 3482 3710 unionem

1983 3743 2306 3807 Christum
2353 3743 2704 3807 subsistere
2755 3761 2770 3805 ε
2823 3762 2951 3807 non
3011 3746 3185 3808 enim
3245 3746 3484 3808 dicitur

1982 3842 2173 3904 homo
2227 3841 2293 3902 in
2346 3840 2595 3904 duabus
2645 3842 2789 3904 ideo
2839 3841 3188 3907 subsistere
3238 3843 3481 3905 naturis

1982 3940 2285 4022 quoniam
2316 3939 2580 4003 alterius
2609 3947 2852 4004 naturae
2883 3941 3260 4006 indumento
3293 3942 3479 4005 vesti-

1980 4046 2085 4101 tus
2122 4046 2238 4101 est.
2281 4038 2410 4102 Hoc
2455 4056 2606 4102 vero
2649 4039 2884 4114 dicere,
2931 4046 3027 4102 est
3071 4040 3480 4123 Eutychianae

1982 4136 2299 4210 falsitatis,
2351 4156 2491 4219 quae
2541 4136 2606 4199 in
2655 4136 3153 4201 Chalcedonensi
3205 4139 3480 4203 concilio

364 4232 611 4295 etenim
646 4232 725 4294 de
756 4231 1007 4295 Christo
1036 4230 1339 4313 loquitur.
1372 4232 1517 4295 Fuit
1545 4231 1763 4315 itaque
1792 4233 1871 4296 de
1901 4236 1951 4298 D
1980 4235 2276 4299 damnata
2341 4242 2455 4298 est.
2515 4234 2841 4310 Praeterea‚
2903 4238 3256 4300 secundum
3316 4238 3480 4301 hanc

362 4330 611 4394 unione
647 4329 841 4393 Verbi
878 4337 943 4392 et
990 4329 1271 4393 hominis
1318 4330 1551 4413 positio
1601 4332 1869 4395 istorum

360 4430 517 4503 ista,
547 4430 717 4512 quod
745 4428 961 4491 anima
990 4435 1055 4491 et
1084 4446 1317 4511 corpus
1358 4447 1484 4493 non
1524 4439 1706 4493 erant
1742 4431 1866 4495 sibi

357 4536 597 4592 mutuo
626 4526 969 4608 conjuncta
1008 4526 1075 4589 in
1116 4526 1366 4591 Christo
1407 4528 1484 4590 ad
1530 4529 1721 4592 unius
1765 4549 1870 4592 na-

352 4635 531 4691 turae
587 4622 1151 4703 constitutionem3
1202 4625 1313 4688 sed
1374 4634 1719 4710 utrumque
1778 4628 1869 4691 di-

353 4725 603 4790 cebant
663 4724 1041 4788 accidentali
1106 4726 1295 4789 modo
1357 4734 1757 4809 assumptum
1830 4748 1868 4791 a

348 4822 595 4889 Verbo.

440 4922 569 4987 Sed
624 4921 763 4985 haec
819 4919 1154 4983 aestimatio
1209 4920 1472 4984 omnino
1528 4920 1690 4984 falsa
1746 4931 1861 4986 est.

348 5022 505 5087 Non
534 5026 633 5083 est
659 5018 835 5083 enim
867 5019 1147 5081 humana
1170 5018 1419 5099 species
1458 5019 1597 5082 sine
1636 5020 1865 5085 animae

1978 4334 2378 4418 opinionem,
2411 4334 2538 4397 dici
2570 4352 2694 4398 non
2730 4341 2945 4416 posset
2982 4335 3152 4417 quod
3193 4337 3359 4399 Deus
3399 4337 3483 4400 sit

1979 4452 2057 4496 ex
2086 4432 2348 4513 Virgine
2378 4439 2660 4506 natuS‚et
2693 4452 2917 4515 passus
2949 4441 3140 4515 atque
3169 4434 3478 4517 sepultus.

1978 4532 2137 4595 Nam
2170 4531 2528 4594 indumenti
2563 4531 2774 4613 passio
2802 4538 2867 4593 et
2894 4532 3322 4607 acti0,induto
3352 4551 3479 4597 non

1978 4637 2189 4713 potest
2229 4629 2512 4692 attribui.

2057 4728 2203 4792 Haec
2233 4734 2446 4790 autem
2480 4728 2710 4810 positio
2749 4746 2915 4810 pene
2953 4728 3246 4792 omnium
3287 4730 3479 4793 haere-

1976 4826 2372 4891 siarcharum
2416 4825 2746 4905 figmenta,
2779 4846 2921 4907 quae
2962 4826 3225 4908 putabat
3253 4828 3476 4891 evade·

1976 4945 2067 5000 re,
2099 4923 2406 4987 illabitur.
2442 4923 2724 4986 Dicendo
2763 4941 2996 5005 nempe
3024 4923 3305 4987 Verbum
3347 4944 3478 4989 car-

1976 5023 2041 5085 ni
2112 5030 2177 5085 et
2232 5020 2463 5084 animoe
2529 5020 3006 5084 accidentaliter
3071 5021 3266 5097 uniri,
3328 5042 3476 5086 cum

350 5118 693 5184 rationalis
723 5116 1138 5199 corporisque
1168 5116 1495 5179 essentiali
1526 5118 1757 5200 copula
1792 5140 1865 5183 ac
1973 5120 2264 5184 Nestorio
2321 5110 2644 5193 convenit,
2705 5119 2816 5201 qui
2873 5119 3228 5182 secundum
3299 5122 3476 5184 inha-

100 5244 181 5282 ω.
208 5253 313 5281 ω..
349 5226 591 5283 mutua
642 5214 1115 5295 conjunctione.
1178 5214 1248 5277 In
1316 5216 1527 5297 primo
1586 5235 1865 5299 namque
1975 5217 2350 5280 bitationem
2419 5217 2634 5299 gratiae
2701 5216 3044 5297 singularis
3110 5218 3272 5280 dixit
3326 5221 3477 5282 Ver-

346 5317 609 5383 dudum
650 5314 1157 5377 demonstratum
1201 5320 1299 5376 est
1340 5332 1418 5376 ex
1460 5314 1861 5379 documentis
1973 5315 2131 5379 bum
2176 5315 2423 5379 homini
2469 5315 2741 5379 unitum.
2777 5312 3028 5379 Etenim
3076 5314 3478 5383 inhabitatio-
