4300 6259
852 467 973 534 494

1503 487 1583 534 ΒΕ
1623 486 1850 534 mem
1892 485 2273 534 cumsnANAE
2313 483 2614 542 ΤΗΕΟΒῘΕ,
2657 485 2833 532 tumn
2873 486 2936 532 n.
2983 503 3062 514 ·-
3104 485 3242 532 Am.
3286 483 3364 532 XC

858 655 1081 737 utique
1138 674 1265 720 non
1324 675 1526 739 pauca
1593 657 1955 720 indecentia
2022 656 2356 719 indecens·
2383 655 2434 718 A
2467 655 2653 718 detur
2693 655 2908 718 futura
2948 654 3194 736 integra
3236 661 3300 717 et
3341 652 3712 716 universalis
3751 671 3946 716 resur·

860 771 984 836 que
1032 755 1315 836 corporis
1371 755 1739 836 magnitudo
1789 760 2350 837 consequerentur.

764 873 826 905 v··
936 853 1016 914 At
1058 871 1210 916 vero
1238 854 1593 916 secundum
1632 853 1785 916 fidei
1834 853 2213 926 doctrinam,
2247 852 2354 914 ho-

602 962 617 1006 1
637 963 739 1006 Cor.
756 976 781 1004 x

566 1030 632 1070 53.

785 976 826 1013 v,
862 950 1065 1012 mines
1109 959 1443 1032 resurgent
1488 951 1899 1013 immortales.
1948 951 2218 1014 Necesse
2261 956 2359 1012 est

858 1047 1058 1120 enim,
1106 1055 1177 1107 ut
1231 1047 1441 1129 inquit
1487 1047 1850 1129 Apostolus,
1916 1046 2182 1110 mortale
2237 1046 2357 1108 hoc

859 1144 1123 1206 induere
1172 1144 1742 1208 immortalitatem.
1798 1145 1926 1208 Hoc
1972 1153 2189 1206 autem
2240 1145 2357 1206 im-

858 1241 1167 1324 possibile
1230 1249 1512 1324 apparet.
1585 1243 1963 1305 Differentia
2032 1243 2206 1304 enim
2265 1241 2356 1303 rei

857 1346 920 1402 et
979 1341 1237 1422 propria
1294 1341 1525 1422 passiO,
1576 1342 1838 1404 omnino
1900 1340 2358 1422 inseparabiles

856 1447 1007 1501 sunt
1045 1457 1084 1500 a
1132 1458 1199 1502 re
1249 1439 1389 1521 ipsa
1434 1457 1447 1500 ε
1496 1439 1860 1523 implicaret
1906 1440 2168 1513 etenim,
2219 1456 2360 1500 esse

856 1536 1101 1619 aliquid
1130 1537 1390 1612 animal,
1426 1545 1488 1602 et
1530 1555 1657 1600 non
1690 1538 2073 1600 sensitivum
2102 1543 2168 1599 et
2201 1537 2359 1598 mix-

856 1643 1014 1697 tum.
1068 1635 1210 1709 Sed,
1264 1636 1431 1698 sicut
1481 1636 1865 1719 Porphyrius
1924 1636 2034 1710 ait,
2098 1636 2362 1698 mortale

856 1740 955 1796 est
1008 1733 1367 1796 essentialis
1426 1732 1792 1796 differentia
1848 1734 2151 1796 hominis.
2205 1734 2362 1796 Mor-

2469 754 2687 828 rectio,
2739 754 2792 816 si
2852 752 3122 815 cuilibet
3179 770 3306 815 non
3365 752 3730 814 restituatur
3780 751 3944 833 quod

2467 851 2573 913 hic
2611 850 2853 913 habuit.
2895 850 3158 913 Videtur
3203 866 3354 931 ergo
3401 868 3530 912 non
3579 867 3710 912 esse
3755 849 3944 931 possi·

2469 950 2618 1013 bilis
2661 949 3058 1012 resuscitatio
3104 957 3523 1010 mortuorum.

2548 1048 2857 1129 Denique,
2926 1046 3232 1130 possibile
3296 1053 3563 1129 apparet
3617 1053 3683 1107 ut
3733 1046 3946 1108 eadem
3970 1073 4060 1106 vm

2471 1146 2735 1208 materia
2781 1144 3052 1207 diversis
3097 1144 3430 1206 hominum
3479 1143 3699 1206 formis
3737 1162 3951 1206 secun-

2469 1245 2624 1306 dum
2682 1251 3046 1325 temporum
3106 1242 3442 1306 intervalla
3498 1241 3780 1322 subjecta
3835 1242 3952 1320 sit;

2471 1359 2598 1404 non
2648 1349 2858 1404 tamen
2910 1341 3161 1403 videtur
3209 1341 3378 1423 quod
3429 1341 3494 1402 in
3543 1339 3830 1423 pluribus
3875 1357 3959 1400 re-

2473 1439 2639 1502 sumi
2688 1440 2905 1522 possit.

2881 1701 3372 1766 ARTICULUS
3417 1701 3560 1766 XC.

856 1832 981 1894 tale
1038 1851 1271 1914 nempe
1326 1833 1425 1911 (ut
1486 1833 1601 1912 ait)
1656 1833 1943 1896 additum
2003 1832 2211 1906 nobiS,
2271 1836 2438 1899 se-B
2474 1845 2559 1904 Ec
2605 1852 2696 1901 est
2746 1843 3074 1917 responsio
3113 1843 3572 1917 praeinductas
3619 1843 3964 1902 instantias

857 1936 1038 2013 parat
1066 1949 1180 1994 nos
1211 1950 1248 1992 a
1290 1931 1537 1994 ceteris.
1576 1931 1652 1993 Et
1694 1933 1747 1994 si
1793 1932 1937 2014 quis
1968 1931 2158 2005 dicat,
2192 1931 2363 2012 quod

858 2046 984 2091 non
1038 2030 1119 2092 sit
1170 2048 1321 2092 vera
1366 2029 1758 2104 differentia,
1806 2039 1902 2092 est
1949 2038 2164 2093 tamen
2214 2047 2363 2092 vera

859 2127 1094 2210 passio,
1147 2129 1317 2190 sicut
1370 2135 1433 2190 et
1492 2128 1931 2211 corruptibile.
1984 2129 2138 2191 Nam
2199 2145 2363 2190 mor-

861 2224 984 2288 tale
1041 2233 1105 2288 et
1162 2227 1580 2308 corruptibile
1637 2228 1714 2290 de
1774 2227 2033 2290 homine
2100 2228 2361 2290 demon-

858 2325 1045 2386 strari
1104 2333 1371 2407 possunt
1434 2343 1446 2386 :
1510 2327 2019 2388 concomitantur
2084 2345 2361 2407 namque

736 2501 755 2516 ·
860 2424 1225 2486 essentialia
1285 2424 1509 2506 ipsius,
1569 2432 1863 2487 naturam
1922 2425 2172 2487 scilicet
2236 2424 2364 2486 ele-

864 2531 1215 2584 mentarem
1250 2541 1363 2584 seu
1402 2523 1857 2586 mixtionalem.
1892 2523 2181 2605 Separari
2213 2541 2362 2604 ergo

861 2637 985 2684 non
1022 2629 1438 2703 poteruntzet
1472 2641 1585 2704 per
1614 2640 2037 2704 consequenS,
2074 2623 2359 2704 ipsorum

860 2719 1174 2801 opposita,
1230 2726 1455 2802 utputa
1515 2720 1945 2801 incorruptela
1991 2728 2054 2782 et
2102 2721 2362 2782 immor-

859 2818 1093 2890 talitaS,
1129 2818 1423 2881 humanae
1460 2827 1701 2880 naturae
1732 2825 2094 2900 competere
2125 2837 2360 2900 neque-

862 2924 999 2989 unt,
1037 2917 1389 2998 praesertim
1434 2936 1631 2998 quum
1674 2917 2095 2998 Philosophus
2135 2917 2362 2999 probet

3053 1950 3393 1991 evacuari-3.

2617 2127 3148 2190 EMEMORANDA
3179 2135 3328 2190 sunt
3366 2127 3694 2209 equidem,
3726 2147 3862 2210 quae
3898 2128 3959 2189 in

2643 2225 3084 2309 superioribus
3122 2225 3293 2288 dicta
3337 2233 3486 2288 sunt
3523 2227 3602 2289 de
3645 2233 3810 2288 statu
3853 2225 3958 2308 qui
3999 2257 4186 2304 5211„st

2473 2325 2718 2388 homini
2745 2332 2892 2388 ante
2933 2325 3188 2407 culpam
3224 2325 3650 2407 competebat.
3693 2325 3756 2388 Si
3793 2326 3958 2387 enim
3983 2335 4041 2364 ¹⁴¹·

2473 2443 2644 2487 mors
2703 2431 2802 2487 est
2859 2441 3048 2506 poena
3107 2423 3335 2505 culpae,
3395 2425 3752 2486 secundum
3814 2444 3961 2507 prae·

2474 2523 2709 2595 habita,
2771 2531 2924 2584 tunc
2982 2523 3192 2605 palam
3251 2529 3369 2596 est,
3430 2524 3600 2604 quod
3659 2524 3716 2586 si
3779 2523 3963 2586 homo

2473 2627 2597 2684 non
2639 2627 2988 2703 peccasset,
3034 2620 3254 2684 mortis
3295 2622 3657 2684 necessitati
3699 2621 3964 2684 substra-

2472 2731 2573 2784 tus
2623 2740 2750 2785 non
2797 2729 2985 2785 esset.
3040 2720 3322 2784 Contulit
3367 2739 3519 2802 ergo
3565 2721 3822 2784 Creator
3867 2720 3966 2781 ho-

2473 2820 2630 2882 mini
2665 2821 2730 2882 in
2764 2817 3115 2903 primordio
3146 2817 3568 2881 institutionis
3599 2837 3753 2892 suae,
3776 2817 3964 2899 quod-

2472 2919 2618 2981 dam
2665 2916 3150 3000 supernaturale
3197 2917 3461 2990 donum‚
3509 2917 3682 2998 quod
3730 2915 3967 2979 scilicet

862 3033 1051 3077 omne
1101 3014 1519 3095 corruptibile
1571 3016 1951 3097 quandoque
2006 3016 2085 3077 de
2142 3021 2433 3086 neces-C
2473 3017 2789 3079 naturalia
2838 3016 3043 3098 ipsius
3092 3014 3413 3097 principia
3470 3015 3962 3097 supergreditur,

862 3113 1047 3176 sitate
1091 3131 1343 3176 corrum
1355 3113 1443 3194 pi.

756 3235 833 3270 vr.
942 3212 1266 3284 Praeterea,
1317 3211 1451 3274 haec
1514 3219 1914 3273 mortuorum
1974 3212 2362 3275 resurrectio

861 3309 1049 3372 fieret
1107 3317 1217 3372 aut
1274 3328 1390 3391 per
1446 3311 1859 3382 creationem,
1921 3319 2029 3372 aut
2085 3329 2200 3392 per
2255 3329 2359 3390 ge-

858 3408 1272 3471 nerationem.
1324 3409 1456 3471 Non
1501 3409 1672 3470 enim
1718 3409 2018 3471 videntur
2057 3409 2198 3471 aliae
2242 3409 2360 3472 viae

857 3506 1251 3588 producendi
1296 3525 1407 3568 seu
1451 3506 1822 3588 acquirendi
1870 3507 2225 3568 humanum
2269 3525 2361 3568 es·

854 3623 941 3667 se.
979 3605 1099 3667 Sed
1144 3623 1258 3686 per
1299 3605 1685 3667 creationem
1732 3605 1875 3667 fieri
1920 3624 2044 3667 non
2092 3613 2300 3686 potest
2341 3623 2355 3667 ε

855 3704 947 3766 sic
1004 3704 1176 3766 enim
1223 3703 1455 3766 animae
1510 3704 1766 3785 penitus
1828 3711 1968 3785 post
2016 3704 2361 3785 separatio-

856 3820 1003 3863 nem
1053 3819 1180 3863 non
1242 3809 1592 3862 manerent.
1650 3801 1771 3863 Sed
1830 3820 2037 3883 neque
2098 3819 2212 3883 per
2258 3820 2362 3882 ge-

856 3899 1251 3960 nerationem
1287 3898 1428 3961 fieri
1472 3916 1657 3980 posse
1688 3899 1943 3961 videtur
1976 3917 1990 3960 :
2025 3905 2162 3960 tum
2210 3899 2362 3980 quia

856 3997 1182 4077 generatio
1228 4014 1353 4059 non
1386 4005 1483 4060 est
1512 3998 1927 4071 instantanea,
1962 3998 2170 4079 qualis
2201 4017 2358 4080 prae-

859 4095 1185 4157 nominata
1229 4096 1512 4157 creditur
1558 4097 1981 4174 resurrecti03
2028 4104 2161 4157 tum
2209 4097 2360 4178 quia

2473 3113 3143 3197 incorruptibilitatem
3189 3113 3512 3176 videlicet.
3545 3114 3754 3186 Quum
3800 3113 3964 3176 enim

2469 3212 2661 3275 homo
2691 3211 3064 3274 naturaliter
3093 3211 3178 3272 sit
3206 3209 3362 3291 quid
3405 3210 3680 3270 mixtum
3722 3229 3800 3272 ex
3831 3227 3966 3271 con-

2469 3311 2680 3373 trariis
2730 3315 3049 3384 constanS,
3095 3308 3542 3388 hujuscemodi
3595 3307 3966 3389 incorrupti·

2470 3407 2684 3471 bilitas
2731 3407 3038 3470 naturalis
3086 3425 3226 3469 esse
3273 3423 3400 3468 non
3451 3405 3708 3468 valebat
3754 3425 3964 3469 secun-

2469 3508 2623 3568 dum
2669 3506 2952 3569 activum
3003 3504 3270 3568 interius
3309 3522 3502 3584 agens
3551 3504 3958 3586 principium.

2468 3606 2942 3678 Verumtamen,
2967 3602 3542 3684 incorruptibilitas
3573 3603 3698 3664 ista
3726 3601 3962 3665 homini

2471 3703 2935 3784 quodammodo
2966 3701 3274 3764 naturalis
3305 3700 3534 3774 fuerat,
3568 3701 3964 3763 consideran·

2469 3803 2550 3864 do
2595 3800 2895 3864 videlicet
2937 3818 3169 3882 corpus
3212 3799 3566 3860 humanum
3613 3800 3960 3862 secundum

2467 3900 2782 3972 ordinem,
2816 3899 3200 3980 exigentiam
3233 3905 3298 3959 et
3329 3898 3592 3960 modum
3621 3897 3799 3960 finis.
3833 3898 3964 3960 For·

2470 4019 2572 4062 ma
2629 4000 2871 4081 quippe
2919 4005 3016 4060 est
3064 3996 3220 4058 finis
3281 3997 3580 4058 materiae.
3635 3996 3963 4078 Quumque

2469 4097 2796 4160 rationalis
2843 4097 3058 4158 anima
3106 4095 3190 4156 sit
3239 4093 3622 4156 immortalis
3669 4095 3961 4169 essentia,

861 4193 927 4254 in
974 4193 1384 4272 generatione
1434 4193 1641 4255 forma
1696 4195 1895 4273 geniti
1944 4212 2068 4257 non
2120 4214 2358 4276 praeex·
2389 4197 2439 4260 D
2469 4195 2764 4276 congruit
2809 4195 2868 4256 ei
2919 4211 3150 4275 corpus
3200 4192 3712 4273 incorruptibile,
3761 4200 3966 4274 quate-

862 4291 1030 4354 sistit
1066 4291 1459 4370 generationi
1496 4307 1510 4352 ε
1544 4300 1722 4353 actus
1761 4291 1933 4352 enim
1975 4300 2037 4353 et
2076 4293 2360 4373 potentia

863 4387 927 4449 in
967 4387 1190 4450 eodem
1237 4387 1432 4449 simul
1476 4395 1763 4469 tempore
1802 4396 1971 4462 sunt,
2004 4390 2360 4452 secundum

861 4486 1341 4567 Philosophum.
1405 4486 1527 4548 Sed
1584 4487 1815 4549 animae
1864 4486 2198 4549 hominum
2247 4488 2362 4550 im-

861 4584 1159 4647 mortales
1204 4593 1369 4646 sunt.
1406 4585 1571 4647 Talis
1614 4603 1763 4666 ergo
1804 4585 2225 4662 resuscitatio,
2257 4605 2360 4668 ge-

860 4683 1106 4746 neratio
1148 4683 1529 4765 appellanda
1572 4701 1697 4745 non
1743 4692 1857 4746 est.

765 4811 827 4846 w.
939 4781 1255 4863 AmpliuS,
1290 4781 1594 4863 possibile
1640 4790 1736 4844 est
1776 4782 2069 4844 homines
2111 4783 2360 4865 aliquos

861 4881 1154 4942 humanis
1185 4880 1487 4942 carnibus
1528 4881 1722 4954 vesci,
1756 4881 1994 4962 talique
2034 4881 2362 4944 dumtaxat

860 4979 1166 5042 alimento
1236 4979 1490 5052 nutriri,
1552 4986 1616 5040 et
1680 4979 1772 5040 sic
1843 4979 2115 5042 nutritos
2187 4979 2358 5043 filios

859 5095 1164 5158 generare
1200 5094 1213 5138 :
1248 5077 1313 5138 in
1347 5076 1642 5157 pluribus
1672 5093 1822 5158 ergo
1852 5076 2223 5138 hominibus
2255 5097 2358 5140 ea-

858 5176 1006 5237 dem
1056 5191 1203 5236 caro
1252 5172 1594 5236 invenitur.
1648 5174 1768 5237 Sed
1819 5174 2218 5256 impossibile
2265 5183 2360 5238 est

862 5279 932 5336 ut
976 5272 1042 5335 in
1086 5272 1381 5356 pluribus
1424 5280 1730 5353 resurgat.
1774 5273 1993 5355 Neque
2036 5273 2222 5336 aliter
2265 5275 2357 5337 vi-

2469 4313 2590 4356 nus
2634 4293 2850 4356 debita
2890 4291 3216 4374 proportio
3259 4289 3343 4352 sit
3385 4291 3553 4352 inter
3591 4290 3870 4353 formam
3909 4297 3965 4352 et

2472 4393 2824 4454 materiam.
2872 4391 3180 4471 Denique,
3227 4407 3450 4452 aversa
3491 4389 3825 4453 voluntate
3869 4390 3966 4452 ho-

2472 4492 2663 4554 minis
2708 4491 2787 4553 ab
2833 4490 3106 4572 imperio
3147 4487 3527 4562 ConditoriS,
3561 4488 3682 4550 hoc
3731 4489 3965 4553 donum

2469 4588 2755 4651 ablatum
2812 4595 2929 4661 est,
2982 4595 3046 4649 et
3095 4585 3410 4648 moriendi
3471 4587 3825 4649 necessitas
3881 4605 3967 4649 se-

2471 4693 2634 4749 cuta.
2657 4686 2910 4749 Constat
2938 4703 3108 4766 ergo,
3142 4685 3311 4767 quod
3343 4684 3590 4747 homini
3620 4686 3968 4748 secundum

2469 4785 2949 4868 primordialem
2997 4803 3178 4846 suam
3239 4784 3711 4847 institutionem
3779 4784 3970 4848 consi·

2469 4887 2707 4960 derato,
2763 4902 2932 4946 mors
2980 4883 3162 4966 quasi
3220 4883 3700 4945 accidentaliter
3761 4901 3968 4966 super-

2469 4984 2646 5045 venit
2693 4990 2997 5064 tanquam
3047 4981 3250 5064 culpae
3297 4999 3508 5062 poena.
3555 4981 3669 5042 Est
3709 4981 3968 5063 insuper

2469 5088 2532 5143 et
2571 5082 2696 5143 alia
2739 5080 3162 5143 consideratio
3203 5099 3328 5162 qua
3373 5079 3842 5143 rationabiliter
3876 5098 3966 5143 os-

2467 5178 2644 5239 tendi
2686 5185 2915 5258 potest,
2966 5177 3135 5259 quod
3195 5176 3491 5240 rationali
3547 5177 3790 5242 animae
3844 5195 3966 5240 cor-

2469 5294 2588 5357 pus
2619 5274 3110 5357 incorruptibile
3139 5275 3576 5358 copulandum
3605 5277 3844 5354 fuerat,
3863 5277 3964 5342 do-
