4300 6259
571 1684 743 1729 Mami.
753 1697 840 1735 xiv,

625 1978 745 2023 lbid.
771 1982 839 2023 27.

582 2364 749 2407 Joann.
766 2377 837 2416 xv,

572 2429 641 2469 27.

594 2768 687 2811 Luc
722 2780 821 2810 xxiv

575 2833 642 2881 38,
665 2798 732 2873 3.9.

604 4032 801 4077 lJoann.
814 4048 845 4085 1,

577 4100 618 4147 ί,
644 4099 685 4140 2.

600 5096 707 5166 Luc.

570 5188 637 5236 ⁴³,
660 5187 729 5228 44.

734 5135 834 5174 11111

866 492 988 559 438

1463 512 1542 560 DE
1583 511 1809 559 nnuma·
1852 510 2234 557 cnms'rlANAE.
2275 508 2575 565 Tannum,
2621 507 2799 555 tumn
2837 509 2902 555 11.
2949 526 3028 539 -·-
3068 510 3208 556 Am.
3253 510 3380 556 XLII

866 681 1117 746 stiterit.
1163 684 1473 766 Denique,
1520 682 1807 747 Christus
1856 681 2093 744 dicitur
2138 680 2362 743 habitu
2389 678 2442 743 A
2474 680 2728 762 pavoris
2785 680 3190 744 vehementia
3238 679 3662 761 contingebat.
3715 679 3796 741 Et
3837 698 3958 741 rur-

864 781 1163 844 inventus
1196 788 1266 843 ut
1292 782 1504 845 homo.
1537 781 1694 845 Nam
1726 780 1932 843 forma
1972 780 2138 842 servi
2172 798 2363 861 quam

862 880 1132 962 accepit,
1152 897 1278 943 non
1312 879 1405 942 sic
1435 878 1745 962 pertinuit
1774 878 1852 940 ad
1884 876 2364 940 subsistentiam

863 977 1008 1040 Filii
1050 977 1184 1052 Dei,
1234 985 1303 1039 ut
1349 978 1487 1041 sine
1535 996 1609 1039 ea
1656 996 1797 1039 esse
1844 994 1972 1039 non
2025 975 2298 1039 valuerit
2348 992 2362 1037 τ

863 1076 1017 1151 imo,
1050 1076 1104 1139 si
1150 1096 1291 1139 eam
1334 1094 1461 1139 non
1505 1075 1982 1157 assumpsisset,
2016 1094 2198 1158 aeque
2229 1093 2366 1156 per-

862 1174 1069 1237 fectus
1114 1175 1492 1253 mansisset3
1525 1182 1589 1237 et
1632 1174 1839 1256 quoad
1883 1173 2026 1247 hoc,
2061 1192 2128 1236 se
2173 1172 2366 1235 habet

864 1282 1089 1336 natura
1133 1281 1463 1356 assumpta
1508 1274 1587 1335 ad
1636 1273 1917 1336 Verbum
1968 1273 2135 1335 sicut
2185 1271 2366 1334 indu-

864 1379 1153 1434 mentum
1196 1373 1272 1434 ad
1315 1371 1664 1435 hominem.
1700 1370 1857 1433 Nam
1898 1378 1963 1433 et
1999 1370 2137 1433 sine
2184 1370 2365 1432 indu-

866 1478 1083 1533 mento
1126 1476 1337 1553 potest
1376 1470 1570 1533 homo
1613 1488 1772 1531 esse.

947 1566 1189 1641 Denuo,
1252 1569 1421 1649 apud
1480 1567 1841 1630 Matthaeum
1900 1566 2143 1629 dictum
2202 1572 2298 1628 est
2349 1582 2363 1627 τ

867 1666 1167 1729 Videntes
1205 1667 1504 1748 discipuli
1536 1668 1751 1730 Jesum
1792 1664 2227 1728 ambulantem
2269 1684 2370 1726 su—

869 1783 984 1846 pra
1054 1784 1250 1837 mare,
1314 1764 1549 1827 turbati
1613 1771 1782 1837 sunt,
1843 1763 2149 1837 dicentes,
2212 1762 2369 1836 Quia

2473 798 2580 841 sus
2615 797 2628 842 :
2662 778 2882 841 Tristis
2920 785 3018 842 est
3043 778 3310 862 (inquit)
3335 778 3552 842 anima
3591 797 3734 841 mea
3769 796 3958 858 usque
4004 801 4136 845 uati.

2471 877 2548 939 ad
2594 884 2884 940 mortem.
2923 877 2999 939 Et
3043 877 3274 939 iterum
3312 894 3326 939 ε
3361 877 3528 939 Deus
3573 894 3774 949 meus,
3805 876 3959 938 Deus
3981 868 4182 972 3322&

2475 994 2678 1049 meuS,
2704 983 2774 1037 ut
2803 975 2956 1057 quid
2988 974 3388 1057 dereliquisti
3421 978 3559 1037 me?
3580 975 3728 1049 Quae
3757 975 3960 1038 omnia
3985 994 4039 1032 ιε.

2473 1094 2698 1138 verum
2762 1075 3056 1138 timorem
3116 1082 3307 1157 atque
3365 1075 3653 1138 dolorem
3710 1074 3776 1135 in
3831 1074 3961 1155 ipso

2475 1173 2674 1236 fuisse
2706 1172 3134 1236 manifestant.
3160 1174 3449 1255 Insuper,
3483 1172 3636 1235 finis
3663 1173 3962 1235 adventus

2477 1270 2706 1335 Christi
2741 1272 2804 1333 in
2837 1272 3173 1345 mundum,
3205 1278 3304 1334 est
3331 1271 3556 1333 mundi
3597 1270 3958 1351 redemptio.

2476 1369 2619 1433 Haec
2667 1378 2881 1432 autem
2927 1369 3094 1432 facta
3131 1377 3249 1444 est,
3297 1370 3462 1432 sicut
3503 1376 3698 1431 testes
3741 1368 3961 1431 Christi

2479 1468 2848 1549 loquuntur,
2909 1486 3022 1550 per
3089 1467 3464 1549 sanguinem
3527 1467 3686 1548 ejus.
3748 1466 3964 1529 Paulus

2478 1584 2756 1648 namque
2786 1566 2874 1627 ait
2909 1566 3285 1629 :Justiricati
3317 1586 3542 1629 sumus
3573 1565 3639 1628 in
3669 1566 3964 1646 sanguine
3987 1588 4178 1631 aava.

2479 1664 2730 1727 Christi.
2781 1664 2858 1725 Et
2901 1665 3170 1727 Joannes
3222 1665 3285 1725 in
3336 1663 3720 1747 Apocalypsi
3759 1664 3962 1726 dixit:

2478 1762 2824 1827 Redemisti
2867 1780 3004 1837 noS,
3049 1762 3339 1837 Domine,
3384 1764 3448 1825 in
3493 1762 3806 1844 sanguine
3843 1770 3963 1823 tuo.
3991 1785 4174 1838 amsa.

868 1862 1243 1944 phantasma
1284 1870 1397 1925 est.
1446 1863 1619 1925 Hanc
1670 1869 1885 1924 autem
1938 1879 2162 1923 eorum
2207 1860 2370 1923 aesti-
2397 1866 2444 1929 B
2478 1861 2853 1942 Redemptio
2909 1869 3121 1923 autem
3183 1860 3408 1923 mundi
3455 1860 3771 1923 veraciter
3816 1858 3968 1921 facta

872 1960 1215 2024 mationem
1260 1960 1567 2024 Dominus
1611 1968 1969 2033 removenS,
2009 1958 2171 2020 dixit
2205 1976 2218 2019 ε
2251 1958 2367 2020 Ha-

869 2057 1014 2121 bete
1065 2059 1414 2136 fiduciam3
1466 2076 1581 2140 ego
1642 2077 1807 2131 sum,
1862 2057 2057 2120 nolite
2116 2057 2362 2119 timere.

867 2156 945 2219 Et
974 2157 1024 2218 si
1057 2157 1285 2220 fuisset
1324 2176 1557 2240 corpus
1598 2156 1831 2219 Christi
1870 2156 2364 2237 phantasticum,

868 2255 989 2316 hoc
1047 2254 1349 2337 discipuli
1424 2254 1651 2316 merito
1720 2253 2147 2334 agnovissent,
2209 2270 2368 2335 quos

867 2352 1060 2432 elegit
1120 2359 1190 2414 ut
1247 2352 1324 2415 de
1388 2352 1528 2434 ipso
1582 2351 2023 2414 testimonium
2085 2351 2368 2413 veritatis

867 2450 1243 2533 praeberent.
1288 2450 1606 2533 AmpliuS,
1649 2458 1795 2531 post
1836 2449 2368 2513 resurrectionem

866 2566 1071 2623 suam,
1107 2547 1599 2611 formidantibus
1648 2546 2227 2629 diffidentibusque
2267 2546 2371 2609 ad-

868 2648 995 2710 huc
1042 2648 1401 2729 discipulis,
1455 2647 1762 2710 Dominus
1811 2646 1993 2721 dixit,
2043 2646 2228 2710 Lucae
2278 2647 2372 2708 ul-

827 2746 1029 2819 ,timo
1074 2764 1088 2807 :
1132 2746 1290 2820 Quid
1337 2745 1572 2808 turbati
1626 2745 1798 2818 estiS,
1848 2753 1909 2807 et
1958 2745 2371 2825 cogitationes

868 2845 1222 2907 ascendunt
1266 2844 1330 2906 in
1374 2845 1563 2907 corda
1602 2847 1853 2907 vestra?
1883 2844 2105 2906 Videte
2147 2863 2372 2906 manus

871 2962 1043 3006 meas
1087 2951 1150 3004 et
1194 2943 1388 3024 pedes
1429 2961 1626 3017 meos,
1662 2944 1812 3024 quia
1851 2959 1968 3022 ego
2010 2942 2145 3024 ipse
2185 2960 2370 3019 sum3

2479 1967 2596 2033 est,
2646 1966 2756 2021 aut
2811 1977 3070 2041 prorsus
3121 1959 3310 2022 inane
3358 1966 3457 2022 est
3497 1958 3732 2022 Christi
3781 1956 3966 2019 fidem

2479 2057 2803 2140 accepisse
2837 2073 2850 2117 :
2885 2056 2994 2119 sed
3035 2075 3184 2119 vere
3229 2056 3394 2119 facta
3426 2074 3554 2119 non
3597 2064 3720 2131 est,
3754 2055 3808 2118 si
3851 2072 3966 2117 non

2481 2154 2604 2217 fuit
2632 2174 2780 2217 vera
2810 2154 2945 2217 veri
2977 2155 3304 2237 sanguinis
3337 2155 3522 2218 fusio.

2562 2254 2805 2327 Adhuc,
2843 2254 2908 2316 in
2953 2253 3072 2316 hoc
3111 2261 3298 2315 natus
3339 2260 3434 2316 est
3473 2252 3768 2317 Christus
3805 2260 3866 2315 et
3898 2252 3968 2315 ad
3990 2273 4204 2317 Jemnu.

2482 2352 2601 2414 hoc
2659 2352 2839 2414 venit
2897 2351 2961 2413 in
3022 2352 3358 2425 mundum,
3413 2359 3481 2413 ut
3537 2339 4049 2415 testimonium*

2484 2448 2849 2531 perhiberet
2877 2449 3148 2512 veritati.
3185 2449 3248 2511 Si
3277 2457 3492 2513 autem
3523 2449 3810 2511 humana
3843 2466 3972 2531 quae

2483 2548 2560 2609 de
2605 2548 2746 2630 ipso
2789 2548 3110 2630 leguntur,
3157 2549 3470 2611 veraciter
3512 2548 3684 2611 facta
3727 2566 3854 2611 non
3893 2566 3978 2611 es·

2483 2653 2646 2721 sent,
2680 2646 3022 2709 maximam
3062 2646 3402 2710 obtulisset
3439 2646 3842 2729 deceptionis
3880 2645 3980 2707 fal·

2484 2744 2816 2825 sitatisque
2859 2744 3258 2806 occasionem
3309 2744 3564 2807 mundo.
3607 2742 3778 2817 Quid
3819 2745 3978 2805 enim

2484 2841 2692 2924 potuit
2723 2841 2913 2905 homo
2943 2842 3022 2905 de
3053 2860 3128 2905 eo
3159 2842 3396 2905 sentire
3427 2860 3617 2924 quem
3649 2861 3694 2904 e
3725 2841 3984 2905 femineo

2483 2947 2706 3002 ventre
2741 2940 2905 3003 vidit
2941 2940 3350 3022 processisse,
3392 2949 3453 3003 et
3498 2940 3736 3003 ceteris
3779 2958 3984 3021 opera·

870 3041 1123 3124 palpate
1155 3047 1220 3102 et
1257 3040 1491 3115 videte,
1526 3040 1677 3122 quia
1716 3040 1981 3121 spiritus
2021 3058 2278 3102 carnem
2311 3048 2376 3102 et
2407 3044 2450 3107 C
2483 3037 2768 3101 tionibus
2827 3038 3226 3101 naturalibus
3293 3046 3356 3101 et
3425 3036 3982 3101 indetrahibilibus

869 3156 1013 3201 ossa
1058 3156 1185 3201 non
1230 3138 1441 3211 habet,
1488 3139 1655 3201 sicut
1700 3156 1801 3200 me
1846 3137 2077 3200 videtis
2118 3137 2370 3200 habere.

868 3236 1152 3319 Palpatio
1198 3243 1412 3299 autem
1472 3244 1536 3300 et
1593 3236 1756 3299 visio
1808 3236 1871 3297 in
1934 3236 2372 3298 testimonium

869 3335 1155 3397 veritatis
1198 3334 1604 3408 adhibentur,
1639 3335 1805 3415 quod
1854 3352 2111 3396 carnem
2157 3352 2373 3396 veram

870 3440 933 3495 et
962 3450 1105 3494 ossa
1132 3451 1281 3495 vera
1326 3432 1643 3494 habuerit.
1678 3432 1757 3493 At
1784 3448 1958 3505 vero,
1993 3432 2044 3493 si
2088 3431 2374 3495 Christus

870 3547 996 3592 non
1059 3528 1284 3591 habuit
1337 3549 1553 3592 veram
1615 3548 1894 3602 carnem,
1956 3547 2169 3611 neque
2227 3549 2374 3593 vere

871 3646 1095 3709 passus
1139 3636 1255 3700 est,
1304 3646 1513 3708 neque
1556 3646 1705 3690 vere
1750 3628 2115 3690 resurrexit.
2161 3628 2376 3710 ltaque

871 3742 1001 3787 non
1044 3732 1212 3788 esset
1256 3726 1556 3787 idoneum
1601 3726 2045 3807 Apostolorum
2093 3726 2375 3790 testimo-

871 3824 1077 3897 nium,
1136 3824 1247 3906 qui
1306 3823 1441 3886 haec
1500 3823 1750 3887 Christo
1816 3843 1965 3887 vere
2026 3824 2372 3889 convenire

872 3922 1249 3984 docuerunt.
1302 3921 1468 3983 Dicit
1514 3921 1686 3983 enim
1737 3921 2008 3984 Joannes
2068 3922 2133 3984 in
2196 3923 2378 3986 initio

875 4019 1161 4101 epistolae
1208 4037 1338 4081 suae
1387 4036 1401 4080 :
1449 4018 1621 4092 Quod
1674 4019 1953 4081 vidimus
2002 4020 2207 4083 oculis
2267 4040 2377 4084 no-

876 4118 1046 4191 striS,
1079 4118 1249 4199 quod
1290 4117 1735 4200 perspeximus
1778 4125 1841 4179 et
1880 4136 2105 4179 manus
2146 4124 2376 4181 nostrae

874 4222 1432 4277 contrectaverunt
1468 4215 1546 4277 de
1577 4214 1783 4277 Verbo
1822 4216 1990 4287 vitae,
2022 4215 2143 4278 hoc
2182 4222 2374 4279 testa·
2405 4216 2455 4279 D

872 4332 1036 4377 mur.
1071 4313 1137 4376 Si
1180 4320 1395 4376 autem
1440 4313 1656 4375 omnia
1697 4332 1839 4394 quae
1878 4314 1956 4375 de
1987 4314 2237 4377 Christo
2279 4333 2372 4376 se-

870 4411 1153 4474 cundum
1212 4411 1677 4474 humanitatem
1734 4412 1964 4473 tradita
2022 4420 2192 4487 sunt,
2243 4430 2370 4475 non

868 4510 933 4572 in
979 4510 1072 4571 rei
1117 4509 1489 4572 exsistentia
1538 4509 1648 4571 sed
1698 4516 1942 4571 tantum
1993 4517 2373 4591 apparenter

867 4608 1268 4682 exstiterunt,
1316 4625 1445 4670 non
1492 4607 1701 4689 potuit
1746 4608 2046 4671 idoneum
2090 4610 2373 4672 testimo-

865 4707 1047 4771 nium
1107 4705 1188 4768 ab
1242 4705 1371 4768 illis
1424 4705 1631 4788 accipi
1687 4712 1757 4768 ut
1809 4706 2174 4769 dicerentur
2222 4708 2372 4771 sim-

864 4804 1122 4887 pliciter
1170 4805 1248 4867 de
1292 4803 1559 4867 Christo.

945 4903 1270 4975 Praeterea,
1305 4902 1357 4964 si
1399 4920 1616 4965 veram
1658 4920 1914 4964 carnem
1955 4920 2082 4964 non
2122 4902 2368 4977 habuit,

865 5018 1075 5082 neque
1106 5001 1235 5082 pati
1268 5000 1494 5082 potuit,
1528 4998 1847 5081 quomodo
1878 4999 1999 5061 scri
2009 5006 2192 5081 ptum
2222 5008 2318 5063 est
2351 5019 2365 5063 ε

868 5100 945 5161 Et
988 5099 1191 5162 sactus
1235 5098 1301 5161 in
1345 5098 1591 5177 agonia,
1637 5096 1949 5180 prolixius
2002 5097 2222 5160 orabat
2247 5116 2262 5177 ;
2307 5107 2371 5162 et

866 5196 1070 5259 factus
1101 5204 1197 5259 est
1226 5196 1419 5259 sudor
1448 5196 1587 5276 ejus
1619 5196 1787 5258 sicut
1814 5203 2009 5275 guttae
2040 5196 2367 5277 sanguinis

2483 3137 2723 3218 populo
2779 3154 3148 3219 comparere
3206 3143 3334 3199 tam
3384 3136 3494 3199 diu
3544 3144 3610 3199 et
3660 3154 3866 3220 usque
3909 3136 3978 3197 ad

2483 3243 2776 3308 mortem,
2830 3255 3022 3317 quam
3071 3236 3240 3317 quod
3291 3254 3476 3298 verus
3525 3235 3724 3299 homo
3783 3237 3980 3298 esset?

2481 3333 2670 3395 Porro
2702 3334 2754 3395 si
2787 3334 2940 3415 quid
2972 3333 3262 3396 futurum
3295 3341 3392 3397 est
3421 3341 3831 3415 apparenter,
3862 3350 3976 3394 non

2481 3438 2695 3494 autem
2745 3431 3142 3504 exsistenter,
3192 3450 3318 3495 non
3371 3439 3579 3513 potest
3627 3432 3772 3495 sine
3817 3431 3978 3494 addi·

2483 3530 2656 3592 tione
2687 3530 2810 3592 dici
2845 3530 2964 3593 hoc
2996 3530 3131 3593 fore
3162 3538 3524 3593 venturum.
3557 3530 3853 3593 Christus
3881 3549 3974 3592 ve-

2486 3645 2556 3690 ro
2604 3628 2897 3709 praedixit
2942 3646 3010 3691 se
3057 3627 3478 3703 illudendum,
3525 3628 3974 3710 flagellandum
3999 3650 4190 3694 mnan.

2486 3732 2550 3788 et
2588 3726 3121 3807 crucifigendum.
4001 3716 4055 3762 ¹⁸·
4081 3715 4127 3753 ¹⁹·

2565 3823 2792 3886 Omnia
2821 3824 3012 3887 etiam
3046 3844 3186 3907 quae
3218 3832 3437 3887 contra
3455 3824 3871 3887 Valentinum
3893 3825 3976 3886 in·

2484 3923 2676 3985 ducta
2705 3930 2874 3997 sunt,
2907 3924 3012 3985 hic
3043 3940 3296 4005 quoque
3339 3922 3654 3985 introduci
3703 3930 3970 4007 possent.

2863 4194 3348 4260 ARTICULUS
3393 4194 3609 4259 XLII.

2487 4334 2662 4401 Quid
2699 4336 2778 4393 de
2807 4333 3048 4393 unione
3082 4335 3272 4395 Verbi
3303 4336 3392 4394 ad
3426 4336 3756 4397 hominem
3797 4339 3976 4399 Theo-

2565 4424 2768 4482 dorus
2819 4424 3312 4497 Mopsuestenus
3357 4432 3418 4484 et
3467 4425 3803 4487 insecutor
3846 4428 3980 4503 ejus

2563 4512 2910 4574 Nestorius
2949 4512 3206 4587 opinati
3230 4514 3386 4573 sint.

2614 4707 2838 4783 ORRO,
2872 4728 3070 4790 quum
3112 4728 3321 4792 neque
3349 4728 3501 4773 vera
3539 4711 3829 4775 humana
3855 4712 3976 4775 aui·

2639 4826 2740 4868 ma
2772 4807 3020 4870 Christo
3050 4806 3274 4881 defuit,
3293 4808 3460 4871 sicut
3485 4809 3678 4873 Arius
3707 4819 3774 4873 et
3804 4810 3980 4893 Apol-

2483 4904 2702 4967 linaris
2760 4904 3082 4978 dixerunt,
3144 4924 3354 4987 neque
3419 4926 3646 4971 verum
3707 4908 3978 4972 hominis

2481 5019 2734 5084 corpuS,
2786 5002 3139 5065 secundum
3191 5002 3500 5083 figmenta
3543 5006 3878 5070 Manichaei
3923 5015 3978 5068 et

2477 5100 2817 5175 Valentini,
2865 5120 3076 5183 neque
3122 5101 3422 5164 divinitas
3469 5122 3639 5178 vera,
3684 5105 3978 5188 quemad·

2478 5199 2730 5261 modum
2765 5199 2966 5262 Ebion
3009 5208 3072 5261 et
3107 5199 3410 5263 Photinus
3449 5203 3858 5283 asserebant;
3891 5203 3976 5266 fu-

865 5294 1255 5359 decurrentis
1312 5294 1379 5357 in
1438 5295 1717 5357 terram?
1766 5292 1895 5357 Hoc
1943 5313 2177 5377 nempe
2235 5314 2364 5377 prae
2474 5304 2663 5359 erunt
2708 5297 2930 5380 aliqui,
2969 5304 3040 5359 ut
3069 5296 3431 5361 Theodorus
3469 5298 3968 5382 Mopsuestenus,
