4300 6259
896 539 975 585 nn
1014 538 1241 584 tuum
1283 538 1665 585 cnmsrifflss
1704 537 2005 596 rumam,
2051 539 2226 585 mnan
2269 539 2331 584 11.
2377 557 2448 568 -
2497 541 2638 587 ΛΒΤ.
2685 541 2868 588 Lxxlv
3315 521 3436 584 475

324 709 621 773 tudinem
650 717 713 772 et
742 710 1046 773 virtutem
1076 709 1359 772 Verbum
1400 727 1545 772 caro
1585 708 1825 771 factum
1856 707 1907 770 A
1938 728 2081 782 nus,
2144 717 2372 792 potens
2429 718 2525 772 est
2582 718 2646 773 et
2707 711 2935 786 facere,
2997 730 3198 793 quum
3255 711 3438 792 juxta

323 809 692 871 continetur
722 809 785 871 in
818 809 1163 890 BaptismO,
1184 809 1295 871 sed
1324 806 1829 872 substantialiter
1932 807 2315 890 Archangeli
2353 809 2818 884 testimonium,
2852 829 2978 874 non
3019 811 3103 872 sit
3141 810 3435 892 impossi-
3462 828 3702 880 Lama-1.

323 908 389 970 in
436 907 852 970 Eucharistiae
894 916 1311 970 sacramento.
1934 905 2065 969 bile
2106 907 2278 989 apud
2324 908 2524 970 Deum
2569 926 2760 972 omne
2802 909 3094 972 verbum.

2014 1005 2289 1086 Ideoque
2321 1005 2581 1088 praefata
2623 1007 2853 1090 positio
2892 1015 3200 1089 tanquam
3239 1008 3434 1070 haere—

1933 1103 2059 1165 tica
2118 1103 2537 1186 relinquenda
2604 1113 2702 1168 est
2763 1124 2777 1168 :
2838 1106 3018 1188 quod
3076 1125 3152 1168 ex
3220 1105 3435 1168 verbis

654 1171 1143 1236 ARTICULUS
1189 1170 1493 1235 LXXIV·
1934 1202 2277 1265 Salvatoris
2337 1211 2626 1284 patenter
2683 1204 3009 1267 elucescit.
3074 1204 3437 1285 Respondet

445 1311 625 1377 Quid
677 1313 757 1370 de
813 1320 1220 1370 sacramento
1275 1310 1719 1370 Eucharistioe
1934 1319 2213 1383 namque
2240 1300 2472 1364 Judaeis
2502 1302 3432 1374 corrixantibus:Amen,amen
3462 1319 3702 1370 ananus..

659 1401 1019 1459 orthodoxa
1058 1403 1223 1477 fides
1270 1407 1502 1459 teneat.
1934 1399 2079 1462 dico
2136 1399 2342 1473 vobis,
2395 1401 2519 1462 nisi
2580 1401 3118 1463 manducaveritis
3176 1420 3436 1463 carnem
3465 1387 3531 1426 ⁵⁴·

1935 1498 2078 1560 Filii
2110 1498 2414 1574 hominiS,
2439 1507 2503 1561 et
2533 1499 2827 1562 biberitis
2858 1500 2998 1582 ejus
3031 1500 3432 1581 sanguinem,

330 1595 829 1755 ENIMVERO,
860 1595 1400 1677 quemadmodum
1433 1595 1684 1658 dicente
1716 1595 1829 1657 Do·
1934 1615 2063 1658 non
2095 1596 2414 1660 habebitis
2447 1598 2642 1660 vitam
2677 1598 2741 1660 in
2774 1598 2975 1660 vobiS.
3013 1599 3322 1680 Denique,
3354 1600 3434 1661 ad

92 1705 297 1753 lenna-w.
490 1694 689 1767 mino,
734 1693 863 1774 Ego
912 1713 1056 1756 sum
1108 1695 1289 1776 panis
1338 1694 1546 1768 vivuS,
1588 1693 1699 1776 qui
1748 1694 1827 1756 de
1933 1694 2405 1758 excludendum
2439 1695 2773 1777 figuralem
2817 1698 3259 1760 tantummodo
3299 1717 3435 1760 ver-

72 1769 213 1872 ⁵¹J⁶54
234 1835 297 1873 53.
326 1792 491 1854 coelo
544 1793 885 1870 descendi3
937 1800 1002 1854 et
1056 1800 1199 1874 post
1248 1811 1469 1874 pauca,
1522 1793 1598 1854 Et
1644 1791 1827 1875 panis
1934 1793 2163 1856 borum
2195 1812 2456 1856 suorum
2490 1794 2910 1870 intellectum,
2934 1796 3022 1858 ait
3056 1813 3070 1858 :
3106 1796 3262 1858 Caro
3295 1815 3435 1858 mea
3464 1815 3578 1859 ιῡεα.
3607 1818 3674 1857 56.

326 1890 598 1972 (inquit)
626 1909 819 1972 quem
851 1909 967 1972 ego
999 1890 1183 1964 dabo,
1218 1909 1363 1954 caro
1397 1910 1537 1953 mea
1575 1899 1671 1953 est
1712 1908 1827 1973 pro
1860 1893 1905 1954 B
1936 1911 2083 1955 vere
2127 1900 2224 1955 est
2267 1892 2472 1964 cibus,
2518 1901 2581 1955 et
2623 1893 2880 1975 sanguis
2927 1912 3107 1956 meus
3150 1913 3299 1956 vere
3339 1903 3437 1956 est

116 2000 213 2042 aaz.
238 2005 298 2045 53.
330 1989 554 2050 mundi
588 1989 757 2051 vita:
794 1988 1125 2069 litigabant
1153 2006 1303 2069 ergo
1328 1989 1523 2052 Judaei
1557 1989 1635 2050 ad
1667 1989 1825 2051 invi·
1936 1998 2140 2072 potus.
2191 1991 2266 2052 Et
2307 1991 2646 2073 Apostolus
2684 1992 2941 2073 scripsit
2980 2009 2993 2053 :
3035 1992 3433 2073 Quicumque
3501 2005 3642 2048 1c0r.
3670 2017 3728 2056 n,

329 2086 1162 2160 cem,dicenteS,Quomodo
1194 2095 1401 2170 potest
1430 2088 1535 2150 hic
1568 2106 1826 2149 carnem
1936 2088 2417 2150 manducaverit
2458 2108 2686 2170 panem
2733 2089 2927 2162 hunc,
2960 2095 3022 2152 et
3059 2089 3298 2152 biberit
3337 2109 3434 2152 ca·
3461 2071 3528 2119 ²⁷'
3555 2069 3623 2110 ²⁹·

328 2204 508 2246 suam
542 2184 727 2246 nobis
769 2185 919 2246 dare
949 2185 1025 2246 ad
1060 2187 1613 2248 manducandum?
1644 2186 1734 2248 sic
1767 2195 1830 2247 et
1937 2187 2123 2248 licem
2159 2188 2407 2249 Domini
2445 2188 2725 2268 indigne,
2758 2189 3074 2269 judicium
3107 2188 3230 2250 sibi
3264 2208 3435 2251 man-

330 2282 695 2345 infidelium
728 2283 1010 2364 perversi
1052 2283 1437 2358 intellectuS,
1472 2284 1632 2346 hanc
1672 2283 1823 2346 fidei
1935 2285 2126 2347 ducat
2192 2292 2256 2347 et
2323 2284 2506 2360 bibit,
2577 2304 2702 2348 non
2771 2287 3134 2367 dijudicans
3203 2305 3436 2369 corpus

327 2381 563 2444 divinae
630 2381 987 2443 doctrinam
1049 2382 1425 2464 impugnare
1484 2399 1611 2444 non
1669 2381 1829 2444 desi·
1938 2382 2212 2444 Domini.
2251 2383 2314 2445 ln
2351 2382 2468 2446 hoc
2501 2385 2742 2467 quippe
2774 2385 2942 2467 quod
2975 2385 3082 2460 ait,
3105 2385 3241 2448 Non
3274 2385 3437 2466 diju-

330 2487 521 2542 stunt.
557 2479 825 2561 Nempe,
858 2479 1029 2542 sicut
1066 2479 1307 2542 nedum
1340 2480 1538 2542 Judaei
1580 2479 1827 2543 Christo
1937 2480 2156 2541 dicans
2206 2499 2435 2563 corpus
2485 2481 2761 2555 Domini,
2810 2501 3023 2544 veram
3074 2483 3436 2564 realemque

332 2596 591 2660 prorsus
651 2577 962 2640 increduli
1030 2576 1328 2640 corrixati
1388 2583 1537 2639 sunt
1592 2577 1827 2639 auditis
1936 2579 2245 2640 dominici
2291 2580 2574 2660 corporis
2620 2580 3078 2643 continentiam
3123 2581 3185 2642 in
3230 2599 3433 2642 sacra-

128 2689 300 2730 nti-⁶7.
330 2675 543 2738 verbis
575 2676 883 2750 veritatiS‚
916 2676 1025 2738 sed
1064 2683 1129 2738 et
1165 2675 1631 2757 discipulorum
1672 2694 1825 2738 non·
1940 2685 2156 2739 mento
2223 2678 2343 2739 hoc
2410 2678 2964 2759 superbenedictO,
3035 2678 3438 2741 sufficienter

332 2774 487 2837 nulli
558 2774 799 2836 turbati
865 2782 1037 2848 sunt,
1098 2773 1407 2836 abeuntes
1479 2781 1825 2836 retrorsum
1938 2782 2326 2838 contestatus
2369 2783 2482 2837 est.

128 2888 301 2930 masi.
330 2881 513 2954 atque
548 2873 835 2935 dicentes
868 2890 881 2934 :
916 2873 1125 2934 Durus
1155 2879 1253 2934 est
1282 2872 1385 2933 hic
1418 2891 1630 2934 sermo
1645 2890 1661 2951 3
1687 2873 1829 2953 quis
2018 2875 2161 2936 Haec
2209 2882 2305 2936 est
2355 2873 2546 2955 igitur
2593 2874 2749 2937 fidei
2799 2875 3106 2950 doctrina,
3149 2876 3320 2958 quod
3371 2873 3436 2937 in

330 2979 537 3052 potest
564 2971 787 3033 audire
816 2973 1011 3032 eum?
1042 2971 1135 3032 sic
1166 2987 1293 3032 non
1324 2970 1655 3032 dumtaxat
1688 2970 1830 3033 infi-
1938 2972 2176 3034 virtute
2217 2972 2558 3034 verborum
2610 2973 2846 3055 quibus
2887 2973 3172 3036 Christus
3213 2975 3276 3036 in
3329 2992 3440 3037 no-

330 3068 571 3132 delium
604 3069 895 3141 societa3‚
930 3069 1039 3130 sed
1072 3068 1543 3131 Christianismi
1576 3087 1830 3150 quoquc
1864 3074 1907 3136 C
1940 3070 2206 3132 vissima
2264 3071 2455 3133 Coena
2513 3080 2982 3134 sacramentum
3042 3072 3208 3134 istud
3262 3073 3438 3134 insti-

330 3166 524 3229 fidem
574 3166 847 3248 professi
889 3165 1112 3247 aliqui,
1148 3173 1409 3247 propter
1452 3165 1829 3246 praeinducti
1938 3169 2081 3234 tuit.
2120 3169 2256 3250 ipsa
2289 3170 2470 3251 panis
2513 3168 2870 3231 substantia
2910 3171 2974 3231 in
3015 3171 3437 3233 substantiam

332 3265 645 3328 sermonis
695 3263 1171 3336 difficultatem,
1218 3281 1357 3326 sese
1404 3263 1483 3325 ab
1532 3263 1829 3327 Ecclesia-3
1936 3267 2277 3330 dominicae
2346 3269 2552 3330 carnis
2625 3268 3283 3343 transsubstantietur,
3348 3270 3439 3330 vi-

330 3364 571 3425 unitate
602 3368 1115 3443 segregaverunt,
1148 3361 1572 3442 abieruntque
1605 3368 1831 3425 retror-
1937 3385 2224 3448 numque
2259 3366 2321 3428 in
2355 3367 2732 3447 sanguinem
2766 3367 3018 3441 Christi,
3051 3367 3133 3430 ab
3169 3368 3268 3430 his
3300 3369 3439 3449 qui-

331 3481 497 3534 sum,
540 3469 603 3524 et
646 3461 928 3524 haeretici
975 3458 1127 3521 facti
1174 3467 1340 3522 sunt.
1386 3459 1618 3522 Dicunt
1655 3462 1831 3543 equi-
1936 3464 2057 3526 bus
2097 3465 2506 3527 sacerdotalis
2551 3467 2877 3527 character
2921 3465 3272 3548 impressus
3318 3474 3435 3539 est,

330 3560 500 3632 dem,
532 3577 659 3622 non
690 3559 946 3621 realiter
976 3559 1087 3620 sed
1126 3557 1553 3639 significative
1599 3578 1710 3622 seu
1758 3560 1829 3622 fi·
1938 3570 2239 3643 tanquam
2287 3562 2517 3625 Christi
2551 3564 2808 3625 vicariis
2854 3572 2917 3626 et
2961 3564 3025 3625 in
3068 3564 3211 3645 ejus
3241 3565 3439 3626 virtu-

328 3657 635 3739 guraliter
692 3665 966 3732 tantum,
1026 3675 1261 3738 corpus
1320 3657 1828 3739 sanguinemque
1936 3668 1998 3722 te
2049 3660 2111 3722 id
2166 3661 2378 3742 ipsum
2427 3661 2942 3724 conficientibus
2995 3663 3214 3744 Neque
3263 3663 3434 3725 enim

330 3757 565 3820 Christi
609 3756 673 3818 in
718 3757 839 3819 boc
883 3764 1282 3818 sacramento
1331 3756 1685 3834 contineri3
1722 3775 1828 3819 vo-
1935 3759 2280 3821 auctoritas
2341 3759 2420 3820 ab
2480 3759 2794 3822 haereticis
2854 3761 3174 3842 praedictis
3243 3761 3434 3823 intro-

329 3855 557 3926 lenteS‚
608 3855 777 3936 quod
825 3854 1070 3915 Veritas
1118 3853 1228 3925 ait,
1272 3853 1400 3915 Hoc
1452 3860 1549 3915 est
1597 3871 1827 3935 corpus
1937 3858 2146 3930 ducta,
2196 3858 2498 3940 positioni
2545 3876 2766 3922 eorum
2809 3859 2940 3920 vim
2985 3866 3240 3940 praestat
3283 3877 3296 3920 ε
3341 3859 3436 3920 in-

332 3971 572 4025 meum‚
622 3952 717 4014 sic
768 3951 1061 4031 intelligi,
1116 3951 1243 4014 Hoc
1281 3957 1377 4013 est
1424 3950 1681 4032 signum
1728 3951 1827 4013 vel
1937 3955 2247 4036 telligitur
2297 3974 2595 4037 namque,
2639 3957 2941 4037 quoniam
2993 3958 3287 4038 quamvis
3335 3976 3437 4019 ve-

333 4051 544 4131 figura
590 4050 873 4132 corporis
924 4049 1050 4111 mei
1095 4066 1109 4110 :
1153 4049 1693 4131 quemadmodum
1744 4049 1831 4111 ait
1936 4072 2003 4114 ra
2037 4053 2267 4116 Christi
2303 4071 2450 4116 caro
2491 4054 2554 4115 in
2598 4053 2715 4116 hoc
2756 4061 3153 4116 sacramento
3192 4055 3436 4117 edenda

76 4159 301 4206 icam.
328 4149 691 4230 ApostoluS,
744 4148 923 4210 Petra
966 4155 1180 4209 autem
1225 4153 1359 4208 erat
1402 4146 1710 4221 ChristuS‚
1765 4147 1827 4209 id
1936 4150 2246 4214 offeratur
2269 4169 2339 4212 ac
2373 4151 2796 4225 contineatur,
2820 4169 2944 4213 non
2979 4159 3191 4214 tamen
3225 4171 3436 4215 carna-

330 4256 426 4310 est
495 4248 701 4329 figura
769 4246 1023 4309 Christi.
1087 4245 1505 4308 introducunt
1565 4245 1829 4328 insuper
1859 4247 1906 4307 D
1938 4249 2081 4312 liter
2110 4259 2175 4312 et
2205 4249 2403 4311 instar
2432 4257 2787 4312 ceterorum
2832 4249 3123 4312 ciborum
3168 4252 3436 4313 traditur

333 4364 447 4428 pro
477 4345 811 4428 positionis
852 4363 981 4407 suae
1021 4343 1399 4406 fulcimento
1437 4362 1511 4405 ea
1542 4363 1683 4425 quae
1713 4346 1831 4407 Do-
1939 4349 2402 4420 manducanda,
2451 4348 2617 4409 sicut
2661 4348 2852 4430 paulo
2903 4356 3049 4410 ante
3102 4349 3332 4411 claruit
3375 4358 3438 4413 et

335 4444 541 4506 minus
572 4450 831 4526 propter
858 4441 1335 4524 exstirpandum
1368 4440 1829 4524 discipulorum
1935 4446 2143 4506 adhuc
2175 4445 2454 4526 amplius
2486 4445 2772 4507 clarebit.
2813 4445 2986 4508 Unde
3017 4454 3079 4508 et
3113 4447 3176 4509 in
3217 4447 3435 4510 subse-

334 4540 725 4615 scandalum,
787 4539 968 4623 quasi
1040 4557 1109 4601 se
1173 4539 1387 4620 ipsum
1456 4540 1826 4622 explanans,
1936 4543 2283 4625 quentibus
2315 4543 2528 4605 verbis
2561 4543 2886 4623 Evangelii
2920 4543 3204 4607 Salvator
3233 4546 3431 4607 dixit:

98 4651 305 4706 amma,
335 4640 688 4721 subjunxit,
722 4640 875 4701 dum
906 4637 1015 4711 ait,
1049 4637 1256 4700 Verba
1285 4658 1427 4720 quae
1457 4656 1573 4719 ego
1606 4638 1829 4720 loquor
1937 4642 1999 4703 Si
2042 4641 2236 4721 igitur
2275 4642 2564 4704 videritis
2615 4642 2845 4704 Filium
2897 4642 3176 4704 hominis
3223 4662 3437 4705 ascen·
3492 4671 3724 4720 mum..

76 4717 129 4756 ⁶⁸·
335 4739 537 4812 vobis,
570 4738 837 4821 spiritus
878 4744 942 4799 et
983 4736 1114 4799 vita
1158 4743 1307 4799 sunt
1346 4743 1695 4817 :tanquam
1740 4736 1828 4797 in·
1935 4739 2192 4801 dent-em
2268 4739 2380 4801 ubi
2444 4747 2580 4802 erat
2647 4739 2847 4820 priuS,
2909 4748 3032 4802 etc.
3095 4741 3208 4803 Per
3266 4744 3436 4823 quod
3467 4739 3534 4776 ⁶³·

333 4845 508 4910 nunt,
548 4853 911 4899 sermonem
964 4855 1157 4918 quem
1202 4835 1385 4907 dixit,
1420 4852 1545 4896 non
1593 4834 1827 4897 littera-
1936 4837 2398 4919 discipulorum
2443 4837 2812 4899 scandalum
2859 4856 3118 4919 prorsus
3165 4839 3434 4923 sopitur,

336 4935 501 5010 liter,
544 4936 651 4998 sed
702 4936 1059 4998 secundum
1110 4932 1507 5014 spiritualem
1566 4951 1825 4995 sensum
1935 4935 1987 4996 si
2022 4942 2230 4998 tamen
2267 4935 2712 5015 intelligerent.
2733 4935 3043 4998 Putabant
3073 4939 3312 5000 etenim
3344 4940 3436 5000 sic

334 5034 565 5097 debere
609 5033 837 5116 accipi.
891 5033 1015 5096 Nos
1064 5039 1276 5094 autem
1329 5049 1476 5092 cum
1527 5031 1592 5093 B.
1647 5032 1826 5094 Petro
1933 5033 2320 5096 dominicam
2373 5052 2627 5096 earnem
2675 5035 3208 5109 manducandam,
3257 5039 3431 5118 quasi

118 5146 213 5189 ma.
242 5155 304 5193 69.
332 5140 765 5214 agnoscentes,
818 5131 1123 5212 quoniam
1182 5129 1377 5192 verba
1433 5129 1579 5192 vitae
1637 5129 1829 5191 habet
1934 5131 2368 5193 consumenda
2414 5131 2575 5193 foret
2620 5139 2690 5192 ut
2733 5130 2964 5212 reliqui
3006 5131 3134 5193 cibi
3181 5150 3195 5193 :
3243 5151 3432 5215 quem

336 5233 443 5315 qui
475 5232 607 5294 haec
636 5231 819 5304 dixit,
854 5248 981 5292 non
1012 5228 1267 5292 abimus
1301 5235 1672 5302 retrorsum,
1707 5229 1826 5290 sci·
1936 5229 2158 5310 utique
2214 5247 2494 5292 errorem
2559 5228 2754 5291 verba
2820 5229 3074 5292 Domini
3138 5230 3432 5313 praescin—

334 5337 511 5392 entes
567 5327 869 5411 quoniam
927 5344 1354 5409 quaecumque
1404 5325 1568 5387 dixit
1616 5326 1825 5389 Domi·
1934 5328 2113 5402 dunt,
2148 5328 2302 5390 dum
2335 5328 2592 5401 dicitur,
2627 5326 2689 5390 Si
2734 5326 2928 5408 igitur
2965 5327 3276 5404 videritis,
3310 5337 3428 5392 etc.
