<?xml version="1.0" encoding="UTF-8"?>
<!DOCTYPE html PUBLIC "-//W3C//DTD XHTML 1.0 Transitional//EN"
    "http://www.w3.org/TR/xhtml1/DTD/xhtml1-transitional.dtd">
<html xmlns="http://www.w3.org/1999/xhtml" xml:lang="en" lang="en">
 <head>
  <title>
</title>
<meta http-equiv="Content-Type" content="text/html;charset=utf-8" />
  <meta name='ocr-system' content='tesseract 3.04.00' />
  <meta name='ocr-capabilities' content='ocr_page ocr_carea ocr_par ocr_line ocrx_word'/>
</head>
<body>
  <div class='ocr_page' id='page_1' title='image "./doctorisecstati05unkngoog_0137.png"; bbox 0 0 4300 6259; ppageno 0'>
   <div class='ocr_carea' id='block_1_1' title="bbox 1026 499 2800 552">
    <p class='ocr_par' dir='ltr' id='par_1_1' title="bbox 1026 499 2800 552">
     <span class='ocr_line' id='line_1_1' title="bbox 1026 499 2800 552; baseline 0.001 -2"><span class='ocrx_word' id='word_1_1' title='bbox 1026 501 1451 550; x_wconf 54' lang='lat' dir='ltr'><strong>“tumulo</strong></span> <span class='ocrx_word' id='word_1_2' title='bbox 1490 499 1890 550; x_wconf 71' lang='lat' dir='ltr'><strong>mmmmm.</strong></span> <span class='ocrx_word' id='word_1_3' title='bbox 1936 517 2017 530; x_wconf 91' lang='lat'><strong>—·</strong></span> <span class='ocrx_word' id='word_1_4' title='bbox 2057 501 2137 550; x_wconf 71' lang='lat' dir='ltr'><strong>DE</strong></span> <span class='ocrx_word' id='word_1_5' title='bbox 2180 502 2300 550; x_wconf 69' lang='lat' dir='ltr'><strong>nto</strong></span> <span class='ocrx_word' id='word_1_6' title='bbox 2337 502 2459 552; x_wconf 56' lang='lat' dir='ltr'><strong>mio</strong></span> <span class='ocrx_word' id='word_1_7' title='bbox 2501 503 2575 550; x_wconf 75' lang='lat' dir='ltr'><strong>m·</strong></span> <span class='ocrx_word' id='word_1_8' title='bbox 2615 503 2800 552; x_wconf 74' lang='lat' dir='ltr'><strong>mmo</strong></span> 
     </span>
    </p>
   </div>
   <div class='ocr_carea' id='block_1_2' title="bbox 3343 483 3455 548">
    <p class='ocr_par' dir='ltr' id='par_1_2' title="bbox 3343 483 3455 548">
     <span class='ocr_line' id='line_1_2' title="bbox 3343 483 3455 548; baseline 0 0"><span class='ocrx_word' id='word_1_9' title='bbox 3343 483 3455 548; x_wconf 82' lang='lat'><strong>121</strong></span> 
     </span>
    </p>
   </div>
   <div class='ocr_carea' id='block_1_3' title="bbox 356 671 3702 758">
    <p class='ocr_par' dir='ltr' id='par_1_3' title="bbox 356 671 3702 758">
     <span class='ocr_line' id='line_1_3' title="bbox 356 671 3702 758; baseline 0.001 -22"><span class='ocrx_word' id='word_1_10' title='bbox 356 678 523 746; x_wconf 88' lang='lat' dir='ltr'><strong>sunt,</strong></span> <span class='ocrx_word' id='word_1_11' title='bbox 564 689 687 735; x_wconf 90' lang='lat' dir='ltr'><strong>nec</strong></span> <span class='ocrx_word' id='word_1_12' title='bbox 731 673 901 736; x_wconf 86' lang='lat' dir='ltr'><strong>clare</strong></span> <span class='ocrx_word' id='word_1_13' title='bbox 941 691 1055 756; x_wconf 86' lang='lat' dir='ltr'><strong>per</strong></span> <span class='ocrx_word' id='word_1_14' title='bbox 1082 671 1390 756; x_wconf 86' lang='lat' dir='ltr'><strong>speciem,</strong></span> <span class='ocrx_word' id='word_1_15' title='bbox 1424 671 1593 736; x_wconf 90' lang='lat' dir='ltr'><strong>sicut</strong></span> <span class='ocrx_word' id='word_1_16' title='bbox 1636 671 1703 734; x_wconf 89' lang='lat' dir='ltr'><strong>in</strong></span> <span class='ocrx_word' id='word_1_17' title='bbox 1748 689 1857 754; x_wconf 89' lang='lat' dir='ltr'><strong>pa-</strong></span> <span class='ocrx_word' id='word_1_18' title='bbox 1886 671 1936 736; x_wconf 82' lang='lat' dir='ltr'>A</span> <span class='ocrx_word' id='word_1_19' title='bbox 1964 671 2176 736; x_wconf 90' lang='lat' dir='ltr'><strong>ductis</strong></span> <span class='ocrx_word' id='word_1_20' title='bbox 2221 673 2287 736; x_wconf 92' lang='lat' dir='ltr'><strong>in</strong></span> <span class='ocrx_word' id='word_1_21' title='bbox 2319 673 2826 739; x_wconf 86' lang='lat' dir='ltr'><strong>Elementatione</strong></span> <span class='ocrx_word' id='word_1_22' title='bbox 2867 673 3314 758; x_wconf 87' lang='lat' dir='ltr'><strong>philosophica</strong></span> <span class='ocrx_word' id='word_1_23' title='bbox 3355 692 3463 756; x_wconf 88' lang='lat' dir='ltr'><strong>pa·</strong></span> <span class='ocrx_word' id='word_1_24' title='bbox 3525 705 3702 749; x_wconf 62' lang='lat' dir='ltr'><strong>propos.</strong></span> 
     </span>
    </p>
   </div>
   <div class='ocr_carea' id='block_1_4' title="bbox 354 769 1859 1668">
    <p class='ocr_par' dir='ltr' id='par_1_4' title="bbox 354 769 1859 1640">
     <span class='ocr_line' id='line_1_4' title="bbox 356 769 1857 853; baseline -0.001 -21"><span class='ocrx_word' id='word_1_25' title='bbox 356 770 476 832; x_wconf 85' lang='lat' dir='ltr'><strong>tria</strong></span> <span class='ocrx_word' id='word_1_26' title='bbox 510 779 1005 852; x_wconf 87' lang='lat' dir='ltr'><strong>cognoscuntur,</strong></span> <span class='ocrx_word' id='word_1_27' title='bbox 1044 779 1323 834; x_wconf 89' lang='lat' dir='ltr'><strong>attamen</strong></span> <span class='ocrx_word' id='word_1_28' title='bbox 1364 769 1727 853; x_wconf 75' lang='lat' dir='ltr'><strong>aliqualiter</strong></span> <span class='ocrx_word' id='word_1_29' title='bbox 1764 769 1857 831; x_wconf 92' lang='lat' dir='ltr'><strong>in·</strong></span> 
     </span>
     <span class='ocr_line' id='line_1_5' title="bbox 356 867 1855 953; baseline -0.001 -23"><span class='ocrx_word' id='word_1_30' title='bbox 356 867 709 950; x_wconf 85' lang='lat' dir='ltr'><strong>telligimus</strong></span> <span class='ocrx_word' id='word_1_31' title='bbox 737 888 835 944; x_wconf 90' lang='lat' dir='ltr'><strong>ea,</strong></span> <span class='ocrx_word' id='word_1_32' title='bbox 858 876 1049 952; x_wconf 88' lang='lat' dir='ltr'><strong>atque</strong></span> <span class='ocrx_word' id='word_1_33' title='bbox 1078 869 1197 932; x_wconf 90' lang='lat' dir='ltr'><strong>hoc</strong></span> <span class='ocrx_word' id='word_1_34' title='bbox 1229 869 1445 953; x_wconf 88' lang='lat' dir='ltr'><strong>ipsum</strong></span> <span class='ocrx_word' id='word_1_35' title='bbox 1476 867 1855 949; x_wconf 89' lang='lat' dir='ltr'><strong>intelligere,</strong></span> 
     </span>
     <span class='ocr_line' id='line_1_6' title="bbox 354 963 1859 1050; baseline -0.001 -22"><span class='ocrx_word' id='word_1_36' title='bbox 354 974 451 1028; x_wconf 85' lang='lat' dir='ltr'><strong>est</strong></span> <span class='ocrx_word' id='word_1_37' title='bbox 490 966 736 1050; x_wconf 86' lang='lat' dir='ltr'><strong>aliquid</strong></span> <span class='ocrx_word' id='word_1_38' title='bbox 780 967 1013 1030; x_wconf 88' lang='lat' dir='ltr'><strong>intueri</strong></span> <span class='ocrx_word' id='word_1_39' title='bbox 1048 985 1065 1030; x_wconf 74' lang='grc' dir='ltr'><strong><em>ε</em></strong></span> <span class='ocrx_word' id='word_1_40' title='bbox 1107 985 1258 1048; x_wconf 87' lang='lat' dir='ltr'><strong>ergo</strong></span> <span class='ocrx_word' id='word_1_41' title='bbox 1302 966 1601 1031; x_wconf 87' lang='lat' dir='ltr'><strong>intuitiva</strong></span> <span class='ocrx_word' id='word_1_42' title='bbox 1644 963 1859 1047; x_wconf 89' lang='lat' dir='ltr'><strong>cogni-</strong></span> 
     </span>
     <span class='ocr_line' id='line_1_7' title="bbox 354 1061 1857 1148; baseline -0.002 -21"><span class='ocrx_word' id='word_1_43' title='bbox 354 1065 527 1128; x_wconf 85' lang='lat' dir='ltr'><strong>tione</strong></span> <span class='ocrx_word' id='word_1_44' title='bbox 575 1065 1025 1146; x_wconf 76' lang='lat' dir='ltr'><strong>cognoscimus</strong></span> <span class='ocrx_word' id='word_1_45' title='bbox 1079 1085 1229 1130; x_wconf 88' lang='lat' dir='ltr'><strong>eum</strong></span> <span class='ocrx_word' id='word_1_46' title='bbox 1292 1065 1401 1139; x_wconf 89' lang='lat' dir='ltr'><strong>ita,</strong></span> <span class='ocrx_word' id='word_1_47' title='bbox 1450 1065 1621 1148; x_wconf 92' lang='lat' dir='ltr'><strong>quod</strong></span> <span class='ocrx_word' id='word_1_48' title='bbox 1673 1061 1857 1126; x_wconf 89' lang='lat' dir='ltr'><strong>intel·</strong></span> 
     </span>
     <span class='ocr_line' id='line_1_8' title="bbox 356 1161 1855 1247; baseline -0.002 -21"><span class='ocrx_word' id='word_1_49' title='bbox 356 1163 557 1226; x_wconf 89' lang='lat' dir='ltr'><strong>lectus</strong></span> <span class='ocrx_word' id='word_1_50' title='bbox 624 1170 843 1227; x_wconf 84' lang='lat' dir='ltr'><strong>noster</strong></span> <span class='ocrx_word' id='word_1_51' title='bbox 906 1165 1119 1247; x_wconf 89' lang='lat' dir='ltr'><strong>ipsum</strong></span> <span class='ocrx_word' id='word_1_52' title='bbox 1185 1163 1461 1245; x_wconf 88' lang='lat' dir='ltr'><strong>attingit,</strong></span> <span class='ocrx_word' id='word_1_53' title='bbox 1522 1170 1587 1226; x_wconf 90' lang='lat' dir='ltr'><strong>et</strong></span> <span class='ocrx_word' id='word_1_54' title='bbox 1649 1161 1855 1225; x_wconf 87' lang='lat' dir='ltr'><strong>aciem</strong></span> 
     </span>
     <span class='ocr_line' id='line_1_9' title="bbox 354 1261 1853 1346; baseline -0.003 -20"><span class='ocrx_word' id='word_1_55' title='bbox 354 1281 535 1326; x_wconf 88' lang='lat' dir='ltr'><strong>suam</strong></span> <span class='ocrx_word' id='word_1_56' title='bbox 594 1263 837 1327; x_wconf 88' lang='lat' dir='ltr'><strong>directe</strong></span> <span class='ocrx_word' id='word_1_57' title='bbox 892 1263 1039 1344; x_wconf 74' lang='lat' dir='ltr'><strong>figit</strong></span> <span class='ocrx_word' id='word_1_58' title='bbox 1096 1263 1159 1326; x_wconf 89' lang='lat' dir='ltr'><strong>in</strong></span> <span class='ocrx_word' id='word_1_59' title='bbox 1230 1263 1465 1346; x_wconf 92' lang='lat' dir='ltr'><strong>ipsum.</strong></span> <span class='ocrx_word' id='word_1_60' title='bbox 1526 1261 1853 1332; x_wconf 66' lang='lat' dir='ltr'><strong>Praeterea,</strong></span> 
     </span>
     <span class='ocr_line' id='line_1_10' title="bbox 357 1361 1857 1446; baseline -0.001 -23"><span class='ocrx_word' id='word_1_61' title='bbox 357 1381 559 1444; x_wconf 90' lang='lat' dir='ltr'><strong>quum</strong></span> <span class='ocrx_word' id='word_1_62' title='bbox 610 1362 757 1424; x_wconf 87' lang='lat' dir='ltr'><strong>dico</strong></span> <span class='ocrx_word' id='word_1_63' title='bbox 800 1380 815 1424; x_wconf 89' lang='lat'>:</span> <span class='ocrx_word' id='word_1_64' title='bbox 862 1361 1029 1424; x_wconf 90' lang='lat' dir='ltr'><strong>Deus</strong></span> <span class='ocrx_word' id='word_1_65' title='bbox 1076 1369 1174 1424; x_wconf 88' lang='lat' dir='ltr'><strong>est</strong></span> <span class='ocrx_word' id='word_1_66' title='bbox 1218 1367 1399 1424; x_wconf 88' lang='lat' dir='ltr'><strong>actus</strong></span> <span class='ocrx_word' id='word_1_67' title='bbox 1450 1379 1673 1446; x_wconf 88' lang='lat' dir='ltr'><strong>purus,</strong></span> <span class='ocrx_word' id='word_1_68' title='bbox 1716 1377 1857 1422; x_wconf 89' lang='lat' dir='ltr'><strong>esse</strong></span> 
     </span>
     <span class='ocr_line' id='line_1_11' title="bbox 356 1457 1857 1542; baseline -0.001 -21"><span class='ocrx_word' id='word_1_69' title='bbox 356 1459 623 1542; x_wconf 89' lang='lat' dir='ltr'><strong>plenum</strong></span> <span class='ocrx_word' id='word_1_70' title='bbox 680 1467 745 1522; x_wconf 89' lang='lat' dir='ltr'><strong>et</strong></span> <span class='ocrx_word' id='word_1_71' title='bbox 802 1459 1177 1532; x_wconf 90' lang='lat' dir='ltr'><strong>increatum,</strong></span> <span class='ocrx_word' id='word_1_72' title='bbox 1228 1477 1343 1522; x_wconf 90' lang='lat' dir='ltr'><strong>ens</strong></span> <span class='ocrx_word' id='word_1_73' title='bbox 1402 1457 1657 1522; x_wconf 78' lang='lat' dir='ltr'><strong>infinite</strong></span> <span class='ocrx_word' id='word_1_74' title='bbox 1716 1475 1857 1540; x_wconf 88' lang='lat' dir='ltr'><strong>per·</strong></span> 
     </span>
     <span class='ocr_line' id='line_1_12' title="bbox 355 1554 1857 1668; baseline -0.002 -48"><span class='ocrx_word' id='word_1_75' title='bbox 355 1554 639 1620; x_wconf 79' lang='lat' dir='ltr'><strong>fectum·</strong></span> <span class='ocrx_word' id='word_1_76' title='bbox 622 1556 914 1640; x_wconf 88' lang='lat' dir='ltr'><strong>,aliquid</strong></span> <span class='ocrx_word' id='word_1_77' title='bbox 950 1564 1049 1620; x_wconf 87' lang='lat' dir='ltr'><strong>est</strong></span> <span class='ocrx_word' id='word_1_78' title='bbox 1080 1556 1307 1668; x_wconf 80' lang='lat' dir='ltr'><strong>harum</strong></span> <span class='ocrx_word' id='word_1_79' title='bbox 1348 1555 1857 1620; x_wconf 86' lang='lat' dir='ltr'><strong>intellectionum</strong></span> 
     </span>
    </p>
   </div>
   <div class='ocr_carea' id='block_1_5' title="bbox 353 1752 1859 1837">
    <p class='ocr_par' dir='ltr' id='par_1_5' title="bbox 353 1752 1859 1837">
     <span class='ocr_line' id='line_1_13' title="bbox 353 1752 1859 1837; baseline 0.001 -22"><span class='ocrx_word' id='word_1_80' title='bbox 353 1753 526 1836; x_wconf 90' lang='lat' dir='ltr'><strong>quod</strong></span> <span class='ocrx_word' id='word_1_81' title='bbox 572 1753 796 1836; x_wconf 88' lang='lat' dir='ltr'><strong>utique</strong></span> <span class='ocrx_word' id='word_1_82' title='bbox 837 1754 1283 1837; x_wconf 73' lang='lat' dir='ltr'><strong>apprehendit,</strong></span> <span class='ocrx_word' id='word_1_83' title='bbox 1334 1772 1453 1818; x_wconf 90' lang='lat' dir='ltr'><strong>nec</strong></span> <span class='ocrx_word' id='word_1_84' title='bbox 1496 1753 1711 1836; x_wconf 89' lang='lat' dir='ltr'><strong>aliqua</strong></span> <span class='ocrx_word' id='word_1_85' title='bbox 1751 1752 1859 1816; x_wconf 88' lang='lat' dir='ltr'><strong>ha-</strong></span> 
     </span>
    </p>
   </div>
   <div class='ocr_carea' id='block_1_6' title="bbox 1962 761 3750 857">
    <p class='ocr_par' dir='ltr' id='par_1_6' title="bbox 1962 761 3750 857">
     <span class='ocr_line' id='line_1_14' title="bbox 1962 761 3750 857; baseline -0.003 -24"><span class='ocrx_word' id='word_1_86' title='bbox 1962 771 2087 833; x_wconf 89' lang='lat' dir='ltr'><strong>tuit</strong></span> <span class='ocrx_word' id='word_1_87' title='bbox 2134 771 2412 855; x_wconf 88' lang='lat' dir='ltr'><strong>copiose.</strong></span> <span class='ocrx_word' id='word_1_88' title='bbox 2471 772 2610 836; x_wconf 87' lang='lat' dir='ltr'><strong>Alia</strong></span> <span class='ocrx_word' id='word_1_89' title='bbox 2660 791 2806 857; x_wconf 87' lang='lat' dir='ltr'><strong>pars</strong></span> <span class='ocrx_word' id='word_1_90' title='bbox 2851 771 3212 836; x_wconf 77' lang='lat' dir='ltr'>declaratur</span> <span class='ocrx_word' id='word_1_91' title='bbox 3253 789 3268 834; x_wconf 71' lang='grc' dir='ltr'><strong><em>ε</em></strong></span> <span class='ocrx_word' id='word_1_92' title='bbox 3309 789 3464 854; x_wconf 90' lang='lat' dir='ltr'><strong>quo·</strong></span> <span class='ocrx_word' id='word_1_93' title='bbox 3491 761 3691 800; x_wconf 63' lang='lat' dir='ltr'>&#39;‘um“</span> <span class='ocrx_word' id='word_1_94' title='bbox 3713 769 3750 801; x_wconf 81' lang='lat'><strong>⁸·</strong></span> 
     </span>
    </p>
   </div>
   <div class='ocr_carea' id='block_1_7' title="bbox 1962 863 3468 1541">
    <p class='ocr_par' dir='ltr' id='par_1_7' title="bbox 1962 863 3468 1541">
     <span class='ocr_line' id='line_1_15' title="bbox 1964 863 3464 953; baseline 0.001 -24"><span class='ocrx_word' id='word_1_95' title='bbox 1964 867 2131 930; x_wconf 87' lang='lat' dir='ltr'><strong>niam</strong></span> <span class='ocrx_word' id='word_1_96' title='bbox 2161 863 2732 953; x_wconf 72' lang='lat' dir='ltr'><strong>gloriosi&#39;Apostoli</strong></span> <span class='ocrx_word' id='word_1_97' title='bbox 2761 889 2841 935; x_wconf 84' lang='lat' dir='ltr'><strong>ex</strong></span> <span class='ocrx_word' id='word_1_98' title='bbox 2869 887 2980 934; x_wconf 90' lang='lat' dir='ltr'><strong>ore</strong></span> <span class='ocrx_word' id='word_1_99' title='bbox 3009 871 3124 934; x_wconf 88' lang='lat' dir='ltr'><strong>Dei</strong></span> <span class='ocrx_word' id='word_1_100' title='bbox 3154 869 3464 934; x_wconf 88' lang='lat' dir='ltr'><strong>incarnati</strong></span> 
     </span>
     <span class='ocr_line' id='line_1_16' title="bbox 1962 965 3468 1052; baseline 0.003 -24"><span class='ocrx_word' id='word_1_101' title='bbox 1962 965 2331 1030; x_wconf 88' lang='lat' dir='ltr'><strong>didicerunt</strong></span> <span class='ocrx_word' id='word_1_102' title='bbox 2386 969 2722 1032; x_wconf 61' lang='lat' dir='ltr'><strong>adorandas</strong></span> <span class='ocrx_word' id='word_1_103' title='bbox 2781 968 3108 1033; x_wconf 89' lang='lat' dir='ltr'><strong>Trinitatis</strong></span> <span class='ocrx_word' id='word_1_104' title='bbox 3177 969 3468 1052; x_wconf 79' lang='lat' dir='ltr'><strong>mysteri-</strong></span> 
     </span>
     <span class='ocr_line' id='line_1_17' title="bbox 1964 1066 3463 1151; baseline 0.001 -24"><span class='ocrx_word' id='word_1_105' title='bbox 1964 1083 2098 1139; x_wconf 89' lang='lat' dir='ltr'><strong>um,</strong></span> <span class='ocrx_word' id='word_1_106' title='bbox 2130 1071 2264 1128; x_wconf 86' lang='lat' dir='ltr'><strong>tam</strong></span> <span class='ocrx_word' id='word_1_107' title='bbox 2309 1073 2456 1130; x_wconf 90' lang='lat' dir='ltr'><strong>ante</strong></span> <span class='ocrx_word' id='word_1_108' title='bbox 2485 1066 2676 1130; x_wconf 80' lang='lat' dir='ltr'><strong>Verbi</strong></span> <span class='ocrx_word' id='word_1_109' title='bbox 2723 1067 3032 1131; x_wconf 88' lang='lat' dir='ltr'><strong>incarnati</strong></span> <span class='ocrx_word' id='word_1_110' title='bbox 3075 1067 3463 1151; x_wconf 78' lang='lat' dir='ltr'><strong>passionem,</strong></span> 
     </span>
     <span class='ocr_line' id='line_1_18' title="bbox 1964 1165 3462 1250; baseline 0.001 -24"><span class='ocrx_word' id='word_1_111' title='bbox 1964 1165 2318 1246; x_wconf 78' lang='lat' dir='ltr'><strong>praesertim</strong></span> <span class='ocrx_word' id='word_1_112' title='bbox 2355 1165 2420 1228; x_wconf 90' lang='lat' dir='ltr'><strong>in</strong></span> <span class='ocrx_word' id='word_1_113' title='bbox 2455 1183 2748 1228; x_wconf 82' lang='lat' dir='ltr'><strong>sermone</strong></span> <span class='ocrx_word' id='word_1_114' title='bbox 2787 1165 2954 1230; x_wconf 80' lang='lat' dir='ltr'><strong>facto</strong></span> <span class='ocrx_word' id='word_1_115' title='bbox 2997 1173 3142 1250; x_wconf 89' lang='lat' dir='ltr'><strong>post</strong></span> <span class='ocrx_word' id='word_1_116' title='bbox 3179 1165 3462 1239; x_wconf 86' lang='lat' dir='ltr'><strong>Coenam,</strong></span> 
     </span>
     <span class='ocr_line' id='line_1_19' title="bbox 1962 1261 3466 1345; baseline 0.001 -22"><span class='ocrx_word' id='word_1_117' title='bbox 1962 1279 2158 1342; x_wconf 87' lang='lat' dir='ltr'><strong>quam</strong></span> <span class='ocrx_word' id='word_1_118' title='bbox 2209 1269 2448 1345; x_wconf 87' lang='lat' dir='ltr'><strong>postea,</strong></span> <span class='ocrx_word' id='word_1_119' title='bbox 2502 1261 2778 1326; x_wconf 77' lang='lat' dir='ltr'><strong>maxime</strong></span> <span class='ocrx_word' id='word_1_120' title='bbox 2826 1263 3084 1345; x_wconf 90' lang='lat' dir='ltr'><strong>quando</strong></span> <span class='ocrx_word' id='word_1_121' title='bbox 3133 1263 3199 1325; x_wconf 90' lang='lat' dir='ltr'><strong>in</strong></span> <span class='ocrx_word' id='word_1_122' title='bbox 3249 1270 3466 1326; x_wconf 91' lang='lat' dir='ltr'><strong>monte</strong></span> 
     </span>
     <span class='ocr_line' id='line_1_20' title="bbox 1962 1357 3464 1442; baseline 0.002 -22"><span class='ocrx_word' id='word_1_123' title='bbox 1962 1357 2216 1423; x_wconf 88' lang='lat' dir='ltr'><strong>Thabor</strong></span> <span class='ocrx_word' id='word_1_124' title='bbox 2270 1368 2416 1442; x_wconf 88' lang='lat' dir='ltr'><strong>post</strong></span> <span class='ocrx_word' id='word_1_125' title='bbox 2471 1361 3028 1436; x_wconf 83' lang='lat' dir='ltr'><strong>resurrectionem,</strong></span> <span class='ocrx_word' id='word_1_126' title='bbox 3079 1369 3226 1424; x_wconf 88' lang='lat' dir='ltr'><strong>ante</strong></span> <span class='ocrx_word' id='word_1_127' title='bbox 3282 1379 3464 1424; x_wconf 88' lang='lat' dir='ltr'><strong>suam</strong></span> 
     </span>
     <span class='ocr_line' id='line_1_21' title="bbox 1964 1455 3460 1541; baseline 0.002 -23"><span class='ocrx_word' id='word_1_128' title='bbox 1964 1455 2030 1519; x_wconf 91' lang='lat' dir='ltr'><strong>in</strong></span> <span class='ocrx_word' id='word_1_129' title='bbox 2071 1456 2308 1521; x_wconf 86' lang='lat' dir='ltr'><strong>coelum</strong></span> <span class='ocrx_word' id='word_1_130' title='bbox 2346 1458 2784 1522; x_wconf 81' lang='lat' dir='ltr'><strong>ascensionem</strong></span> <span class='ocrx_word' id='word_1_131' title='bbox 2827 1459 3132 1541; x_wconf 65' lang='lat' dir='ltr'><strong>pracepit</strong></span> <span class='ocrx_word' id='word_1_132' title='bbox 3164 1458 3460 1522; x_wconf 86' lang='lat' dir='ltr'><strong>eisdem:</strong></span> 
     </span>
    </p>
   </div>
   <div class='ocr_carea' id='block_1_8' title="bbox 1966 1555 3760 1678">
    <p class='ocr_par' dir='ltr' id='par_1_8' title="bbox 1966 1555 3760 1678">
     <span class='ocr_line' id='line_1_22' title="bbox 1966 1555 3760 1678; baseline -0.002 -60"><span class='ocrx_word' id='word_1_133' title='bbox 1966 1555 2204 1619; x_wconf 89' lang='lat' dir='ltr'><strong>Euntes</strong></span> <span class='ocrx_word' id='word_1_134' title='bbox 2243 1557 2308 1620; x_wconf 89' lang='lat' dir='ltr'><strong>in</strong></span> <span class='ocrx_word' id='word_1_135' title='bbox 2349 1558 2662 1620; x_wconf 90' lang='lat' dir='ltr'><strong>mundum</strong></span> <span class='ocrx_word' id='word_1_136' title='bbox 2693 1557 3088 1632; x_wconf 86' lang='lat' dir='ltr'><strong>universum,</strong></span> <span class='ocrx_word' id='word_1_137' title='bbox 3123 1557 3463 1668; x_wconf 61' lang='lat' dir='ltr'><strong>praedicate</strong></span> <span class='ocrx_word' id='word_1_138' title='bbox 3491 1569 3760 1678; x_wconf 33' lang='lat' dir='ltr'><strong>”ganan-</strong></span> 
     </span>
    </p>
   </div>
   <div class='ocr_carea' id='block_1_9' title="bbox 1965 1709 3760 1836">
    <p class='ocr_par' dir='ltr' id='par_1_9' title="bbox 1965 1709 3760 1836">
     <span class='ocr_line' id='line_1_23' title="bbox 1965 1709 3760 1836; baseline -0.001 -20"><span class='ocrx_word' id='word_1_139' title='bbox 1965 1771 2191 1817; x_wconf 89' lang='lat' dir='ltr'><strong>omnes</strong></span> <span class='ocrx_word' id='word_1_140' title='bbox 2247 1762 2470 1836; x_wconf 89' lang='lat' dir='ltr'><strong>gentes</strong></span> <span class='ocrx_word' id='word_1_141' title='bbox 2529 1755 2593 1816; x_wconf 92' lang='lat' dir='ltr'><strong>in</strong></span> <span class='ocrx_word' id='word_1_142' title='bbox 2653 1755 2912 1819; x_wconf 89' lang='lat' dir='ltr'><strong>nomine</strong></span> <span class='ocrx_word' id='word_1_143' title='bbox 2955 1753 3154 1818; x_wconf 88' lang='lat' dir='ltr'><strong>Patris</strong></span> <span class='ocrx_word' id='word_1_144' title='bbox 3211 1761 3276 1818; x_wconf 89' lang='lat' dir='ltr'><strong>et</strong></span> <span class='ocrx_word' id='word_1_145' title='bbox 3320 1753 3464 1816; x_wconf 85' lang='lat' dir='ltr'><strong>Filii</strong></span> <span class='ocrx_word' id='word_1_146' title='bbox 3499 1762 3562 1804; x_wconf 80' lang='lat'><strong>¹⁵</strong></span> <span class='ocrx_word' id='word_1_147' title='bbox 3547 1709 3760 1746; x_wconf 48' lang='grc'><strong>’’’’’’’</strong></span> 
     </span>
    </p>
   </div>
   <div class='ocr_carea' id='block_1_10' title="bbox 355 1849 3462 1935">
    <p class='ocr_par' dir='ltr' id='par_1_10' title="bbox 355 1849 3462 1935">
     <span class='ocr_line' id='line_1_24' title="bbox 355 1849 3462 1935; baseline 0 -21"><span class='ocrx_word' id='word_1_148' title='bbox 355 1870 497 1914; x_wconf 84' lang='grc' dir='ltr'><strong>ιιιιιι</strong></span> <span class='ocrx_word' id='word_1_149' title='bbox 545 1859 657 1914; x_wconf 88' lang='lat' dir='ltr'><strong>aut</strong></span> <span class='ocrx_word' id='word_1_150' title='bbox 702 1851 1141 1916; x_wconf 82' lang='lat' dir='ltr'><strong>consimilium</strong></span> <span class='ocrx_word' id='word_1_151' title='bbox 1190 1850 1705 1916; x_wconf 84' lang='lat' dir='ltr'><strong>enuntiationum</strong></span> <span class='ocrx_word' id='word_1_152' title='bbox 1752 1869 1857 1914; x_wconf 88' lang='lat' dir='ltr'><strong>ve·</strong></span> <span class='ocrx_word' id='word_1_153' title='bbox 1890 1849 1939 1912; x_wconf 89' lang='lat' dir='ltr'>B</span> <span class='ocrx_word' id='word_1_154' title='bbox 1966 1859 2031 1914; x_wconf 90' lang='lat' dir='ltr'><strong>et</strong></span> <span class='ocrx_word' id='word_1_155' title='bbox 2050 1851 2328 1934; x_wconf 86' lang='lat' dir='ltr'><strong>Spiritus</strong></span> <span class='ocrx_word' id='word_1_156' title='bbox 2349 1852 2581 1916; x_wconf 85' lang='lat' dir='ltr'><strong>Sancti.</strong></span> <span class='ocrx_word' id='word_1_157' title='bbox 2607 1852 2798 1916; x_wconf 87' lang='lat' dir='ltr'><strong>Porro</strong></span> <span class='ocrx_word' id='word_1_158' title='bbox 2829 1860 2974 1935; x_wconf 91' lang='lat' dir='ltr'><strong>post</strong></span> <span class='ocrx_word' id='word_1_159' title='bbox 2999 1851 3462 1926; x_wconf 88' lang='lat' dir='ltr'><strong>ascensionem,</strong></span> 
     </span>
    </p>
   </div>
   <div class='ocr_carea' id='block_1_11' title="bbox 353 1948 1865 3013">
    <p class='ocr_par' dir='ltr' id='par_1_11' title="bbox 353 1948 1865 3013">
     <span class='ocr_line' id='line_1_25' title="bbox 355 1948 1859 2033; baseline 0.001 -22"><span class='ocrx_word' id='word_1_160' title='bbox 355 1948 653 2012; x_wconf 78' lang='lat' dir='ltr'><strong>rificatur</strong></span> <span class='ocrx_word' id='word_1_161' title='bbox 711 1950 791 2014; x_wconf 92' lang='lat' dir='ltr'><strong>de</strong></span> <span class='ocrx_word' id='word_1_162' title='bbox 848 1950 1067 2033; x_wconf 89' lang='lat' dir='ltr'><strong>aliquo</strong></span> <span class='ocrx_word' id='word_1_163' title='bbox 1112 1949 1365 2032; x_wconf 75' lang='lat' dir='ltr'><strong>obJecto</strong></span> <span class='ocrx_word' id='word_1_164' title='bbox 1412 1957 1642 2012; x_wconf 86' lang='lat' dir='ltr'><strong>creato.</strong></span> <span class='ocrx_word' id='word_1_165' title='bbox 1696 1949 1859 2030; x_wconf 87' lang='lat' dir='ltr'><strong>Ergo</strong></span> 
     </span>
     <span class='ocr_line' id='line_1_26' title="bbox 356 2048 1859 2132; baseline 0 -20"><span class='ocrx_word' id='word_1_166' title='bbox 356 2068 541 2113; x_wconf 88' lang='lat' dir='ltr'><strong>mens</strong></span> <span class='ocrx_word' id='word_1_167' title='bbox 590 2049 1009 2132; x_wconf 87' lang='lat' dir='ltr'><strong>intelligendo</strong></span> <span class='ocrx_word' id='word_1_168' title='bbox 1062 2049 1221 2124; x_wconf 75' lang='lat' dir='ltr'><strong>haec,</strong></span> <span class='ocrx_word' id='word_1_169' title='bbox 1271 2048 1475 2113; x_wconf 77' lang='lat' dir='ltr'><strong>fertur</strong></span> <span class='ocrx_word' id='word_1_170' title='bbox 1532 2049 1597 2113; x_wconf 92' lang='lat' dir='ltr'><strong>in</strong></span> <span class='ocrx_word' id='word_1_171' title='bbox 1647 2049 1859 2132; x_wconf 91' lang='lat' dir='ltr'><strong>ipsum</strong></span> 
     </span>
     <span class='ocr_line' id='line_1_27' title="bbox 354 2146 1860 2232; baseline -0.001 -21"><span class='ocrx_word' id='word_1_172' title='bbox 354 2166 587 2212; x_wconf 86' lang='lat' dir='ltr'><strong>verum</strong></span> <span class='ocrx_word' id='word_1_173' title='bbox 616 2148 843 2222; x_wconf 91' lang='lat' dir='ltr'><strong>Deum,</strong></span> <span class='ocrx_word' id='word_1_174' title='bbox 874 2157 941 2212; x_wconf 86' lang='lat' dir='ltr'><strong>et</strong></span> <span class='ocrx_word' id='word_1_175' title='bbox 970 2147 1276 2232; x_wconf 88' lang='lat' dir='ltr'><strong>pertingit</strong></span> <span class='ocrx_word' id='word_1_176' title='bbox 1304 2147 1371 2210; x_wconf 90' lang='lat' dir='ltr'><strong>in</strong></span> <span class='ocrx_word' id='word_1_177' title='bbox 1404 2147 1657 2229; x_wconf 87' lang='lat' dir='ltr'><strong>ipsum:</strong></span> <span class='ocrx_word' id='word_1_178' title='bbox 1690 2146 1860 2228; x_wconf 91' lang='lat' dir='ltr'><strong>quod</strong></span> 
     </span>
     <span class='ocr_line' id='line_1_28' title="bbox 357 2243 1861 2329; baseline -0.003 -19"><span class='ocrx_word' id='word_1_179' title='bbox 357 2254 453 2310; x_wconf 89' lang='lat' dir='ltr'><strong>est</strong></span> <span class='ocrx_word' id='word_1_180' title='bbox 482 2246 785 2311; x_wconf 84' lang='lat' dir='ltr'><strong>intuitive</strong></span> <span class='ocrx_word' id='word_1_181' title='bbox 814 2263 1197 2329; x_wconf 79' lang='lat' dir='ltr'><strong>cognoscere</strong></span> <span class='ocrx_word' id='word_1_182' title='bbox 1236 2263 1407 2318; x_wconf 90' lang='lat' dir='ltr'><strong>eum,</strong></span> <span class='ocrx_word' id='word_1_183' title='bbox 1442 2245 1613 2327; x_wconf 88' lang='lat' dir='ltr'><strong>quod</strong></span> <span class='ocrx_word' id='word_1_184' title='bbox 1652 2251 1717 2307; x_wconf 88' lang='lat' dir='ltr'><strong>et</strong></span> <span class='ocrx_word' id='word_1_185' title='bbox 1752 2243 1861 2307; x_wconf 92' lang='lat' dir='ltr'><strong>alii</strong></span> 
     </span>
     <span class='ocr_line' id='line_1_29' title="bbox 356 2343 1865 2428; baseline -0.002 -20"><span class='ocrx_word' id='word_1_186' title='bbox 356 2347 625 2428; x_wconf 85' lang='lat' dir='ltr'><strong>quidam</strong></span> <span class='ocrx_word' id='word_1_187' title='bbox 670 2345 1071 2424; x_wconf 82' lang='lat' dir='ltr'><strong>concedunt3</strong></span> <span class='ocrx_word' id='word_1_188' title='bbox 1106 2344 1407 2428; x_wconf 88' lang='lat' dir='ltr'><strong>quamvis</strong></span> <span class='ocrx_word' id='word_1_189' title='bbox 1446 2343 1705 2406; x_wconf 86' lang='lat' dir='ltr'><strong>intuitio</strong></span> <span class='ocrx_word' id='word_1_190' title='bbox 1744 2343 1865 2405; x_wconf 83' lang='lat' dir='ltr'><strong>ista</strong></span> 
     </span>
     <span class='ocr_line' id='line_1_30' title="bbox 356 2441 1859 2527; baseline -0.002 -21"><span class='ocrx_word' id='word_1_191' title='bbox 356 2444 439 2506; x_wconf 88' lang='lat' dir='ltr'><strong>sit</strong></span> <span class='ocrx_word' id='word_1_192' title='bbox 486 2462 611 2527; x_wconf 90' lang='lat' dir='ltr'><strong>per</strong></span> <span class='ocrx_word' id='word_1_193' title='bbox 666 2443 1125 2506; x_wconf 89' lang='lat' dir='ltr'><strong>similitudines</strong></span> <span class='ocrx_word' id='word_1_194' title='bbox 1170 2441 1549 2526; x_wconf 87' lang='lat' dir='ltr'><strong>speciesque</strong></span> <span class='ocrx_word' id='word_1_195' title='bbox 1594 2449 1859 2516; x_wconf 84' lang='lat' dir='ltr'><strong>creatas,</strong></span> 
     </span>
     <span class='ocr_line' id='line_1_31' title="bbox 353 2539 1861 2624; baseline -0.002 -20"><span class='ocrx_word' id='word_1_196' title='bbox 353 2559 427 2604; x_wconf 87' lang='lat' dir='ltr'><strong>ac</strong></span> <span class='ocrx_word' id='word_1_197' title='bbox 488 2541 771 2604; x_wconf 89' lang='lat' dir='ltr'><strong>multum</strong></span> <span class='ocrx_word' id='word_1_198' title='bbox 836 2541 1129 2616; x_wconf 88' lang='lat' dir='ltr'><strong>obscura,</strong></span> <span class='ocrx_word' id='word_1_199' title='bbox 1188 2539 1545 2624; x_wconf 77' lang='lat' dir='ltr'><strong>praesertim</strong></span> <span class='ocrx_word' id='word_1_200' title='bbox 1610 2557 1861 2622; x_wconf 86' lang='lat' dir='ltr'><strong>compa·</strong></span> 
     </span>
     <span class='ocr_line' id='line_1_32' title="bbox 356 2635 1863 2720; baseline -0.001 -18"><span class='ocrx_word' id='word_1_201' title='bbox 356 2639 607 2702; x_wconf 86' lang='lat' dir='ltr'><strong>ratione</strong></span> <span class='ocrx_word' id='word_1_202' title='bbox 660 2637 979 2702; x_wconf 66' lang='lat' dir='ltr'><strong>beatificas</strong></span> <span class='ocrx_word' id='word_1_203' title='bbox 1030 2637 1299 2702; x_wconf 86' lang='lat' dir='ltr'><strong>visionis</strong></span> <span class='ocrx_word' id='word_1_204' title='bbox 1357 2637 1423 2701; x_wconf 90' lang='lat' dir='ltr'><strong>in</strong></span> <span class='ocrx_word' id='word_1_205' title='bbox 1472 2655 1685 2720; x_wconf 87' lang='lat' dir='ltr'><strong>regno.</strong></span> <span class='ocrx_word' id='word_1_206' title='bbox 1738 2635 1863 2700; x_wconf 81' lang='lat' dir='ltr'><strong>nir-</strong></span> 
     </span>
     <span class='ocr_line' id='line_1_33' title="bbox 354 2735 1857 2820; baseline -0.001 -21"><span class='ocrx_word' id='word_1_207' title='bbox 354 2737 531 2800; x_wconf 78' lang='lat' dir='ltr'><strong>ficile</strong></span> <span class='ocrx_word' id='word_1_208' title='bbox 583 2755 735 2818; x_wconf 87' lang='lat' dir='ltr'><strong>ergo</strong></span> <span class='ocrx_word' id='word_1_209' title='bbox 778 2745 877 2800; x_wconf 88' lang='lat' dir='ltr'><strong>est</strong></span> <span class='ocrx_word' id='word_1_210' title='bbox 917 2737 1088 2801; x_wconf 90' lang='lat' dir='ltr'><strong>istud</strong></span> <span class='ocrx_word' id='word_1_211' title='bbox 1139 2735 1471 2820; x_wconf 86' lang='lat' dir='ltr'><strong>problema</strong></span> <span class='ocrx_word' id='word_1_212' title='bbox 1518 2735 1857 2798; x_wconf 89' lang='lat' dir='ltr'><strong>elucidare.</strong></span> 
     </span>
     <span class='ocr_line' id='line_1_34' title="bbox 354 2834 1865 2917; baseline -0.001 -19"><span class='ocrx_word' id='word_1_213' title='bbox 354 2834 567 2898; x_wconf 84' lang='lat' dir='ltr'><strong>Etiam</strong></span> <span class='ocrx_word' id='word_1_214' title='bbox 600 2835 655 2898; x_wconf 92' lang='lat' dir='ltr'><strong>si</strong></span> <span class='ocrx_word' id='word_1_215' title='bbox 694 2834 1081 2897; x_wconf 87' lang='lat' dir='ltr'><strong>concedatur</strong></span> <span class='ocrx_word' id='word_1_216' title='bbox 1108 2835 1279 2916; x_wconf 89' lang='lat' dir='ltr'><strong>quod</strong></span> <span class='ocrx_word' id='word_1_217' title='bbox 1318 2834 1521 2898; x_wconf 91' lang='lat' dir='ltr'><strong>Deum</strong></span> <span class='ocrx_word' id='word_1_218' title='bbox 1562 2839 1865 2917; x_wconf 65' lang='lat' dir='ltr'><strong>praetacto</strong></span> 
     </span>
     <span class='ocr_line' id='line_1_35' title="bbox 356 2930 1863 3013; baseline 0 -19"><span class='ocrx_word' id='word_1_219' title='bbox 356 2933 547 2996; x_wconf 90' lang='lat' dir='ltr'><strong>modo</strong></span> <span class='ocrx_word' id='word_1_220' title='bbox 594 2931 895 2995; x_wconf 86' lang='lat' dir='ltr'><strong>intuitive</strong></span> <span class='ocrx_word' id='word_1_221' title='bbox 934 2930 1376 3013; x_wconf 78' lang='lat' dir='ltr'><strong>intelligimus,</strong></span> <span class='ocrx_word' id='word_1_222' title='bbox 1412 2931 1665 2994; x_wconf 88' lang='lat' dir='ltr'><strong>videtur</strong></span> <span class='ocrx_word' id='word_1_223' title='bbox 1694 2931 1863 3012; x_wconf 90' lang='lat' dir='ltr'><strong>quod</strong></span> 
     </span>
    </p>
   </div>
   <div class='ocr_carea' id='block_1_12' title="bbox 1967 1949 3764 3014">
    <p class='ocr_par' dir='ltr' id='par_1_12' title="bbox 1968 1949 3466 2014">
     <span class='ocr_line' id='line_1_36' title="bbox 1968 1949 3466 2014; baseline 0.001 -2"><span class='ocrx_word' id='word_1_224' title='bbox 1968 1949 2166 2013; x_wconf 89' lang='lat' dir='ltr'><strong>misso</strong></span> <span class='ocrx_word' id='word_1_225' title='bbox 2205 1949 2270 2012; x_wconf 90' lang='lat' dir='ltr'><strong>in</strong></span> <span class='ocrx_word' id='word_1_226' title='bbox 2315 1949 2418 2012; x_wconf 91' lang='lat' dir='ltr'><strong>die</strong></span> <span class='ocrx_word' id='word_1_227' title='bbox 2456 1949 2888 2012; x_wconf 88' lang='lat' dir='ltr'><strong>sacratissimo</strong></span> <span class='ocrx_word' id='word_1_228' title='bbox 2923 1950 3322 2014; x_wconf 88' lang='lat' dir='ltr'><strong>Pentecostes</strong></span> <span class='ocrx_word' id='word_1_229' title='bbox 3361 1951 3466 2014; x_wconf 91' lang='lat' dir='ltr'><strong>de-</strong></span> 
     </span>
    </p>

    <p class='ocr_par' dir='ltr' id='par_1_13' title="bbox 1967 2047 3470 2328">
     <span class='ocr_line' id='line_1_37' title="bbox 1967 2047 3468 2131; baseline 0.001 -21"><span class='ocrx_word' id='word_1_230' title='bbox 1967 2066 2164 2130; x_wconf 88' lang='lat' dir='ltr'><strong>super</strong></span> <span class='ocrx_word' id='word_1_231' title='bbox 2193 2047 2432 2131; x_wconf 89' lang='lat' dir='ltr'><strong>Spiritu</strong></span> <span class='ocrx_word' id='word_1_232' title='bbox 2463 2047 2712 2122; x_wconf 90' lang='lat' dir='ltr'><strong>Sancto,</strong></span> <span class='ocrx_word' id='word_1_233' title='bbox 2745 2047 3004 2111; x_wconf 89' lang='lat' dir='ltr'><strong>edocuit</strong></span> <span class='ocrx_word' id='word_1_234' title='bbox 3031 2066 3140 2112; x_wconf 90' lang='lat' dir='ltr'><strong>eos</strong></span> <span class='ocrx_word' id='word_1_235' title='bbox 3181 2047 3468 2130; x_wconf 88' lang='lat' dir='ltr'><strong>aliosque</strong></span> 
     </span>
     <span class='ocr_line' id='line_1_38' title="bbox 1968 2144 3470 2229; baseline 0 -19"><span class='ocrx_word' id='word_1_236' title='bbox 1968 2145 2322 2229; x_wconf 87' lang='lat' dir='ltr'><strong>discipulos</strong></span> <span class='ocrx_word' id='word_1_237' title='bbox 2359 2145 2522 2208; x_wconf 91' lang='lat' dir='ltr'><strong>hanc</strong></span> <span class='ocrx_word' id='word_1_238' title='bbox 2565 2144 2720 2209; x_wconf 79' lang='lat' dir='ltr'><strong>fidei</strong></span> <span class='ocrx_word' id='word_1_239' title='bbox 2761 2146 3094 2210; x_wconf 85' lang='lat' dir='ltr'><strong>veritatem</strong></span> <span class='ocrx_word' id='word_1_240' title='bbox 3139 2165 3212 2210; x_wconf 89' lang='lat' dir='ltr'><strong>ac</strong></span> <span class='ocrx_word' id='word_1_241' title='bbox 3260 2155 3470 2210; x_wconf 85' lang='lat' dir='ltr'><strong>cetera</strong></span> 
     </span>
     <span class='ocr_line' id='line_1_39' title="bbox 1968 2243 3468 2328; baseline 0.001 -22"><span class='ocrx_word' id='word_1_242' title='bbox 1968 2243 2354 2325; x_wconf 81' lang='lat' dir='ltr'><strong>evangelicae</strong></span> <span class='ocrx_word' id='word_1_243' title='bbox 2391 2243 2548 2324; x_wconf 87' lang='lat' dir='ltr'><strong>legis</strong></span> <span class='ocrx_word' id='word_1_244' title='bbox 2591 2245 2895 2328; x_wconf 80' lang='lat' dir='ltr'><strong>mysteria</strong></span> <span class='ocrx_word' id='word_1_245' title='bbox 2934 2243 3468 2318; x_wconf 88' lang='lat' dir='ltr'><strong>luculentissime,</strong></span> 
     </span>
    </p>

    <p class='ocr_par' dir='ltr' id='par_1_14' title="bbox 1970 2340 3469 2524">
     <span class='ocr_line' id='line_1_40' title="bbox 1970 2340 3468 2425; baseline -0.001 -21"><span class='ocrx_word' id='word_1_246' title='bbox 1970 2359 2087 2424; x_wconf 90' lang='lat' dir='ltr'><strong>per</strong></span> <span class='ocrx_word' id='word_1_247' title='bbox 2124 2340 2660 2406; x_wconf 87' lang='lat' dir='ltr'><strong>illuminationem</strong></span> <span class='ocrx_word' id='word_1_248' title='bbox 2703 2341 3126 2406; x_wconf 86' lang='lat' dir='ltr'><strong>clarissimam</strong></span> <span class='ocrx_word' id='word_1_249' title='bbox 3165 2341 3468 2425; x_wconf 88' lang='lat' dir='ltr'><strong>paracleti</strong></span> 
     </span>
     <span class='ocr_line' id='line_1_41' title="bbox 1972 2437 3469 2524; baseline 0.001 -22"><span class='ocrx_word' id='word_1_250' title='bbox 1972 2437 2248 2521; x_wconf 86' lang='lat' dir='ltr'><strong>Spiritus</strong></span> <span class='ocrx_word' id='word_1_251' title='bbox 2289 2439 2526 2514; x_wconf 89' lang='lat' dir='ltr'><strong>Sancti,</strong></span> <span class='ocrx_word' id='word_1_252' title='bbox 2573 2441 3116 2523; x_wconf 88' lang='lat' dir='ltr'><strong>quemadmodum</strong></span> <span class='ocrx_word' id='word_1_253' title='bbox 3163 2447 3306 2524; x_wconf 90' lang='lat' dir='ltr'><strong>post</strong></span> <span class='ocrx_word' id='word_1_254' title='bbox 3335 2439 3469 2504; x_wconf 89' lang='lat' dir='ltr'><strong>Coe-</strong></span> 
     </span>
    </p>

    <p class='ocr_par' dir='ltr' id='par_1_15' title="bbox 1968 2537 3764 2818">
     <span class='ocr_line' id='line_1_42' title="bbox 1970 2537 3764 2621; baseline 0 -21"><span class='ocrx_word' id='word_1_255' title='bbox 1970 2555 2117 2600; x_wconf 90' lang='lat' dir='ltr'><strong>nam</strong></span> <span class='ocrx_word' id='word_1_256' title='bbox 2163 2537 2504 2619; x_wconf 84' lang='lat' dir='ltr'><strong>spopondit</strong></span> <span class='ocrx_word' id='word_1_257' title='bbox 2547 2545 2738 2620; x_wconf 90' lang='lat' dir='ltr'><strong>atque</strong></span> <span class='ocrx_word' id='word_1_258' title='bbox 2779 2539 3180 2621; x_wconf 89' lang='lat' dir='ltr'><strong>deprompsit</strong></span> <span class='ocrx_word' id='word_1_259' title='bbox 3222 2555 3237 2600; x_wconf 91' lang='lat'><strong>:</strong></span> <span class='ocrx_word' id='word_1_260' title='bbox 3277 2537 3470 2600; x_wconf 81' lang='lat' dir='ltr'><strong>Multa</strong></span> <span class='ocrx_word' id='word_1_261' title='bbox 3497 2559 3764 2608; x_wconf 46' lang='lat' dir='ltr'><strong>ammi-1.</strong></span> 
     </span>
     <span class='ocr_line' id='line_1_43' title="bbox 1968 2623 3650 2716; baseline 0.001 -20"><span class='ocrx_word' id='word_1_262' title='bbox 1968 2633 2330 2716; x_wconf 88' lang='lat' dir='ltr'><strong>(inquiens)</strong></span> <span class='ocrx_word' id='word_1_263' title='bbox 2375 2633 2579 2698; x_wconf 89' lang='lat' dir='ltr'><strong>habeo</strong></span> <span class='ocrx_word' id='word_1_264' title='bbox 2634 2635 2819 2699; x_wconf 89' lang='lat' dir='ltr'><strong>vobis</strong></span> <span class='ocrx_word' id='word_1_265' title='bbox 2875 2635 3111 2711; x_wconf 85' lang='lat' dir='ltr'><strong>dicere,</strong></span> <span class='ocrx_word' id='word_1_266' title='bbox 3171 2635 3282 2699; x_wconf 91' lang='lat' dir='ltr'><strong>sed</strong></span> <span class='ocrx_word' id='word_1_267' title='bbox 3341 2652 3468 2698; x_wconf 90' lang='lat' dir='ltr'><strong>non</strong></span> <span class='ocrx_word' id='word_1_268' title='bbox 3501 2623 3650 2672; x_wconf 57' lang='lat'><strong>¹²³³·</strong></span> 
     </span>
     <span class='ocr_line' id='line_1_44' title="bbox 1973 2731 3472 2818; baseline 0.001 -24"><span class='ocrx_word' id='word_1_269' title='bbox 1973 2731 2238 2818; x_wconf 89' lang='lat' dir='ltr'><strong>potestis</strong></span> <span class='ocrx_word' id='word_1_270' title='bbox 2279 2739 2530 2815; x_wconf 86' lang='lat' dir='ltr'><strong>portare</strong></span> <span class='ocrx_word' id='word_1_271' title='bbox 2579 2734 2806 2812; x_wconf 91' lang='lat' dir='ltr'><strong>modo;</strong></span> <span class='ocrx_word' id='word_1_272' title='bbox 2853 2752 3054 2817; x_wconf 89' lang='lat' dir='ltr'><strong>quum</strong></span> <span class='ocrx_word' id='word_1_273' title='bbox 3100 2741 3314 2798; x_wconf 88' lang='lat' dir='ltr'><strong>autem</strong></span> <span class='ocrx_word' id='word_1_274' title='bbox 3367 2753 3472 2796; x_wconf 89' lang='lat' dir='ltr'><strong>ve-</strong></span> 
     </span>
    </p>

    <p class='ocr_par' dir='ltr' id='par_1_16' title="bbox 1970 2829 3764 3014">
     <span class='ocr_line' id='line_1_45' title="bbox 1972 2829 3470 2926; baseline 0 -32"><span class='ocrx_word' id='word_1_275' title='bbox 1972 2832 2139 2894; x_wconf 89' lang='lat' dir='ltr'><strong>nerit</strong></span> <span class='ocrx_word' id='word_1_276' title='bbox 2198 2829 2306 2926; x_wconf 84' lang='lat' dir='ltr'><strong>ille</strong></span> <span class='ocrx_word' id='word_1_277' title='bbox 2363 2829 2638 2912; x_wconf 81' lang='lat' dir='ltr'><strong>Spiritus</strong></span> <span class='ocrx_word' id='word_1_278' title='bbox 2693 2832 3002 2906; x_wconf 87' lang='lat' dir='ltr'><strong>veritatis,</strong></span> <span class='ocrx_word' id='word_1_279' title='bbox 3053 2831 3312 2896; x_wconf 91' lang='lat' dir='ltr'><strong>docebit</strong></span> <span class='ocrx_word' id='word_1_280' title='bbox 3357 2849 3470 2894; x_wconf 89' lang='lat' dir='ltr'><strong>vos</strong></span> 
     </span>
     <span class='ocr_line' id='line_1_46' title="bbox 1970 2919 3764 3014; baseline -0.001 -18"><span class='ocrx_word' id='word_1_281' title='bbox 1970 2919 2232 2996; x_wconf 87' lang='lat' dir='ltr'><strong>omnem</strong></span> <span class='ocrx_word' id='word_1_282' title='bbox 2292 2931 2648 2994; x_wconf 86' lang='lat' dir='ltr'><strong>veritatem.</strong></span> <span class='ocrx_word' id='word_1_283' title='bbox 2709 2931 2998 3014; x_wconf 88' lang='lat' dir='ltr'><strong>Itemque</strong></span> <span class='ocrx_word' id='word_1_284' title='bbox 3049 2951 3064 2996; x_wconf 91' lang='lat'><strong>:</strong></span> <span class='ocrx_word' id='word_1_285' title='bbox 3115 2932 3470 2996; x_wconf 88' lang='lat' dir='ltr'><strong>Paracletus</strong></span> <span class='ocrx_word' id='word_1_286' title='bbox 3527 2943 3700 2988; x_wconf 61' lang='lat' dir='ltr'><strong>mum</strong></span> <span class='ocrx_word' id='word_1_287' title='bbox 3721 2957 3764 2994; x_wconf 87' lang='lat'>.</span> 
     </span>
    </p>
   </div>
   <div class='ocr_carea' id='block_1_13' title="bbox 356 3011 3524 3113">
    <p class='ocr_par' dir='ltr' id='par_1_17' title="bbox 356 3011 3524 3113">
     <span class='ocr_line' id='line_1_47' title="bbox 356 3011 3524 3113; baseline -0 -20"><span class='ocrx_word' id='word_1_288' title='bbox 356 3031 497 3112; x_wconf 83' lang='lat' dir='ltr'><strong>ejus</strong></span> <span class='ocrx_word' id='word_1_289' title='bbox 556 3030 909 3093; x_wconf 85' lang='lat' dir='ltr'><strong>essentiam</strong></span> <span class='ocrx_word' id='word_1_290' title='bbox 972 3028 1409 3113; x_wconf 69' lang='lat' dir='ltr'><strong>parison-miter</strong></span> <span class='ocrx_word' id='word_1_291' title='bbox 1478 3029 1861 3102; x_wconf 89' lang='lat' dir='ltr'><strong>intueamur,</strong></span> <span class='ocrx_word' id='word_1_292' title='bbox 1896 3031 1939 3096; x_wconf 90' lang='lat' dir='ltr'>C</span> <span class='ocrx_word' id='word_1_293' title='bbox 1970 3030 2248 3113; x_wconf 89' lang='lat' dir='ltr'><strong>Spiritus</strong></span> <span class='ocrx_word' id='word_1_294' title='bbox 2308 3029 2600 3104; x_wconf 89' lang='lat' dir='ltr'><strong>Sanctus,</strong></span> <span class='ocrx_word' id='word_1_295' title='bbox 2658 3049 2852 3112; x_wconf 91' lang='lat' dir='ltr'><strong>quem</strong></span> <span class='ocrx_word' id='word_1_296' title='bbox 2902 3029 3114 3094; x_wconf 86' lang='lat' dir='ltr'><strong>mittet</strong></span> <span class='ocrx_word' id='word_1_297' title='bbox 3169 3031 3348 3094; x_wconf 88' lang='lat' dir='ltr'><strong>Pater</strong></span> <span class='ocrx_word' id='word_1_298' title='bbox 3405 3011 3524 3092; x_wconf 75' lang='lat' dir='ltr'><strong>in²</strong></span> 
     </span>
    </p>
   </div>
   <div class='ocr_carea' id='block_1_14' title="bbox 356 3127 1873 4270">
    <p class='ocr_par' dir='ltr' id='par_1_18' title="bbox 356 3127 1866 3308">
     <span class='ocr_line' id='line_1_48' title="bbox 356 3127 1866 3238; baseline -0.001 -48"><span class='ocrx_word' id='word_1_299' title='bbox 356 3148 557 3238; x_wconf 78' lang='lat' dir='ltr'><strong>quum</strong></span> <span class='ocrx_word' id='word_1_300' title='bbox 600 3128 739 3211; x_wconf 88' lang='lat' dir='ltr'><strong>ipse</strong></span> <span class='ocrx_word' id='word_1_301' title='bbox 770 3128 855 3190; x_wconf 88' lang='lat' dir='ltr'><strong>sit</strong></span> <span class='ocrx_word' id='word_1_302' title='bbox 888 3146 1003 3190; x_wconf 87' lang='lat' dir='ltr'><strong>sua</strong></span> <span class='ocrx_word' id='word_1_303' title='bbox 1040 3127 1350 3207; x_wconf 83' lang='lat' dir='ltr'><strong>essentia3</strong></span> <span class='ocrx_word' id='word_1_304' title='bbox 1384 3127 1679 3209; x_wconf 88' lang='lat' dir='ltr'><strong>quamvis</strong></span> <span class='ocrx_word' id='word_1_305' title='bbox 1709 3127 1866 3210; x_wconf 91' lang='lat' dir='ltr'><strong>quid</strong></span> 
     </span>
     <span class='ocr_line' id='line_1_49' title="bbox 358 3223 1743 3308; baseline -0.002 -21"><span class='ocrx_word' id='word_1_306' title='bbox 358 3225 495 3308; x_wconf 87' lang='lat' dir='ltr'><strong>ipsa</strong></span> <span class='ocrx_word' id='word_1_307' title='bbox 526 3225 619 3287; x_wconf 88' lang='lat' dir='ltr'><strong>sit</strong></span> <span class='ocrx_word' id='word_1_308' title='bbox 647 3242 1055 3306; x_wconf 86' lang='lat' dir='ltr'><strong>nequaquam</strong></span> <span class='ocrx_word' id='word_1_309' title='bbox 1086 3223 1256 3286; x_wconf 89' lang='lat' dir='ltr'><strong>clare</strong></span> <span class='ocrx_word' id='word_1_310' title='bbox 1288 3223 1743 3305; x_wconf 62' lang='lat' dir='ltr'><strong>intelligamus</strong></span> 
     </span>
    </p>

    <p class='ocr_par' dir='ltr' id='par_1_19' title="bbox 356 3321 1873 4270">
     <span class='ocr_line' id='line_1_50' title="bbox 436 3321 1865 3404; baseline -0.002 -19"><span class='ocrx_word' id='word_1_311' title='bbox 436 3323 557 3397; x_wconf 87' lang='lat' dir='ltr'><strong>Qui</strong></span> <span class='ocrx_word' id='word_1_312' title='bbox 610 3323 809 3404; x_wconf 86' lang='lat' dir='ltr'><strong>igitur</strong></span> <span class='ocrx_word' id='word_1_313' title='bbox 864 3321 1027 3384; x_wconf 90' lang='lat' dir='ltr'><strong>banc</strong></span> <span class='ocrx_word' id='word_1_314' title='bbox 1084 3322 1433 3385; x_wconf 89' lang='lat' dir='ltr'><strong>secundam</strong></span> <span class='ocrx_word' id='word_1_315' title='bbox 1482 3321 1865 3404; x_wconf 88' lang='lat' dir='ltr'><strong>positionem</strong></span> 
     </span>
     <span class='ocr_line' id='line_1_51' title="bbox 358 3420 1870 3506; baseline -0.002 -21"><span class='ocrx_word' id='word_1_316' title='bbox 358 3422 541 3506; x_wconf 90' lang='lat' dir='ltr'><strong>cupit</strong></span> <span class='ocrx_word' id='word_1_317' title='bbox 587 3421 783 3494; x_wconf 90' lang='lat' dir='ltr'><strong>tueri,</strong></span> <span class='ocrx_word' id='word_1_318' title='bbox 834 3421 915 3483; x_wconf 89' lang='lat' dir='ltr'><strong>ad</strong></span> <span class='ocrx_word' id='word_1_319' title='bbox 960 3420 1373 3484; x_wconf 85' lang='lat' dir='ltr'><strong>auctoritates</strong></span> <span class='ocrx_word' id='word_1_320' title='bbox 1422 3420 1713 3483; x_wconf 88' lang='lat' dir='ltr'><strong>inductas</strong></span> <span class='ocrx_word' id='word_1_321' title='bbox 1762 3437 1870 3503; x_wconf 92' lang='lat' dir='ltr'><strong>po-</strong></span> 
     </span>
     <span class='ocr_line' id='line_1_52' title="bbox 358 3517 1867 3602; baseline -0.002 -19"><span class='ocrx_word' id='word_1_322' title='bbox 358 3521 507 3584; x_wconf 89' lang='lat' dir='ltr'><strong>terit</strong></span> <span class='ocrx_word' id='word_1_323' title='bbox 546 3519 961 3602; x_wconf 87' lang='lat' dir='ltr'><strong>respondere,</strong></span> <span class='ocrx_word' id='word_1_324' title='bbox 994 3519 1165 3602; x_wconf 88' lang='lat' dir='ltr'><strong>quod</strong></span> <span class='ocrx_word' id='word_1_325' title='bbox 1206 3517 1635 3599; x_wconf 88' lang='lat' dir='ltr'><strong>intelligentes</strong></span> <span class='ocrx_word' id='word_1_326' title='bbox 1666 3517 1867 3582; x_wconf 87' lang='lat' dir='ltr'><strong>Deum</strong></span> 
     </span>
     <span class='ocr_line' id='line_1_53' title="bbox 359 3615 1866 3698; baseline -0.003 -16"><span class='ocrx_word' id='word_1_327' title='bbox 359 3619 423 3682; x_wconf 88' lang='lat' dir='ltr'><strong>in</strong></span> <span class='ocrx_word' id='word_1_328' title='bbox 470 3618 609 3681; x_wconf 82' lang='lat' dir='ltr'><strong>vita</strong></span> <span class='ocrx_word' id='word_1_329' title='bbox 656 3617 803 3691; x_wconf 87' lang='lat' dir='ltr'><strong>hac,</strong></span> <span class='ocrx_word' id='word_1_330' title='bbox 854 3616 1157 3680; x_wconf 87' lang='lat' dir='ltr'><strong>dicuntur</strong></span> <span class='ocrx_word' id='word_1_331' title='bbox 1212 3633 1340 3679; x_wconf 90' lang='lat' dir='ltr'><strong>non</strong></span> <span class='ocrx_word' id='word_1_332' title='bbox 1401 3615 1615 3698; x_wconf 89' lang='lat' dir='ltr'><strong>ipsum</strong></span> <span class='ocrx_word' id='word_1_333' title='bbox 1664 3616 1866 3679; x_wconf 91' lang='lat' dir='ltr'><strong>Deum</strong></span> 
     </span>
     <span class='ocr_line' id='line_1_54' title="bbox 356 3712 1871 3797; baseline -0.003 -17"><span class='ocrx_word' id='word_1_334' title='bbox 356 3715 781 3788; x_wconf 86' lang='lat' dir='ltr'><strong>intellexisse,</strong></span> <span class='ocrx_word' id='word_1_335' title='bbox 828 3715 939 3778; x_wconf 90' lang='lat' dir='ltr'><strong>sed</strong></span> <span class='ocrx_word' id='word_1_336' title='bbox 979 3712 1196 3797; x_wconf 85' lang='lat' dir='ltr'><strong>aliqua</strong></span> <span class='ocrx_word' id='word_1_337' title='bbox 1238 3713 1469 3777; x_wconf 90' lang='lat' dir='ltr'><strong>horum</strong></span> <span class='ocrx_word' id='word_1_338' title='bbox 1514 3733 1657 3796; x_wconf 80' lang='lat' dir='ltr'><strong>quae</strong></span> <span class='ocrx_word' id='word_1_339' title='bbox 1700 3713 1871 3776; x_wconf 88' lang='lat' dir='ltr'><strong>circa</strong></span> 
     </span>
     <span class='ocr_line' id='line_1_55' title="bbox 356 3811 1869 3896; baseline -0.003 -19"><span class='ocrx_word' id='word_1_340' title='bbox 356 3815 573 3896; x_wconf 86' lang='lat' dir='ltr'><strong>ipsum</strong></span> <span class='ocrx_word' id='word_1_341' title='bbox 606 3821 801 3876; x_wconf 87' lang='lat' dir='ltr'><strong>sunt:</strong></span> <span class='ocrx_word' id='word_1_342' title='bbox 826 3812 977 3895; x_wconf 89' lang='lat' dir='ltr'><strong>quia</strong></span> <span class='ocrx_word' id='word_1_343' title='bbox 1006 3830 1135 3876; x_wconf 90' lang='lat' dir='ltr'><strong>non</strong></span> <span class='ocrx_word' id='word_1_344' title='bbox 1166 3819 1639 3894; x_wconf 84' lang='lat' dir='ltr'><strong>conspexerunt</strong></span> <span class='ocrx_word' id='word_1_345' title='bbox 1666 3811 1869 3875; x_wconf 91' lang='lat' dir='ltr'><strong>Deum</strong></span> 
     </span>
     <span class='ocr_line' id='line_1_56' title="bbox 357 3909 1872 3993; baseline -0.003 -18"><span class='ocrx_word' id='word_1_346' title='bbox 357 3913 547 3976; x_wconf 88' lang='lat' dir='ltr'><strong>sicuti</strong></span> <span class='ocrx_word' id='word_1_347' title='bbox 593 3919 697 3974; x_wconf 85' lang='lat' dir='ltr'><strong>est</strong></span> <span class='ocrx_word' id='word_1_348' title='bbox 736 3911 803 3974; x_wconf 91' lang='lat' dir='ltr'><strong>in</strong></span> <span class='ocrx_word' id='word_1_349' title='bbox 842 3929 910 3973; x_wconf 91' lang='lat' dir='ltr'><strong>se</strong></span> <span class='ocrx_word' id='word_1_350' title='bbox 952 3910 1093 3993; x_wconf 90' lang='lat' dir='ltr'><strong>ipso</strong></span> <span class='ocrx_word' id='word_1_351' title='bbox 1132 3911 1201 3973; x_wconf 90' lang='lat' dir='ltr'><strong>in</strong></span> <span class='ocrx_word' id='word_1_352' title='bbox 1239 3911 1497 3993; x_wconf 88' lang='lat' dir='ltr'><strong>propria</strong></span> <span class='ocrx_word' id='word_1_353' title='bbox 1535 3909 1768 3973; x_wconf 84' lang='lat' dir='ltr'><strong>deitate</strong></span> <span class='ocrx_word' id='word_1_354' title='bbox 1806 3918 1872 3972; x_wconf 90' lang='lat' dir='ltr'><strong>et</strong></span> 
     </span>
     <span class='ocr_line' id='line_1_57' title="bbox 358 4007 1873 4092; baseline -0.003 -20"><span class='ocrx_word' id='word_1_355' title='bbox 358 4010 524 4083; x_wconf 91' lang='lat' dir='ltr'><strong>luce,</strong></span> <span class='ocrx_word' id='word_1_356' title='bbox 558 4017 626 4072; x_wconf 89' lang='lat' dir='ltr'><strong>et</strong></span> <span class='ocrx_word' id='word_1_357' title='bbox 665 4008 823 4092; x_wconf 90' lang='lat' dir='ltr'><strong>quid</strong></span> <span class='ocrx_word' id='word_1_358' title='bbox 852 4009 957 4082; x_wconf 88' lang='lat' dir='ltr'><strong>sit,</strong></span> <span class='ocrx_word' id='word_1_359' title='bbox 990 4008 1103 4072; x_wconf 89' lang='lat' dir='ltr'><strong>sed</strong></span> <span class='ocrx_word' id='word_1_360' title='bbox 1144 4015 1331 4091; x_wconf 88' lang='lat' dir='ltr'><strong>prout</strong></span> <span class='ocrx_word' id='word_1_361' title='bbox 1370 4027 1447 4071; x_wconf 80' lang='lat' dir='ltr'><strong>ex</strong></span> <span class='ocrx_word' id='word_1_362' title='bbox 1486 4007 1623 4070; x_wconf 85' lang='lat' dir='ltr'><strong>suis</strong></span> <span class='ocrx_word' id='word_1_363' title='bbox 1664 4014 1873 4090; x_wconf 89' lang='lat' dir='ltr'><strong>potest</strong></span> 
     </span>
     <span class='ocr_line' id='line_1_58' title="bbox 360 4105 1869 4190; baseline -0.003 -19"><span class='ocrx_word' id='word_1_364' title='bbox 360 4107 665 4190; x_wconf 90' lang='lat' dir='ltr'><strong>cognosci</strong></span> <span class='ocrx_word' id='word_1_365' title='bbox 724 4105 1071 4170; x_wconf 78' lang='lat' dir='ltr'><strong>effectibus</strong></span> <span class='ocrx_word' id='word_1_366' title='bbox 1134 4114 1201 4168; x_wconf 86' lang='lat' dir='ltr'><strong>et</strong></span> <span class='ocrx_word' id='word_1_367' title='bbox 1264 4105 1449 4169; x_wconf 89' lang='lat' dir='ltr'><strong>donis</strong></span> <span class='ocrx_word' id='word_1_368' title='bbox 1515 4105 1733 4188; x_wconf 79' lang='lat' dir='ltr'><strong>gratiae</strong></span> <span class='ocrx_word' id='word_1_369' title='bbox 1796 4123 1869 4167; x_wconf 90' lang='lat' dir='ltr'><strong>ac</strong></span> 
     </span>
     <span class='ocr_line' id='line_1_59' title="bbox 364 4214 629 4270; baseline 0 -2"><span class='ocrx_word' id='word_1_370' title='bbox 364 4214 629 4270; x_wconf 78' lang='lat' dir='ltr'><strong>naturae.</strong></span> 
     </span>
    </p>
   </div>
   <div class='ocr_carea' id='block_1_15' title="bbox 766 4412 1489 4479">
    <p class='ocr_par' dir='ltr' id='par_1_20' title="bbox 766 4412 1489 4479">
     <span class='ocr_line' id='line_1_60' title="bbox 766 4412 1489 4479; baseline -0.003 -1"><span class='ocrx_word' id='word_1_371' title='bbox 766 4412 1289 4479; x_wconf 88' lang='lat' dir='ltr'><strong>PROPOSITIO</strong></span> <span class='ocrx_word' id='word_1_372' title='bbox 1334 4413 1489 4477; x_wconf 86' lang='lat' dir='ltr'><strong>XII.</strong></span> 
     </span>
    </p>
   </div>
   <div class='ocr_carea' id='block_1_16' title="bbox 361 4595 1871 5171">
    <p class='ocr_par' dir='ltr' id='par_1_21' title="bbox 361 4595 1871 5171">
     <span class='ocr_line' id='line_1_61' title="bbox 440 4595 1869 4678; baseline -0.001 -12"><span class='ocrx_word' id='word_1_373' title='bbox 440 4599 681 4666; x_wconf 75' lang='lat' dir='ltr'><strong>Sicut</strong></span> <span class='ocrx_word' id='word_1_374' title='bbox 726 4595 1189 4678; x_wconf 77' lang='lat' dir='ltr'><strong>phflosopm</strong></span> <span class='ocrx_word' id='word_1_375' title='bbox 1237 4611 1335 4662; x_wconf 80' lang='lat' dir='ltr'><strong>ex</strong></span> <span class='ocrx_word' id='word_1_376' title='bbox 1382 4597 1689 4665; x_wconf 75' lang='lat' dir='ltr'><strong>lumine</strong></span> <span class='ocrx_word' id='word_1_377' title='bbox 1734 4613 1869 4664; x_wconf 86' lang='lat' dir='ltr'><strong>na-</strong></span> 
     </span>
     <span class='ocr_line' id='line_1_62' title="bbox 362 4695 1867 4764; baseline -0.001 0"><span class='ocrx_word' id='word_1_378' title='bbox 362 4697 615 4764; x_wconf 78' lang='lat' dir='ltr'><strong>turali</strong></span> <span class='ocrx_word' id='word_1_379' title='bbox 654 4695 1062 4764; x_wconf 79' lang='lat' dir='ltr'><strong>noverunt</strong></span> <span class='ocrx_word' id='word_1_380' title='bbox 1087 4707 1303 4761; x_wconf 78' lang='lat' dir='ltr'><strong>verae</strong></span> <span class='ocrx_word' id='word_1_381' title='bbox 1330 4695 1415 4760; x_wconf 87' lang='lat' dir='ltr'><strong>et</strong></span> <span class='ocrx_word' id='word_1_382' title='bbox 1439 4697 1867 4762; x_wconf 77' lang='lat' dir='ltr'><strong>incommu-</strong></span> 
     </span>
     <span class='ocr_line' id='line_1_63' title="bbox 364 4792 1867 4870; baseline -0.001 -8"><span class='ocrx_word' id='word_1_383' title='bbox 364 4795 647 4862; x_wconf 76' lang='lat' dir='ltr'><strong>tabilis</strong></span> <span class='ocrx_word' id='word_1_384' title='bbox 684 4793 1033 4860; x_wconf 71' lang='lat' dir='ltr'><strong>Deitatis</strong></span> <span class='ocrx_word' id='word_1_385' title='bbox 1081 4793 1499 4870; x_wconf 81' lang='lat' dir='ltr'><strong>umtatem,</strong></span> <span class='ocrx_word' id='word_1_386' title='bbox 1536 4792 1653 4860; x_wconf 76' lang='lat' dir='ltr'><strong>sic</strong></span> <span class='ocrx_word' id='word_1_387' title='bbox 1694 4807 1867 4860; x_wconf 83' lang='lat' dir='ltr'><strong>san-</strong></span> 
     </span>
     <span class='ocr_line' id='line_1_64' title="bbox 364 4889 1871 4971; baseline -0.001 -10"><span class='ocrx_word' id='word_1_388' title='bbox 364 4893 473 4960; x_wconf 74' lang='lat' dir='ltr'><strong>cti</strong></span> <span class='ocrx_word' id='word_1_389' title='bbox 510 4889 885 4971; x_wconf 75' lang='lat' dir='ltr'><strong>theologi</strong></span> <span class='ocrx_word' id='word_1_390' title='bbox 922 4904 1021 4958; x_wconf 83' lang='lat' dir='ltr'><strong>ex</strong></span> <span class='ocrx_word' id='word_1_391' title='bbox 1054 4891 1551 4958; x_wconf 75' lang='lat' dir='ltr'><strong>revelatione</strong></span> <span class='ocrx_word' id='word_1_392' title='bbox 1591 4891 1871 4960; x_wconf 72' lang='lat' dir='ltr'><strong>divina</strong></span> 
     </span>
     <span class='ocr_line' id='line_1_65' title="bbox 363 4989 1870 5071; baseline -0.001 -10"><span class='ocrx_word' id='word_1_393' title='bbox 363 4991 921 5071; x_wconf 73' lang='lat' dir='ltr'><strong>cog-noverunt</strong></span> <span class='ocrx_word' id='word_1_394' title='bbox 954 4991 1041 5056; x_wconf 76' lang='lat' dir='ltr'><strong>in</strong></span> <span class='ocrx_word' id='word_1_395' title='bbox 1077 4989 1679 5070; x_wconf 72' lang='lat' dir='ltr'><strong>simpncissimo</strong></span> <span class='ocrx_word' id='word_1_396' title='bbox 1706 4991 1870 5060; x_wconf 91' lang='lat' dir='ltr'><strong>Deo</strong></span> 
     </span>
     <span class='ocr_line' id='line_1_66' title="bbox 361 5089 1868 5171; baseline -0.001 -13"><span class='ocrx_word' id='word_1_397' title='bbox 361 5105 643 5158; x_wconf 82' lang='lat' dir='ltr'><strong>veram</strong></span> <span class='ocrx_word' id='word_1_398' title='bbox 671 5103 849 5156; x_wconf 83' lang='lat' dir='ltr'><strong>esse</strong></span> <span class='ocrx_word' id='word_1_399' title='bbox 879 5089 1131 5156; x_wconf 78' lang='lat' dir='ltr'><strong>trium</strong></span> <span class='ocrx_word' id='word_1_400' title='bbox 1162 5103 1679 5171; x_wconf 81' lang='lat' dir='ltr'><strong>personarum</strong></span> <span class='ocrx_word' id='word_1_401' title='bbox 1716 5089 1868 5157; x_wconf 77' lang='lat' dir='ltr'><strong>‹ns-</strong></span> 
     </span>
    </p>
   </div>
   <div class='ocr_carea' id='block_1_17' title="bbox 360 5191 1868 5370">
    <p class='ocr_par' dir='ltr' id='par_1_22' title="bbox 360 5191 1868 5370">
     <span class='ocr_line' id='line_1_67' title="bbox 360 5191 865 5256; baseline -0.006 0"><span class='ocrx_word' id='word_1_402' title='bbox 360 5191 865 5256; x_wconf 77' lang='lat' dir='ltr'><strong>tinctionem.</strong></span> 
     </span>
     <span class='ocr_line' id='line_1_68' title="bbox 438 5284 1868 5370; baseline 0 -20"><span class='ocrx_word' id='word_1_403' title='bbox 438 5286 645 5370; x_wconf 81' lang='lat' dir='ltr'><strong>Hujus</strong></span> <span class='ocrx_word' id='word_1_404' title='bbox 701 5284 1113 5349; x_wconf 84' lang='lat' dir='ltr'><strong>theorematis</strong></span> <span class='ocrx_word' id='word_1_405' title='bbox 1170 5285 1380 5369; x_wconf 85' lang='lat' dir='ltr'><strong>prima</strong></span> <span class='ocrx_word' id='word_1_406' title='bbox 1436 5303 1583 5370; x_wconf 88' lang='lat' dir='ltr'><strong>pars</strong></span> <span class='ocrx_word' id='word_1_407' title='bbox 1632 5303 1710 5349; x_wconf 85' lang='lat' dir='ltr'><strong>ex</strong></span> <span class='ocrx_word' id='word_1_408' title='bbox 1760 5287 1868 5350; x_wconf 91' lang='lat' dir='ltr'><strong>de·</strong></span> 
     </span>
    </p>
   </div>
   <div class='ocr_carea' id='block_1_18' title="bbox 1970 3127 3768 4186">
    <p class='ocr_par' dir='ltr' id='par_1_23' title="bbox 1970 3127 3768 4095">
     <span class='ocr_line' id='line_1_69' title="bbox 1970 3127 3475 3202; baseline -0.001 -11"><span class='ocrx_word' id='word_1_409' title='bbox 1970 3129 2234 3192; x_wconf 89' lang='lat' dir='ltr'><strong>nomine</strong></span> <span class='ocrx_word' id='word_1_410' title='bbox 2279 3146 2444 3202; x_wconf 88' lang='lat' dir='ltr'><strong>meo,</strong></span> <span class='ocrx_word' id='word_1_411' title='bbox 2491 3128 2600 3192; x_wconf 89' lang='lat' dir='ltr'><strong>ille</strong></span> <span class='ocrx_word' id='word_1_412' title='bbox 2649 3129 2906 3192; x_wconf 90' lang='lat' dir='ltr'><strong>docebit</strong></span> <span class='ocrx_word' id='word_1_413' title='bbox 2951 3147 3064 3192; x_wconf 85' lang='lat' dir='ltr'><strong>vos</strong></span> <span class='ocrx_word' id='word_1_414' title='bbox 3114 3128 3348 3192; x_wconf 90' lang='lat' dir='ltr'><strong>omnia.</strong></span> <span class='ocrx_word' id='word_1_415' title='bbox 3395 3127 3475 3190; x_wconf 87' lang='lat' dir='ltr'><strong>At</strong></span> 
     </span>
     <span class='ocr_line' id='line_1_70' title="bbox 1971 3225 3476 3310; baseline -0.001 -21"><span class='ocrx_word' id='word_1_416' title='bbox 1971 3244 2126 3290; x_wconf 88' lang='lat' dir='ltr'><strong>vero</strong></span> <span class='ocrx_word' id='word_1_417' title='bbox 2153 3225 2598 3290; x_wconf 88' lang='lat' dir='ltr'><strong>beatissimum</strong></span> <span class='ocrx_word' id='word_1_418' title='bbox 2630 3225 2896 3290; x_wconf 88' lang='lat' dir='ltr'><strong>Paulum</strong></span> <span class='ocrx_word' id='word_1_419' title='bbox 2935 3226 3294 3309; x_wconf 87' lang='lat' dir='ltr'><strong>apostolum</strong></span> <span class='ocrx_word' id='word_1_420' title='bbox 3331 3233 3476 3310; x_wconf 85' lang='lat' dir='ltr'><strong>post</strong></span> 
     </span>
     <span class='ocr_line' id='line_1_71' title="bbox 1972 3324 3470 3396; baseline -0.001 -8"><span class='ocrx_word' id='word_1_421' title='bbox 1972 3325 2093 3389; x_wconf 89' lang='lat' dir='ltr'><strong>hoc</strong></span> <span class='ocrx_word' id='word_1_422' title='bbox 2124 3343 2530 3396; x_wconf 89' lang='lat' dir='ltr'><strong>conversum,</strong></span> <span class='ocrx_word' id='word_1_423' title='bbox 2564 3325 2783 3388; x_wconf 89' lang='lat' dir='ltr'><strong>docuit</strong></span> <span class='ocrx_word' id='word_1_424' title='bbox 2809 3324 3082 3388; x_wconf 87' lang='lat' dir='ltr'><strong>Trinitas</strong></span> <span class='ocrx_word' id='word_1_425' title='bbox 3125 3344 3374 3388; x_wconf 89' lang='lat' dir='ltr'><strong>summa</strong></span> <span class='ocrx_word' id='word_1_426' title='bbox 3405 3325 3470 3386; x_wconf 89' lang='lat' dir='ltr'><strong>in</strong></span> 
     </span>
     <span class='ocr_line' id='line_1_72' title="bbox 1972 3421 3744 3505; baseline 0 -19"><span class='ocrx_word' id='word_1_427' title='bbox 1972 3429 2183 3505; x_wconf 86' lang='lat' dir='ltr'><strong>raptu,</strong></span> <span class='ocrx_word' id='word_1_428' title='bbox 2229 3422 2484 3505; x_wconf 89' lang='lat' dir='ltr'><strong>quando</strong></span> <span class='ocrx_word' id='word_1_429' title='bbox 2529 3421 2736 3485; x_wconf 88' lang='lat' dir='ltr'><strong>tribus</strong></span> <span class='ocrx_word' id='word_1_430' title='bbox 2784 3422 3012 3486; x_wconf 90' lang='lat' dir='ltr'><strong>diebus</strong></span> <span class='ocrx_word' id='word_1_431' title='bbox 3059 3441 3133 3484; x_wconf 95' lang='lat' dir='ltr'><strong>ac</strong></span> <span class='ocrx_word' id='word_1_432' title='bbox 3177 3423 3472 3486; x_wconf 86' lang='lat' dir='ltr'><strong>noctibus</strong></span> <span class='ocrx_word' id='word_1_433' title='bbox 3501 3446 3744 3494; x_wconf 68' lang='lat' dir='ltr'><strong>Aeae.=1.⁹.</strong></span> 
     </span>
     <span class='ocr_line' id='line_1_73' title="bbox 1970 3519 3768 3604; baseline 0.001 -21"><span class='ocrx_word' id='word_1_434' title='bbox 1970 3521 2174 3602; x_wconf 72' lang='lat' dir='ltr'><strong>Jacuit</strong></span> <span class='ocrx_word' id='word_1_435' title='bbox 2207 3527 2538 3602; x_wconf 88' lang='lat' dir='ltr'><strong>soporatus</strong></span> <span class='ocrx_word' id='word_1_436' title='bbox 2577 3519 2937 3602; x_wconf 87' lang='lat' dir='ltr'><strong>spirituque</strong></span> <span class='ocrx_word' id='word_1_437' title='bbox 2973 3519 3333 3604; x_wconf 86' lang='lat' dir='ltr'><strong>absorptus,</strong></span> <span class='ocrx_word' id='word_1_438' title='bbox 3363 3540 3472 3584; x_wconf 91' lang='lat' dir='ltr'><strong>au·</strong></span> <span class='ocrx_word' id='word_1_439' title='bbox 3523 3546 3560 3590; x_wconf 85' lang='grc' dir='ltr'><strong>ιι</strong></span> <span class='ocrx_word' id='word_1_440' title='bbox 3579 3545 3680 3590; x_wconf 68' lang='lat' dir='ltr'><strong>cor.</strong></span> <span class='ocrx_word' id='word_1_441' title='bbox 3697 3557 3768 3595; x_wconf 66' lang='grc' dir='ltr'><strong>ιιι,</strong></span> 
     </span>
     <span class='ocr_line' id='line_1_74' title="bbox 1974 3612 3544 3701; baseline -0.001 -19"><span class='ocrx_word' id='word_1_442' title='bbox 1974 3619 2158 3682; x_wconf 89' lang='lat' dir='ltr'><strong>diens</strong></span> <span class='ocrx_word' id='word_1_443' title='bbox 2187 3617 2382 3682; x_wconf 87' lang='lat' dir='ltr'><strong>verba</strong></span> <span class='ocrx_word' id='word_1_444' title='bbox 2411 3637 2664 3694; x_wconf 89' lang='lat' dir='ltr'><strong>arcana,</strong></span> <span class='ocrx_word' id='word_1_445' title='bbox 2698 3637 2838 3701; x_wconf 77' lang='lat' dir='ltr'><strong>quae</strong></span> <span class='ocrx_word' id='word_1_446' title='bbox 2869 3637 2994 3682; x_wconf 88' lang='lat' dir='ltr'><strong>non</strong></span> <span class='ocrx_word' id='word_1_447' title='bbox 3037 3619 3188 3683; x_wconf 89' lang='lat' dir='ltr'><strong>licet</strong></span> <span class='ocrx_word' id='word_1_448' title='bbox 3227 3618 3472 3682; x_wconf 89' lang='lat' dir='ltr'><strong>homini</strong></span> <span class='ocrx_word' id='word_1_449' title='bbox 3503 3612 3544 3654; x_wconf 78' lang='lat'><strong>⁴·</strong></span> 
     </span>
     <span class='ocr_line' id='line_1_75' title="bbox 1976 3715 3476 3799; baseline 0.001 -19"><span class='ocrx_word' id='word_1_450' title='bbox 1976 3716 2172 3799; x_wconf 89' lang='lat' dir='ltr'><strong>loqui.</strong></span> <span class='ocrx_word' id='word_1_451' title='bbox 2221 3715 2467 3779; x_wconf 81' lang='lat' dir='ltr'><strong>Marcus</strong></span> <span class='ocrx_word' id='word_1_452' title='bbox 2525 3716 2786 3780; x_wconf 89' lang='lat' dir='ltr'><strong>demum</strong></span> <span class='ocrx_word' id='word_1_453' title='bbox 2843 3725 2907 3781; x_wconf 89' lang='lat' dir='ltr'><strong>et</strong></span> <span class='ocrx_word' id='word_1_454' title='bbox 2953 3717 3155 3781; x_wconf 88' lang='lat' dir='ltr'><strong>Lucas</strong></span> <span class='ocrx_word' id='word_1_455' title='bbox 3209 3735 3476 3799; x_wconf 88' lang='lat' dir='ltr'><strong>evange-</strong></span> 
     </span>
     <span class='ocr_line' id='line_1_76' title="bbox 1976 3813 3475 3898; baseline 0 -21"><span class='ocrx_word' id='word_1_456' title='bbox 1976 3814 2137 3878; x_wconf 79' lang='lat' dir='ltr'><strong>listae</strong></span> <span class='ocrx_word' id='word_1_457' title='bbox 2172 3814 2522 3878; x_wconf 88' lang='lat' dir='ltr'><strong>creduntur</strong></span> <span class='ocrx_word' id='word_1_458' title='bbox 2559 3813 2762 3878; x_wconf 77' lang='lat' dir='ltr'><strong>fuisse</strong></span> <span class='ocrx_word' id='word_1_459' title='bbox 2801 3815 2880 3878; x_wconf 89' lang='lat' dir='ltr'><strong>de</strong></span> <span class='ocrx_word' id='word_1_460' title='bbox 2919 3833 3190 3879; x_wconf 88' lang='lat' dir='ltr'><strong>numero</strong></span> <span class='ocrx_word' id='word_1_461' title='bbox 3227 3822 3475 3898; x_wconf 89' lang='lat' dir='ltr'><strong>septua-</strong></span> 
     </span>
     <span class='ocr_line' id='line_1_77' title="bbox 1974 3912 3476 3997; baseline 0.001 -21"><span class='ocrx_word' id='word_1_462' title='bbox 1974 3913 2150 3995; x_wconf 89' lang='lat' dir='ltr'><strong>ginta</strong></span> <span class='ocrx_word' id='word_1_463' title='bbox 2180 3912 2672 3995; x_wconf 87' lang='lat' dir='ltr'><strong>discipulorum,</strong></span> <span class='ocrx_word' id='word_1_464' title='bbox 2691 3931 2838 3976; x_wconf 91' lang='lat' dir='ltr'><strong>cum</strong></span> <span class='ocrx_word' id='word_1_465' title='bbox 2867 3913 3188 3996; x_wconf 88' lang='lat' dir='ltr'><strong>Apostolis</strong></span> <span class='ocrx_word' id='word_1_466' title='bbox 3218 3933 3476 3997; x_wconf 90' lang='lat' dir='ltr'><strong>quoque</strong></span> 
     </span>
     <span class='ocr_line' id='line_1_78' title="bbox 1976 4011 3024 4095; baseline -0.002 -19"><span class='ocrx_word' id='word_1_467' title='bbox 1976 4012 2286 4095; x_wconf 89' lang='lat' dir='ltr'><strong>Spiritum</strong></span> <span class='ocrx_word' id='word_1_468' title='bbox 2331 4011 2636 4076; x_wconf 87' lang='lat' dir='ltr'><strong>Sanctum</strong></span> <span class='ocrx_word' id='word_1_469' title='bbox 2679 4013 3024 4094; x_wconf 89' lang='lat' dir='ltr'><strong>accepisse.</strong></span> 
     </span>
    </p>

    <p class='ocr_par' dir='ltr' id='par_1_24' title="bbox 2056 4109 3474 4186">
     <span class='ocr_line' id='line_1_79' title="bbox 2056 4109 3474 4186; baseline 0.002 -13"><span class='ocrx_word' id='word_1_470' title='bbox 2056 4111 2384 4184; x_wconf 79' lang='lat' dir='ltr'><strong>Proeterea,</strong></span> <span class='ocrx_word' id='word_1_471' title='bbox 2441 4110 2508 4172; x_wconf 91' lang='lat' dir='ltr'><strong>in</strong></span> <span class='ocrx_word' id='word_1_472' title='bbox 2562 4109 2762 4172; x_wconf 88' lang='lat' dir='ltr'><strong>veteri</strong></span> <span class='ocrx_word' id='word_1_473' title='bbox 2813 4109 3236 4186; x_wconf 88' lang='lat' dir='ltr'><strong>Testamento,</strong></span> <span class='ocrx_word' id='word_1_474' title='bbox 3285 4112 3474 4176; x_wconf 86' lang='lat' dir='ltr'><strong>electi</strong></span> 
     </span>
    </p>
   </div>
   <div class='ocr_carea' id='block_1_19' title="bbox 1896 4203 3478 4290">
    <p class='ocr_par' dir='ltr' id='par_1_25' title="bbox 1896 4203 3478 4290">
     <span class='ocr_line' id='line_1_80' title="bbox 1896 4203 3478 4290; baseline 0.003 -22"><span class='ocrx_word' id='word_1_475' title='bbox 1896 4203 1947 4268; x_wconf 89' lang='lat' dir='ltr'>D</span> <span class='ocrx_word' id='word_1_476' title='bbox 1977 4207 2304 4290; x_wconf 82' lang='lat' dir='ltr'><strong>Prophetae</strong></span> <span class='ocrx_word' id='word_1_477' title='bbox 2333 4206 2882 4289; x_wconf 82' lang='lat' dir='ltr'><strong>superbenedictae</strong></span> <span class='ocrx_word' id='word_1_478' title='bbox 2910 4206 3237 4272; x_wconf 88' lang='lat' dir='ltr'><strong>Trinitatis</strong></span> <span class='ocrx_word' id='word_1_479' title='bbox 3276 4228 3478 4273; x_wconf 88' lang='lat' dir='ltr'><strong>secre-</strong></span> 
     </span>
    </p>
   </div>
   <div class='ocr_carea' id='block_1_20' title="bbox 1972 4304 3777 5275">
    <p class='ocr_par' dir='ltr' id='par_1_26' title="bbox 1972 4304 3777 5275">
     <span class='ocr_line' id='line_1_81' title="bbox 1976 4304 3476 4382; baseline 0.003 -14"><span class='ocrx_word' id='word_1_480' title='bbox 1976 4313 2117 4368; x_wconf 91' lang='lat' dir='ltr'><strong>tum</strong></span> <span class='ocrx_word' id='word_1_481' title='bbox 2167 4304 2476 4369; x_wconf 89' lang='lat' dir='ltr'><strong>divinitus</strong></span> <span class='ocrx_word' id='word_1_482' title='bbox 2524 4305 2910 4382; x_wconf 87' lang='lat' dir='ltr'><strong>didicerunt,</strong></span> <span class='ocrx_word' id='word_1_483' title='bbox 2961 4314 3026 4370; x_wconf 90' lang='lat' dir='ltr'><strong>et</strong></span> <span class='ocrx_word' id='word_1_484' title='bbox 3076 4307 3142 4370; x_wconf 88' lang='lat' dir='ltr'><strong>in</strong></span> <span class='ocrx_word' id='word_1_485' title='bbox 3189 4307 3324 4372; x_wconf 89' lang='lat' dir='ltr'><strong>suis</strong></span> <span class='ocrx_word' id='word_1_486' title='bbox 3369 4327 3476 4373; x_wconf 89' lang='lat' dir='ltr'><strong>vo-</strong></span> 
     </span>
     <span class='ocr_line' id='line_1_82' title="bbox 1978 4402 3478 4484; baseline 0.004 -19"><span class='ocrx_word' id='word_1_487' title='bbox 1978 4402 2333 4465; x_wconf 90' lang='lat' dir='ltr'><strong>luminibus</strong></span> <span class='ocrx_word' id='word_1_488' title='bbox 2392 4403 2653 4484; x_wconf 90' lang='lat' dir='ltr'><strong>quidam</strong></span> <span class='ocrx_word' id='word_1_489' title='bbox 2703 4421 2925 4467; x_wconf 90' lang='lat' dir='ltr'><strong>eorum</strong></span> <span class='ocrx_word' id='word_1_490' title='bbox 2975 4405 3324 4471; x_wconf 74' lang='lat' dir='ltr'><strong>multifarie</strong></span> <span class='ocrx_word' id='word_1_491' title='bbox 3371 4425 3478 4470; x_wconf 86' lang='lat' dir='ltr'><strong>ex-</strong></span> 
     </span>
     <span class='ocr_line' id='line_1_83' title="bbox 1976 4502 3472 4584; baseline 0.003 -21"><span class='ocrx_word' id='word_1_492' title='bbox 1976 4509 2396 4584; x_wconf 88' lang='lat' dir='ltr'><strong>presserunt:</strong></span> <span class='ocrx_word' id='word_1_493' title='bbox 2432 4509 2622 4584; x_wconf 90' lang='lat' dir='ltr'><strong>prout</strong></span> <span class='ocrx_word' id='word_1_494' title='bbox 2668 4502 2962 4584; x_wconf 83' lang='lat' dir='ltr'><strong>Magister</strong></span> <span class='ocrx_word' id='word_1_495' title='bbox 3007 4503 3472 4569; x_wconf 86' lang='lat' dir='ltr'><strong>Sententiarum</strong></span> 
     </span>
     <span class='ocr_line' id='line_1_84' title="bbox 1978 4599 3771 4684; baseline 0.003 -23"><span class='ocrx_word' id='word_1_496' title='bbox 1978 4599 2143 4662; x_wconf 89' lang='lat' dir='ltr'><strong>libro</strong></span> <span class='ocrx_word' id='word_1_497' title='bbox 2187 4599 2418 4682; x_wconf 91' lang='lat' dir='ltr'><strong>primo,</strong></span> <span class='ocrx_word' id='word_1_498' title='bbox 2463 4599 2874 4664; x_wconf 89' lang='lat' dir='ltr'><strong>distinctione</strong></span> <span class='ocrx_word' id='word_1_499' title='bbox 2907 4603 3208 4676; x_wconf 88' lang='lat' dir='ltr'><strong>secunda,</strong></span> <span class='ocrx_word' id='word_1_500' title='bbox 3241 4603 3474 4684; x_wconf 84' lang='lat' dir='ltr'><strong>partim</strong></span> <span class='ocrx_word' id='word_1_501' title='bbox 3528 4629 3646 4682; x_wconf 71' lang='grc' dir='ltr'><strong>ομ</strong></span> <span class='ocrx_word' id='word_1_502' title='bbox 3664 4627 3771 4678; x_wconf 72' lang='lat' dir='ltr'><strong>xix,</strong></span> 
     </span>
     <span class='ocr_line' id='line_1_85' title="bbox 1976 4690 3777 4808; baseline 0.003 -47"><span class='ocrx_word' id='word_1_503' title='bbox 1976 4697 2277 4770; x_wconf 89' lang='lat' dir='ltr'><strong>ostendit,</strong></span> <span class='ocrx_word' id='word_1_504' title='bbox 2296 4705 2488 4780; x_wconf 90' lang='lat' dir='ltr'><strong>atque</strong></span> <span class='ocrx_word' id='word_1_505' title='bbox 2520 4697 2584 4760; x_wconf 91' lang='lat' dir='ltr'><strong>in</strong></span> <span class='ocrx_word' id='word_1_506' title='bbox 2617 4698 2785 4762; x_wconf 91' lang='lat' dir='ltr'><strong>libro</strong></span> <span class='ocrx_word' id='word_1_507' title='bbox 2812 4699 3080 4780; x_wconf 88' lang='lat' dir='ltr'><strong>Dialogii</strong></span> <span class='ocrx_word' id='word_1_508' title='bbox 3110 4701 3190 4764; x_wconf 88' lang='lat' dir='ltr'><strong>de</strong></span> <span class='ocrx_word' id='word_1_509' title='bbox 3218 4701 3350 4765; x_wconf 79' lang='lat' dir='ltr'><strong>fide</strong></span> <span class='ocrx_word' id='word_1_510' title='bbox 3379 4720 3475 4765; x_wconf 91' lang='lat' dir='ltr'><strong>ca-</strong></span> <span class='ocrx_word' id='word_1_511' title='bbox 3505 4690 3710 4808; x_wconf 45' lang='lat' dir='ltr'><strong>”effa</strong></span> <span class='ocrx_word' id='word_1_512' title='bbox 3705 4696 3777 4804; x_wconf 62' lang='lat'><strong>1²1}</strong></span> 
     </span>
     <span class='ocr_line' id='line_1_86' title="bbox 1976 4794 3772 4874; baseline 0.001 -15"><span class='ocrx_word' id='word_1_513' title='bbox 1976 4795 2214 4860; x_wconf 90' lang='lat' dir='ltr'><strong>tholica</strong></span> <span class='ocrx_word' id='word_1_514' title='bbox 2253 4794 2559 4858; x_wconf 82' lang='lat' dir='ltr'><strong>diffusius</strong></span> <span class='ocrx_word' id='word_1_515' title='bbox 2599 4804 2696 4858; x_wconf 89' lang='lat' dir='ltr'><strong>est</strong></span> <span class='ocrx_word' id='word_1_516' title='bbox 2735 4797 3090 4860; x_wconf 89' lang='lat' dir='ltr'><strong>inductum.</strong></span> <span class='ocrx_word' id='word_1_517' title='bbox 3125 4799 3470 4874; x_wconf 88' lang='lat' dir='ltr'><strong>Postremo,</strong></span> <span class='ocrx_word' id='word_1_518' title='bbox 3502 4833 3544 4872; x_wconf 78' lang='lat' dir='ltr'><strong>p</strong></span> <span class='ocrx_word' id='word_1_519' title='bbox 3573 4817 3698 4860; x_wconf 74' lang='lat' dir='ltr'><strong>sois</strong></span> <span class='ocrx_word' id='word_1_520' title='bbox 3727 4821 3772 4860; x_wconf 70' lang='lat' dir='ltr'><strong>et</strong></span> 
     </span>
     <span class='ocr_line' id='line_1_87' title="bbox 1978 4892 3474 4974; baseline 0.001 -16"><span class='ocrx_word' id='word_1_521' title='bbox 1978 4895 2041 4958; x_wconf 90' lang='lat' dir='ltr'><strong>in</strong></span> <span class='ocrx_word' id='word_1_522' title='bbox 2074 4893 2444 4974; x_wconf 86' lang='lat' dir='ltr'><strong>evangelica</strong></span> <span class='ocrx_word' id='word_1_523' title='bbox 2475 4893 2612 4973; x_wconf 86' lang='lat' dir='ltr'><strong>lege</strong></span> <span class='ocrx_word' id='word_1_524' title='bbox 2638 4892 2803 4956; x_wconf 78' lang='lat' dir='ltr'><strong>fides</strong></span> <span class='ocrx_word' id='word_1_525' title='bbox 2832 4893 2968 4958; x_wconf 81' lang='lat' dir='ltr'><strong>haec</strong></span> <span class='ocrx_word' id='word_1_526' title='bbox 2991 4894 3316 4960; x_wconf 83' lang='lat' dir='ltr'><strong>Trinitatis</strong></span> <span class='ocrx_word' id='word_1_527' title='bbox 3344 4898 3474 4960; x_wconf 85' lang='lat' dir='ltr'><strong>evi·</strong></span> 
     </span>
     <span class='ocr_line' id='line_1_88' title="bbox 1974 4991 3474 5077; baseline 0.003 -23"><span class='ocrx_word' id='word_1_528' title='bbox 1974 4991 2230 5054; x_wconf 88' lang='lat' dir='ltr'><strong>dentius</strong></span> <span class='ocrx_word' id='word_1_529' title='bbox 2275 4998 2373 5054; x_wconf 88' lang='lat' dir='ltr'><strong>est</strong></span> <span class='ocrx_word' id='word_1_530' title='bbox 2419 4991 2741 5073; x_wconf 86' lang='lat' dir='ltr'><strong>descripta</strong></span> <span class='ocrx_word' id='word_1_531' title='bbox 2783 4999 2846 5054; x_wconf 86' lang='lat' dir='ltr'><strong>et</strong></span> <span class='ocrx_word' id='word_1_532' title='bbox 2891 4993 3240 5075; x_wconf 88' lang='lat' dir='ltr'><strong>propalata,</strong></span> <span class='ocrx_word' id='word_1_533' title='bbox 3285 5015 3474 5077; x_wconf 91' lang='lat' dir='ltr'><strong>quam</strong></span> 
     </span>
     <span class='ocr_line' id='line_1_89' title="bbox 1972 5089 3478 5177; baseline 0.003 -24"><span class='ocrx_word' id='word_1_534' title='bbox 1972 5089 2178 5153; x_wconf 90' lang='lat' dir='ltr'><strong>olim</strong></span> <span class='ocrx_word' id='word_1_535' title='bbox 2163 5109 2226 5151; x_wconf 89' lang='grc' dir='ltr'><strong>ιιι</strong></span> <span class='ocrx_word' id='word_1_536' title='bbox 2258 5089 2460 5152; x_wconf 88' lang='lat' dir='ltr'><strong>veteri</strong></span> <span class='ocrx_word' id='word_1_537' title='bbox 2491 5089 3060 5153; x_wconf 85' lang='lat' dir='ltr'><strong>Testamento.Nec</strong></span> <span class='ocrx_word' id='word_1_538' title='bbox 3089 5092 3264 5155; x_wconf 89' lang='lat' dir='ltr'><strong>enim</strong></span> <span class='ocrx_word' id='word_1_539' title='bbox 3295 5111 3478 5177; x_wconf 87' lang='lat' dir='ltr'><strong>opor-</strong></span> 
     </span>
     <span class='ocr_line' id='line_1_90' title="bbox 1972 5187 3476 5275; baseline 0.003 -23"><span class='ocrx_word' id='word_1_540' title='bbox 1972 5188 2098 5252; x_wconf 89' lang='lat' dir='ltr'><strong>tuit</strong></span> <span class='ocrx_word' id='word_1_541' title='bbox 2153 5207 2364 5270; x_wconf 89' lang='lat' dir='ltr'><strong>neque</strong></span> <span class='ocrx_word' id='word_1_542' title='bbox 2421 5187 2770 5270; x_wconf 86' lang='lat' dir='ltr'><strong>expediens</strong></span> <span class='ocrx_word' id='word_1_543' title='bbox 2828 5188 2974 5264; x_wconf 79' lang='lat' dir='ltr'><strong>fuit,</strong></span> <span class='ocrx_word' id='word_1_544' title='bbox 3033 5190 3178 5253; x_wconf 88' lang='lat' dir='ltr'><strong>rudi</strong></span> <span class='ocrx_word' id='word_1_545' title='bbox 3235 5193 3476 5275; x_wconf 88' lang='lat' dir='ltr'><strong>populo</strong></span> 
     </span>
    </p>
   </div>
   <div class='ocr_carea' id='block_1_21' title="bbox 1970 5287 3472 5371">
    <p class='ocr_par' dir='ltr' id='par_1_27' title="bbox 1970 5287 3472 5371">
     <span class='ocr_line' id='line_1_91' title="bbox 1970 5287 3472 5371; baseline 0.003 -21"><span class='ocrx_word' id='word_1_546' title='bbox 1970 5287 2332 5352; x_wconf 74' lang='lat' dir='ltr'><strong>Judaeorum</strong></span> <span class='ocrx_word' id='word_1_547' title='bbox 2391 5287 2470 5350; x_wconf 93' lang='lat' dir='ltr'><strong>ad</strong></span> <span class='ocrx_word' id='word_1_548' title='bbox 2539 5287 2826 5371; x_wconf 89' lang='lat' dir='ltr'><strong>plurium</strong></span> <span class='ocrx_word' id='word_1_549' title='bbox 2893 5289 3158 5353; x_wconf 88' lang='lat' dir='ltr'><strong>deorum</strong></span> <span class='ocrx_word' id='word_1_550' title='bbox 3225 5291 3472 5356; x_wconf 89' lang='lat' dir='ltr'><strong>cultum</strong></span> 
     </span>
    </p>
   </div>
  </div>
 </body>
</html>
