4300 6259
88 3414 269 3458 Omacuo
284 3429 335 3458 tx

64 3490 183 3520 rum
200 3492 337 3521 aeno-

66 3553 141 3582 που
162 3555 209 3584 ιτ
236 3555 334 3584 ms-

96 4999 271 5046 omerio
286 5017 338 5045 u

96 5077 213 5108 υιτι
236 5079 337 5108 m-

97 5139 249 5172 mosis.

938 476 1017 522 m:
1058 474 1285 522 Lunum
1324 472 1707 521 cumanam-2
1747 471 2049 529 ‘ramma-2,
2094 471 2270 520 Lmen
2313 473 2376 518 11.
2422 491 2502 502 —
2544 474 2682 521 ΛΒΤ.
2729 475 2911 522 Lxxvl

3363 455 3482 520 477

370 645 693 718 secundae,
754 645 1091 729 requirunt
1146 645 1511 726 subjectum
1579 643 1877 707 deterrui·
1907 643 1959 705 A
1991 643 2094 718 sti,
2131 644 2302 726 quod
2333 643 2732 727 impassibile
2762 653 2879 718 est,
2915 643 3238 726 competit.
3263 643 3480 707 Rema-

369 751 533 806 natae
582 751 848 816 naturae,
890 763 1017 808 non
1064 745 1253 827 quale
1302 751 1398 806 est
1444 762 1571 806 aer.
1614 743 1879 805 Videtur

368 858 523 922 ergo
552 841 912 905 substantia
942 842 1127 924 panis
1157 861 1285 905 non
1326 841 1607 904 converti
1644 840 1709 902 in
1744 858 1880 903 cor-

373 958 493 1021 pus
527 939 786 1014 Christi,
819 960 900 1003 ne
928 941 1286 1003 accidentia
1331 957 1446 1022 per
1488 957 1627 1002 sese
1670 937 1875 1000 subsi-

270 1061 337 1093 ιν.
369 1045 537 1101 stere
568 1037 756 1101 fateri
796 1045 1107 1121 oporteat.
1128 1037 1538 1121 —AmpliuS‚
1571 1036 1876 1098 differen-

368 1135 458 1197 tia
502 1135 593 1198 rei
634 1143 732 1198 est
771 1135 1218 1219 inseparabilis
1259 1155 1293 1197 a
1338 1153 1423 1198 re.
1468 1132 1875 1217 Impossibile

368 1240 467 1294 est
510 1233 687 1297 enim
731 1252 873 1297 csse
920 1233 1271 1306 hominem,
1316 1232 1437 1295 nisi
1480 1233 1562 1294 sit
1604 1232 1874 1294 rationa-

370 1330 471 1393 lis.
518 1331 643 1394 Sed
680 1333 977 1394 accidens
1017 1330 1241 1394 differt
1280 1350 1317 1393 a
1358 1330 1713 1392 substantia
1762 1347 1877 1411 per

371 1431 607 1504 inesse,
642 1430 975 1504 inhaerere,
1008 1429 1075 1491 in
1114 1429 1316 1492 altero
1353 1427 1607 1491 fundari
1638 1436 1702 1490 et
1730 1427 1877 1490 sub-

369 1529 623 1592 stantia>
654 1529 862 1590 inniti.
896 1527 1192 1611 Implicat
1221 1545 1392 1608 ergo,
1411 1527 1707 1589 accidens
1737 1527 1875 1588 sine

252 1658 336 1690 nv.
370 1625 665 1706 subjecto
706 1626 1031 1688 exsistere.
1067 1661 1147 1671 —
1174 1625 1421 1700 Adhuc,
1454 1624 1673 1688 formae
1710 1625 1874 1687 acci-

369 1725 659 1787 dentales
706 1724 1191 1787 individuantur
1236 1743 1351 1806 per
1392 1743 1509 1786 sua
1560 1723 1868 1805 subjecta.

369 1823 635 1887 Remoto
674 1840 825 1905 ergo
870 1822 1183 1904 subjecto,
1220 1822 1424 1886 forma
1459 1823 1873 1886 accidentalis
1903 1819 1948 1881 B

368 1928 541 1984 esset
571 1920 968 1994 universalis,
993 1929 1055 1984 et
1086 1940 1477 2004 nequaquam
1507 1922 1867 2002 singularis.

368 2019 491 2082 Sed
524 2019 915 2082 universalia
944 2037 1071 2082 non
1102 2018 1461 2082 subsistunt
1490 2027 1719 2101 praeter
1746 2019 1875 2080 sin-

366 2118 635 2199 gularia.
686 2118 793 2181 11ae
840 2118 1033 2180 etiam
1084 2117 1307 2181 formae
1366 2118 1419 2180 si
1478 2117 1875 2180 universales

370 2224 607 2291 essent,
641 2216 805 2278 nihil
835 2225 1117 2298 agerent,
1150 2237 1351 2299 quum
1391 2235 1579 2297 agere
1622 2217 1705 2278 sit
1746 2216 1873 2278 sin—

368 2316 716 2396 gularium,
764 2315 1119 2378 secundum
1164 2315 1617 2397 Philosophum
1666 2314 1875 2397 primo

369 2413 837 2496 Metaphysicae.
865 2412 940 2474 Et
968 2421 1295 2476 ostensum
1328 2412 1633 2494 est,quod
1666 2431 1873 2495 neque

370 2513 435 2573 in
480 2529 748 2594 corpore
796 2510 1029 2575 Christi
1090 2530 1299 2593 neque
1358 2511 1421 2573 in
1472 2530 1617 2574 aere
1665 2509 1875 2591 subje-

368 2617 645 2672 ctentur.
682 2610 1089 2693 Relinquitur
1118 2611 1333 2691 itaque
1363 2609 1533 2691 quod
1566 2609 1699 2672 suis
1731 2628 1873 2691 pro-

369 2709 531 2792 priis
559 2709 1131 2792 determinatisque
1163 2709 1469 2790 subjectis
1501 2709 1872 2784 inhaereant‚

371 2807 730 2890 praesertim
775 2827 977 2890 quum
1020 2809 1319 2870 accidens
1361 2825 1489 2871 non
1534 2809 1762 2888 migret
1796 2809 1875 2870 de

368 2905 664 2987 subjecto
732 2905 799 2967 in
866 2901 1253 2986 subjectum.
1316 2905 1670 2969 Remanent
1726 2923 1876 2986 ergo

1989 750 2098 805 net
2137 760 2289 824 ergo
2329 743 2672 826 pristinum
2705 743 3092 825 subJectum,
3127 742 3483 806 substantia

1988 840 2236 904 scilicet
2267 842 2472 924 paniS,
2505 861 2714 924 neque
2751 841 3412 905 transsubstantiatur.

2066 939 2446 1021 Hujusmodi
2514 941 2709 1021 igitur
2775 947 2928 1003 sunt
2991 941 3268 1003 rationes
3326 958 3484 1020 quas

1987 1037 2236 1100 inimici
2271 1038 2556 1101 veritatis
2595 1038 2928 1112 inducunt,
2963 1038 3160 1100 fidem
3193 1038 3482 1100 christia-

1988 1156 2085 1199 nae
2128 1137 2392 1200 theoriae
2436 1138 2764 1200 destruere
2811 1137 3168 1200 molientes.

2319 1417 2808 1482 ARTICULUS
2854 1417 3159 1482 LXXVI.

1985 1557 2071 1617 Et
2119 1565 2212 1616 est
2255 1557 2697 1634 quarumdam
2744 1557 3340 1616 considerationum
3384 1556 3483 1615 in-

2068 1647 2419 1716 troductiO,
2461 1647 2699 1724 quibus
2737 1647 3035 1706 elucescit
3073 1646 3175 1705 nil
3207 1664 3486 1721 prorsus

2066 1735 2460 1810 impossibile
2506 1736 2676 1794 hanc
2719 1737 2882 1812 fidei
2926 1737 3294 1796 doctrinam
3342 1753 3484 1794 con·

2070 1824 2303 1882 tinere.

2145 2018 2434 2082 IRAMUR
2505 2019 2748 2102 quippe
2817 2019 3150 2098 effectum,
3227 2038 3483 2082 causam

2171 2116 2554 2197 ignorantes.
2613 2117 2772 2180 Nam
2833 2125 3094 2200 propter
3157 2117 3482 2191 admirari,

1984 2223 2319 2297 coeperunt
2381 2215 2673 2278 homines
2741 2216 3201 2298 philosophari,
3262 2235 3486 2280 secun-

1983 2313 2137 2376 dum
2168 2313 2592 2376 Aristotelem.
2630 2314 2735 2376 Est
2766 2322 2980 2378 autem
3023 2315 3480 2398 philosophari,

1984 2429 2208 2474 eorum
2267 2431 2408 2494 quae
2469 2413 2532 2474 in
2592 2421 2818 2475 natura
2864 2412 3034 2475 fiunt
3081 2433 3303 2476 causas
3349 2433 3487 2496 per—

1983 2511 2271 2573 scrutari.
2306 2511 2606 2574 Videntes
2637 2531 2914 2594 namque
2944 2513 3236 2575 homines
3267 2513 3484 2575 lunam

1983 2609 2306 2691 eclipsari,
2341 2609 2550 2671 mirati
2591 2617 2760 2684 sunt,
2795 2617 2859 2672 et
2899 2629 3153 2674 causam
3193 2631 3485 2694 perscru-

1984 2707 2095 2769 tati
2134 2724 2148 2768 :
2182 2726 2308 2789 qua
2353 2709 2630 2783 inventa,
2671 2708 2980 2772 abscessit
3022 2710 3378 2784 admiratiO,
3423 2717 3486 2773 et

1984 2807 2200 2868 aderat
2237 2805 2584 2871 scientialis
2635 2807 2971 2870 certitudo.
3014 2807 3190 2871 Unde
3239 2809 3484 2870 contin-

1985 2905 2077 2985 git
2114 2911 2184 2967 ut
2222 2904 2302 2968 de
2342 2905 2632 2986 ejusdem
2672 2904 2944 2968 effectus
2986 2907 3347 2982 intuitione,
3379 2908 3484 2970 ad-

369 3004 745 3068 substantiae
788 3005 972 3087 panis
1016 3013 1079 3067 et
1122 3006 1257 3068 vini
1305 3022 1319 3066 ε
1366 3023 1493 3068 non
1535 3023 1684 3087 ergo
1729 3023 1873 3068 con·
1905 3005 1949 3070 C
1986 3003 2350 3065 sistentium
2382 3003 2546 3066 alius
2585 3004 2874 3078 miretur,
2908 3005 3068 3068 alter
3107 3024 3257 3069 vero
3299 3007 3485 3069 mini-

368 3110 751 3182 vertuntur;
792 3122 1001 3185 neque
1042 3103 1163 3166 sub
1204 3121 1425 3166 eorum
1470 3102 1695 3166 formis
1741 3121 1873 3168 cor—

371 3221 497 3284 pus
538 3221 611 3264 ac
660 3201 921 3282 sanguis
970 3201 1203 3265 Christi
1254 3201 1634 3277 subsistunt,
1674 3222 1875 3285 quum

368 3317 502 3362 non
532 3300 617 3362 sit
647 3299 957 3382 possibile
995 3299 1124 3362 duo
1165 3317 1431 3382 corpora
1468 3318 1609 3362 esse
1654 3301 1868 3363 simul.

453 3397 951 3479 Denique‚sumi
985 3405 1253 3480 possunt
1284 3399 1559 3461 rationes
1590 3399 1667 3461 ad
1702 3399 1872 3462 idem

366 3515 449 3558 ex
494 3503 673 3578 parte
706 3495 1032 3558 actionum
1077 3502 1142 3558 et
1186 3497 1577 3578 passionum,
1621 3516 1763 3580 quae
1806 3497 1872 3558 in

369 3596 526 3658 vino
573 3613 646 3657 ac
692 3613 859 3676 pane
906 3601 1219 3677 apparent
1265 3603 1409 3676 post
1452 3596 1872 3659 consecratio-

366 3713 523 3756 nem
564 3699 635 3754 ut
673 3700 840 3755 ante.
875 3693 1111 3755 Vinum
1151 3712 1407 3776 nempe,
1442 3695 1495 3756 si
1540 3695 1605 3756 in
1648 3713 1874 3775 magna

366 3792 727 3874 quantitate
776 3799 1159 3866 sumeretur,
1211 3791 1553 3855 inebriaret
1601 3801 1664 3855 et
1712 3794 1874 3855 cale-

368 3891 633 3964 faceret,
692 3889 977 3973 aliasque
1034 3890 1331 3973 physicas
1388 3893 1669 3954 actiones
1717 3904 1874 3954 'cau-

368 3996 559 4052 saret.
630 3988 814 4051 Panis
879 4007 1137 4071 quoque
1201 3989 1587 4053 confortaret
1645 4000 1707 4053 et
1759 4010 1873 4052 nu·

369 4088 577 4149 triret.
621 4087 778 4161 Imo,
825 4087 877 4148 si
926 4087 1061 4149 haec
1104 4087 1215 4149 diu
1257 4087 1509 4149 incaute
1554 4107 1875 4151 reserven-

1988 3120 2111 3164 me.
2145 3101 2259 3164 Hic
2289 3101 2462 3164 enim
2494 3121 2750 3165 causam
2780 3105 3088 3184 agnoscit,
3113 3121 3238 3168 non
3270 3111 3483 3169 autem

1987 3199 2115 3262 ille.
2150 3199 2698 3273 Quemadmodum
2741 3201 2792 3262 si
2825 3201 3052 3282 sagitta
3081 3221 3116 3264 a
3147 3203 3484 3284 sagittante

1986 3297 2242 3372 emissa,
2295 3297 2360 3359 in
2410 3297 2746 3381 praefixum
2809 3299 3066 3380 signum
3115 3300 3485 3383 frequenter

1984 3397 2247 3469 feratur,
2279 3397 2391 3478 qui
2421 3397 2776 3478 sagittantis
2808 3397 3185 3461 industriam
3217 3399 3483 3481 ignorat,

1985 3494 2381 3579 obstupescit
2407 3514 2427 3574 ;-
2473 3496 2585 3578 qui
2629 3505 2844 3560 autem
2889 3497 3064 3559 illam
3114 3498 3312 3573 novit,
3359 3517 3486 3562 non

1984 3594 2355 3657 admiratur.
2391 3594 2676 3658 Effectus
2707 3613 2858 3676 ergo
2885 3596 3118 3677 aliquis
3149 3598 3214 3660 in
3249 3617 3315 3660 se
3347 3599 3486 3681 qui-

1988 3693 2131 3754 dem
2181 3693 2444 3756 omnino
2507 3693 2820 3756 mirabilis
2879 3701 2944 3756 et
3000 3713 3164 3776 pene
3215 3697 3486 3759 incredi-

1986 3791 2137 3853 bilis
2202 3799 2318 3864 est,
2381 3791 2490 3873 qui
2557 3799 2774 3853 tamen
2834 3792 3090 3873 penitus
3159 3793 3485 3874 possibilis

1985 3896 2271 3972 apparet,
2305 3889 2358 3950 si
2403 3908 2592 3950 causa
2631 3888 2772 3969 ejus
2818 3891 3273 3954 consideretur.
3311 3893 3486 3956 Unde

1984 3988 2120 4050 haec
2168 3987 2794 4050 transsubstantiatio
2852 3988 3035 4069 panis
3092 4007 3165 4050 ac
3225 3990 3358 4053 vini
3417 3992 3484 4054 in

1986 4105 2219 4168 corpus
2267 4093 2331 4148 et
2378 4085 2757 4166 sanguinem
2807 4085 3063 4160 Christi,
3115 4093 3180 4149 et
3237 4089 3483 4170 reliqua

366 4195 499 4259 tur,
576 4193 941 4267 putrescere
999 4184 1413 4259 videbuntur,
1473 4205 1510 4247 a
1580 4186 2126 4266 muribuanuae
2184 4184 2248 4245 in
2309 4183 2722 4247 Eucharistiae
2784 4193 3182 4248 sacramento
3239 4188 3483 4250 contin-

368 4283 649 4358 comedi,
682 4282 975 4346 comburi
1022 4291 1215 4366 atque
1267 4285 1328 4346 in
1380 4284 1663 4348 cinerem
1711 4285 1871 4348 redi-

366 4383 433 4464 gi
468 4383 535 4444 in
567 4399 997 4465 vaporemque
1038 4381 1269 4445 resolvi
1308 4399 1321 4443 ε
1358 4402 1501 4465 quae
1542 4383 1872 4466 physicam

370 4481 713 4564 requirunt
742 4481 1106 4559 materiam3
1140 4481 1391 4563 corpori
1434 4499 1584 4545 vero
1626 4490 1691 4545 et
1734 4502 1872 4545 san—

368 4580 554 4662 guini
594 4578 850 4652 Christi,
894 4580 1003 4661 qui
1044 4580 1232 4643 modo
1276 4581 1539 4643 omnino
1585 4581 1874 4663 impassi-

368 4677 525 4741 bilis
566 4685 681 4751 est,
724 4678 1069 4741 convenire
1116 4696 1243 4741 non
1293 4686 1555 4760 queunt.
1604 4679 1873 4742 Necesse

366 4784 471 4840 est
500 4777 693 4858 igitur
724 4776 905 4858 panis
948 4795 1023 4838 ac
1061 4777 1195 4839 vini
1242 4777 1630 4840 substantias
1674 4796 1875 4840 rema·

368 4893 550 4946 nere,
582 4881 645 4937 et
687 4892 813 4936 non
858 4875 1165 4938 converti.

455 4973 699 5048 Denuo,
732 4992 809 5035 ex
856 4981 1033 5055 parte
1082 4973 1408 5036 fractionis
1455 4994 1597 5056 quae
1643 4975 1707 5037 in
1753 4976 1873 5038 hoc

369 5079 768 5136 sacramento
798 5070 1189 5134 sensibiliter
1218 5073 1873 5154 apparet‚difficultas

370 5169 601 5253 quinta
628 5169 932 5232 nascitur.
972 5168 1104 5231 Non
1144 5169 1320 5232 enim
1354 5179 1559 5251 potest
1590 5172 1722 5235 haec
1755 5171 1874 5234 fra-

372 5270 505 5333 ctio
534 5267 675 5332 sine
705 5266 996 5348 subjecto
1025 5285 1185 5342 esse,
1206 5285 1413 5350 neque
1436 5270 1685 5353 corpori
1704 5271 1877 5335 Chri·

1981 4290 2162 4364 gunt,
2187 4281 2253 4343 in
2284 4301 2351 4344 se
2384 4283 2604 4364 utique
2637 4283 3053 4357 considerata,
3074 4285 3256 4347 valde
3285 4287 3483 4349 admi-

1982 4380 2180 4443 randa
2208 4387 2398 4459 sunt3
2431 4381 2484 4442 si
2524 4387 2736 4443 tamen
2770 4381 2988 4444 divina
3017 4383 3222 4446 virtus
3262 4403 3484 4467 pense-

1983 4487 2107 4552 tur,
2140 4478 2231 4540 nil
2277 4479 2598 4541 videbitur
2642 4479 3040 4562 impossibile
3079 4499 3299 4545 eorum
3340 4503 3482 4566 quae

1984 4579 2048 4640 in
2096 4596 2173 4641 eo
2221 4577 2538 4640 accidunt.
2591 4577 2706 4640 Hic
2765 4578 2938 4641 enim
2997 4578 3291 4654 effectuS‚
3346 4583 3484 4665 qui—

1984 4695 2262 4759 cumque
2293 4677 2376 4739 sit
2407 4675 2536 4748 ille,
2563 4676 2672 4758 qui
2706 4677 2771 4738 in
2802 4677 3210 4742 Sacrameuto
3241 4682 3484 4743 contin·

1979 4777 2093 4857 git,
2119 4775 2345 4838 finitus
2377 4782 2474 4836 est
2503 4782 2565 4837 et
2596 4774 2798 4838 finitae
2827 4776 3268 4840 admirationis
3303 4796 3317 4840 ε
3352 4797 3482 4844 non

1981 4876 2154 4937 enim
2187 4873 2581 4935 transcendit
2619 4873 2909 4936 ordinem
2949 4882 3140 4956 atque
3178 4877 3480 4941 virtutem

1980 4973 2368 5035 naturalium
2400 4970 2751 5033 effectuum
2786 4971 2851 5033 in
2884 4971 3232 5036 infinitum.
3255 4976 3482 5040 Divina

1981 5090 2132 5134 vero
2163 5070 2500 5132 causalitas
2531 5077 2591 5132 et
2624 5071 2928 5152 potentia,
2961 5071 3224 5135 omnino
3254 5080 3316 5135 et
3345 5092 3480 5138 om·

1982 5169 2240 5232 nimode
2283 5167 2602 5229 illimitata
2644 5174 2739 5227 est
2782 5172 2843 5228 et
2891 5166 3162 5230 infinita.
3196 5170 3481 5254 Propter-

1983 5287 2079 5343 ea,
2130 5267 2184 5329 si
2233 5266 2505 5329 effectus
2553 5265 2673 5326 iste
2720 5265 2799 5326 ad
2847 5284 2988 5328 eam
3045 5277 3473 5351 comparetur,
