<?xml version="1.0" encoding="UTF-8"?>
<!DOCTYPE html PUBLIC "-//W3C//DTD XHTML 1.0 Transitional//EN"
    "http://www.w3.org/TR/xhtml1/DTD/xhtml1-transitional.dtd">
<html xmlns="http://www.w3.org/1999/xhtml" xml:lang="en" lang="en">
 <head>
  <title>
</title>
<meta http-equiv="Content-Type" content="text/html;charset=utf-8" />
  <meta name='ocr-system' content='tesseract 3.04.00' />
  <meta name='ocr-capabilities' content='ocr_page ocr_carea ocr_par ocr_line ocrx_word'/>
</head>
<body>
  <div class='ocr_page' id='page_1' title='image "./doctorisecstati05unkngoog_0337.png"; bbox 0 0 4300 6259; ppageno 0'>
   <div class='ocr_carea' id='block_1_1' title="bbox 121 2283 282 2451">
    <p class='ocr_par' dir='ltr' id='par_1_1' title="bbox 121 2283 282 2451">
     <span class='ocr_line' id='line_1_1' title="bbox 145 2283 280 2326; baseline -0.015 0"><span class='ocrx_word' id='word_1_1' title='bbox 145 2283 280 2326; x_wconf 63' lang='lat' dir='ltr'><strong>seam</strong></span> 
     </span>
     <span class='ocr_line' id='line_1_2' title="bbox 121 2347 282 2387; baseline -0.006 0"><span class='ocrx_word' id='word_1_2' title='bbox 121 2351 133 2366; x_wconf 86' lang='lat'>&#39;</span> <span class='ocrx_word' id='word_1_3' title='bbox 155 2347 282 2387; x_wconf 77' lang='lat' dir='ltr'><strong>ducunt</strong></span> 
     </span>
     <span class='ocr_line' id='line_1_3' title="bbox 121 2409 280 2451; baseline 0 -1"><span class='ocrx_word' id='word_1_4' title='bbox 121 2413 134 2428; x_wconf 92' lang='grc'><em>“</em></span> <span class='ocrx_word' id='word_1_5' title='bbox 147 2409 280 2451; x_wconf 74' lang='lat' dir='ltr'><strong>trahunt</strong></span> 
     </span>
    </p>
   </div>
   <div class='ocr_carea' id='block_1_2' title="bbox 879 514 2799 577">
    <p class='ocr_par' dir='ltr' id='par_1_2' title="bbox 879 514 2799 577">
     <span class='ocr_line' id='line_1_4' title="bbox 879 514 2799 577; baseline 0.003 -11"><span class='ocrx_word' id='word_1_6' title='bbox 879 519 960 566; x_wconf 74' lang='lat' dir='ltr'><strong>DE</strong></span> <span class='ocrx_word' id='word_1_7' title='bbox 998 519 1228 566; x_wconf 73' lang='lat' dir='ltr'><strong>LmnNss</strong></span> <span class='ocrx_word' id='word_1_8' title='bbox 1271 519 1654 567; x_wconf 69' lang='lat' dir='ltr'><strong>cnmsruNAE</strong></span> <span class='ocrx_word' id='word_1_9' title='bbox 1697 514 1998 577; x_wconf 71' lang='lat' dir='ltr'><strong>TBBORIAE,</strong></span> <span class='ocrx_word' id='word_1_10' title='bbox 2043 521 2221 568; x_wconf 71' lang='lat' dir='ltr'><strong>LIBER</strong></span> <span class='ocrx_word' id='word_1_11' title='bbox 2262 523 2302 568; x_wconf 84' lang='grc' dir='ltr'><strong>Ι.</strong></span> <span class='ocrx_word' id='word_1_12' title='bbox 2348 541 2429 552; x_wconf 89' lang='grc'><strong>-</strong></span> <span class='ocrx_word' id='word_1_13' title='bbox 2472 525 2609 571; x_wconf 77' lang='lat' dir='ltr'><strong>ART.</strong></span> <span class='ocrx_word' id='word_1_14' title='bbox 2658 525 2799 572; x_wconf 80' lang='lat' dir='ltr'><strong>Lxxl</strong></span> 
     </span>
    </p>
   </div>
   <div class='ocr_carea' id='block_1_3' title="bbox 308 687 1862 752">
    <p class='ocr_par' dir='ltr' id='par_1_3' title="bbox 308 687 1862 752">
     <span class='ocr_line' id='line_1_5' title="bbox 308 687 1862 752; baseline -0.001 0"><span class='ocrx_word' id='word_1_15' title='bbox 308 688 564 752; x_wconf 79' lang='lat' dir='ltr'><strong>casualia</strong></span> <span class='ocrx_word' id='word_1_16' title='bbox 606 687 976 752; x_wconf 86' lang='lat' dir='ltr'><strong>asserebant</strong></span> <span class='ocrx_word' id='word_1_17' title='bbox 1031 696 1096 751; x_wconf 93' lang='lat' dir='ltr'><strong>et</strong></span> <span class='ocrx_word' id='word_1_18' title='bbox 1148 688 1428 752; x_wconf 86' lang='lat' dir='ltr'><strong>fortuita.</strong></span> <span class='ocrx_word' id='word_1_19' title='bbox 1481 687 1659 751; x_wconf 82' lang='lat' dir='ltr'><strong>Unde</strong></span> <span class='ocrx_word' id='word_1_20' title='bbox 1709 706 1784 750; x_wconf 86' lang='lat' dir='ltr'><strong>ea</strong></span> <span class='ocrx_word' id='word_1_21' title='bbox 1815 687 1862 750; x_wconf 82' lang='lat' dir='ltr'>A</span> 
     </span>
    </p>
   </div>
   <div class='ocr_carea' id='block_1_4' title="bbox 300 787 1786 1846">
    <p class='ocr_par' dir='ltr' id='par_1_4' title="bbox 300 787 1786 1846">
     <span class='ocr_line' id='line_1_6' title="bbox 309 787 1786 870; baseline -0.001 -21"><span class='ocrx_word' id='word_1_22' title='bbox 309 808 436 870; x_wconf 81' lang='lat' dir='ltr'><strong>quae</strong></span> <span class='ocrx_word' id='word_1_23' title='bbox 481 788 544 849; x_wconf 91' lang='lat' dir='ltr'><strong>in</strong></span> <span class='ocrx_word' id='word_1_24' title='bbox 598 787 720 850; x_wconf 87' lang='lat' dir='ltr'><strong>hoc</strong></span> <span class='ocrx_word' id='word_1_25' title='bbox 781 787 1020 850; x_wconf 90' lang='lat' dir='ltr'><strong>mundo</strong></span> <span class='ocrx_word' id='word_1_26' title='bbox 1077 787 1566 850; x_wconf 79' lang='lat' dir='ltr'><strong>indeterminate</strong></span> <span class='ocrx_word' id='word_1_27' title='bbox 1617 787 1786 850; x_wconf 89' lang='lat' dir='ltr'><strong>fiunt</strong></span> 
     </span>
     <span class='ocr_line' id='line_1_7' title="bbox 307 886 1780 968; baseline -0.001 -19"><span class='ocrx_word' id='word_1_28' title='bbox 307 894 363 949; x_wconf 84' lang='lat' dir='ltr'><strong>et</strong></span> <span class='ocrx_word' id='word_1_29' title='bbox 416 886 690 960; x_wconf 88' lang='lat' dir='ltr'><strong>fortuito,</strong></span> <span class='ocrx_word' id='word_1_30' title='bbox 739 904 868 949; x_wconf 90' lang='lat' dir='ltr'><strong>non</strong></span> <span class='ocrx_word' id='word_1_31' title='bbox 929 886 1318 950; x_wconf 78' lang='lat' dir='ltr'><strong>reducebant</strong></span> <span class='ocrx_word' id='word_1_32' title='bbox 1377 886 1440 948; x_wconf 91' lang='lat' dir='ltr'><strong>in</strong></span> <span class='ocrx_word' id='word_1_33' title='bbox 1499 886 1780 968; x_wconf 80' lang='lat' dir='ltr'><strong>aliquam</strong></span> 
     </span>
     <span class='ocr_line' id='line_1_8' title="bbox 306 984 1781 1068; baseline -0.001 -21"><span class='ocrx_word' id='word_1_34' title='bbox 306 1003 538 1048; x_wconf 87' lang='lat' dir='ltr'><strong>causam</strong></span> <span class='ocrx_word' id='word_1_35' title='bbox 585 985 1008 1068; x_wconf 87' lang='lat' dir='ltr'><strong>superiorem,</strong></span> <span class='ocrx_word' id='word_1_36' title='bbox 1055 991 1350 1066; x_wconf 89' lang='lat' dir='ltr'><strong>respectu</strong></span> <span class='ocrx_word' id='word_1_37' title='bbox 1399 984 1585 1065; x_wconf 87' lang='lat' dir='ltr'><strong>cujus</strong></span> <span class='ocrx_word' id='word_1_38' title='bbox 1629 1002 1781 1046; x_wconf 92' lang='lat' dir='ltr'><strong>cun·</strong></span> 
     </span>
     <span class='ocr_line' id='line_1_9' title="bbox 305 1082 1778 1166; baseline -0.001 -21"><span class='ocrx_word' id='word_1_39' title='bbox 305 1093 392 1145; x_wconf 86' lang='lat' dir='ltr'><strong>cta</strong></span> <span class='ocrx_word' id='word_1_40' title='bbox 417 1083 674 1166; x_wconf 83' lang='lat' dir='ltr'><strong>provide</strong></span> <span class='ocrx_word' id='word_1_41' title='bbox 704 1091 768 1145; x_wconf 88' lang='lat' dir='ltr'><strong>et</strong></span> <span class='ocrx_word' id='word_1_42' title='bbox 797 1083 1086 1146; x_wconf 89' lang='lat' dir='ltr'><strong>ordinate</strong></span> <span class='ocrx_word' id='word_1_43' title='bbox 1125 1083 1380 1146; x_wconf 86' lang='lat' dir='ltr'><strong>fierent.</strong></span> <span class='ocrx_word' id='word_1_44' title='bbox 1415 1082 1778 1146; x_wconf 88' lang='lat' dir='ltr'><strong>Secundum</strong></span> 
     </span>
     <span class='ocr_line' id='line_1_10' title="bbox 304 1180 1776 1263; baseline 0 -19"><span class='ocrx_word' id='word_1_45' title='bbox 304 1184 408 1244; x_wconf 86' lang='lat' dir='ltr'><strong>hos</strong></span> <span class='ocrx_word' id='word_1_46' title='bbox 435 1199 578 1263; x_wconf 88' lang='lat' dir='ltr'><strong>ergo</strong></span> <span class='ocrx_word' id='word_1_47' title='bbox 607 1181 810 1244; x_wconf 85' lang='lat' dir='ltr'><strong>fatum</strong></span> <span class='ocrx_word' id='word_1_48' title='bbox 845 1181 934 1244; x_wconf 93' lang='lat' dir='ltr'><strong>nil</strong></span> <span class='ocrx_word' id='word_1_49' title='bbox 970 1182 1226 1263; x_wconf 88' lang='lat' dir='ltr'><strong>penitus</strong></span> <span class='ocrx_word' id='word_1_50' title='bbox 1255 1180 1508 1244; x_wconf 82' lang='lat' dir='ltr'><strong>est.Alii</strong></span> <span class='ocrx_word' id='word_1_51' title='bbox 1539 1187 1776 1255; x_wconf 89' lang='lat' dir='ltr'><strong>autem,</strong></span> 
     </span>
     <span class='ocr_line' id='line_1_11' title="bbox 303 1278 1780 1363; baseline -0.001 -21"><span class='ocrx_word' id='word_1_52' title='bbox 303 1289 440 1363; x_wconf 88' lang='lat' dir='ltr'><strong>puta</strong></span> <span class='ocrx_word' id='word_1_53' title='bbox 465 1281 676 1354; x_wconf 88' lang='lat' dir='ltr'><strong>Stoici,</strong></span> <span class='ocrx_word' id='word_1_54' title='bbox 710 1288 773 1343; x_wconf 91' lang='lat' dir='ltr'><strong>et</strong></span> <span class='ocrx_word' id='word_1_55' title='bbox 811 1280 1004 1342; x_wconf 88' lang='lat' dir='ltr'><strong>etiam</strong></span> <span class='ocrx_word' id='word_1_56' title='bbox 1038 1280 1596 1362; x_wconf 82' lang='lat' dir='ltr'><strong>Peripateticorum</strong></span> <span class='ocrx_word' id='word_1_57' title='bbox 1642 1278 1780 1362; x_wconf 92' lang='lat' dir='ltr'><strong>plu-</strong></span> 
     </span>
     <span class='ocr_line' id='line_1_12' title="bbox 303 1378 1778 1460; baseline -0.001 -20"><span class='ocrx_word' id='word_1_58' title='bbox 303 1380 457 1451; x_wconf 85' lang='lat' dir='ltr'><strong>rimi,</strong></span> <span class='ocrx_word' id='word_1_59' title='bbox 505 1397 662 1460; x_wconf 92' lang='lat' dir='ltr'><strong>quos</strong></span> <span class='ocrx_word' id='word_1_60' title='bbox 729 1378 988 1441; x_wconf 80' lang='lat' dir='ltr'><strong>Alkindi</strong></span> <span class='ocrx_word' id='word_1_61' title='bbox 1063 1386 1128 1440; x_wconf 90' lang='lat' dir='ltr'><strong>et</strong></span> <span class='ocrx_word' id='word_1_62' title='bbox 1191 1378 1516 1440; x_wconf 90' lang='lat' dir='ltr'><strong>Avicenna</strong></span> <span class='ocrx_word' id='word_1_63' title='bbox 1575 1378 1778 1440; x_wconf 90' lang='lat' dir='ltr'><strong>secuti</strong></span> 
     </span>
     <span class='ocr_line' id='line_1_13' title="bbox 303 1474 1782 1558; baseline 0 -20"><span class='ocrx_word' id='word_1_64' title='bbox 303 1485 454 1550; x_wconf 89' lang='lat' dir='ltr'><strong>sunt,</strong></span> <span class='ocrx_word' id='word_1_65' title='bbox 504 1477 718 1538; x_wconf 88' lang='lat' dir='ltr'><strong>omnia</strong></span> <span class='ocrx_word' id='word_1_66' title='bbox 768 1495 910 1558; x_wconf 81' lang='lat' dir='ltr'><strong>quoe</strong></span> <span class='ocrx_word' id='word_1_67' title='bbox 958 1475 1066 1538; x_wconf 93' lang='lat' dir='ltr'><strong>hic</strong></span> <span class='ocrx_word' id='word_1_68' title='bbox 1115 1474 1380 1539; x_wconf 89' lang='lat' dir='ltr'><strong>confusa</strong></span> <span class='ocrx_word' id='word_1_69' title='bbox 1427 1483 1492 1538; x_wconf 88' lang='lat' dir='ltr'><strong>et</strong></span> <span class='ocrx_word' id='word_1_70' title='bbox 1539 1476 1782 1538; x_wconf 87' lang='lat' dir='ltr'><strong>incerta</strong></span> 
     </span>
     <span class='ocr_line' id='line_1_14' title="bbox 301 1574 1782 1657; baseline 0 -21"><span class='ocrx_word' id='word_1_71' title='bbox 301 1575 570 1637; x_wconf 79' lang='lat' dir='ltr'><strong>videntur</strong></span> <span class='ocrx_word' id='word_1_72' title='bbox 599 1582 788 1657; x_wconf 87' lang='lat' dir='ltr'><strong>atque</strong></span> <span class='ocrx_word' id='word_1_73' title='bbox 817 1574 1192 1646; x_wconf 88' lang='lat' dir='ltr'><strong>casualia‚in</strong></span> <span class='ocrx_word' id='word_1_74' title='bbox 1224 1575 1542 1638; x_wconf 89' lang='lat' dir='ltr'><strong>coelestem</strong></span> <span class='ocrx_word' id='word_1_75' title='bbox 1573 1593 1782 1656; x_wconf 89' lang='lat' dir='ltr'><strong>quam-</strong></span> 
     </span>
     <span class='ocr_line' id='line_1_15' title="bbox 300 1673 1778 1756; baseline -0.001 -21"><span class='ocrx_word' id='word_1_76' title='bbox 300 1675 428 1736; x_wconf 88' lang='lat' dir='ltr'><strong>dam</strong></span> <span class='ocrx_word' id='word_1_77' title='bbox 459 1674 760 1736; x_wconf 86' lang='lat' dir='ltr'><strong>virtutem</strong></span> <span class='ocrx_word' id='word_1_78' title='bbox 795 1673 1189 1736; x_wconf 84' lang='lat' dir='ltr'><strong>reduxerunt</strong></span> <span class='ocrx_word' id='word_1_79' title='bbox 1221 1690 1234 1734; x_wconf 92' lang='lat'>:</span> <span class='ocrx_word' id='word_1_80' title='bbox 1269 1673 1456 1753; x_wconf 88' lang='lat' dir='ltr'><strong>cujus</strong></span> <span class='ocrx_word' id='word_1_81' title='bbox 1488 1681 1778 1756; x_wconf 86' lang='lat' dir='ltr'><strong>respectu</strong></span> 
     </span>
     <span class='ocr_line' id='line_1_16' title="bbox 302 1769 1780 1846; baseline -0.001 -12"><span class='ocrx_word' id='word_1_82' title='bbox 302 1779 354 1834; x_wconf 86' lang='lat' dir='ltr'><strong>et</strong></span> <span class='ocrx_word' id='word_1_83' title='bbox 397 1771 751 1846; x_wconf 81' lang='lat' dir='ltr'><strong>influentia,</strong></span> <span class='ocrx_word' id='word_1_84' title='bbox 800 1769 1099 1833; x_wconf 87' lang='lat' dir='ltr'><strong>dicebant</strong></span> <span class='ocrx_word' id='word_1_85' title='bbox 1147 1771 1364 1832; x_wconf 87' lang='lat' dir='ltr'><strong>omnia</strong></span> <span class='ocrx_word' id='word_1_86' title='bbox 1411 1771 1780 1834; x_wconf 85' lang='lat' dir='ltr'><strong>necessitari</strong></span> 
     </span>
    </p>
   </div>
   <div class='ocr_carea' id='block_1_5' title="bbox 3265 509 3387 574">
    <p class='ocr_par' dir='ltr' id='par_1_5' title="bbox 3265 509 3387 574">
     <span class='ocr_line' id='line_1_17' title="bbox 3265 509 3387 574; baseline 0 -1"><span class='ocrx_word' id='word_1_87' title='bbox 3265 509 3387 574; x_wconf 81' lang='lat'><strong>317</strong></span> 
     </span>
    </p>
   </div>
   <div class='ocr_carea' id='block_1_6' title="bbox 2252 749 3029 817">
    <p class='ocr_par' dir='ltr' id='par_1_6' title="bbox 2252 749 3029 817">
     <span class='ocr_line' id='line_1_18' title="bbox 2252 749 3029 817; baseline 0.006 -5"><span class='ocrx_word' id='word_1_88' title='bbox 2252 749 2738 816; x_wconf 81' lang='lat' dir='ltr'>ARTICULUS</span> <span class='ocrx_word' id='word_1_89' title='bbox 2786 753 3029 817; x_wconf 84' lang='lat' dir='ltr'>LXXI.</span> 
     </span>
    </p>
   </div>
   <div class='ocr_carea' id='block_1_7' title="bbox 1895 896 3395 1153">
    <p class='ocr_par' dir='ltr' id='par_1_7' title="bbox 1895 896 3395 1153">
     <span class='ocr_line' id='line_1_19' title="bbox 1895 896 3395 971; baseline 0.008 -20"><span class='ocrx_word' id='word_1_90' title='bbox 1895 896 2078 961; x_wconf 81' lang='lat' dir='ltr'><strong>Quod</strong></span> <span class='ocrx_word' id='word_1_91' title='bbox 2111 897 2537 971; x_wconf 79' lang='lat' dir='ltr'><strong>providentia</strong></span> <span class='ocrx_word' id='word_1_92' title='bbox 2576 899 2809 959; x_wconf 79' lang='lat' dir='ltr'><strong>divina</strong></span> <span class='ocrx_word' id='word_1_93' title='bbox 2840 902 3087 960; x_wconf 82' lang='lat' dir='ltr'><strong>directe</strong></span> <span class='ocrx_word' id='word_1_94' title='bbox 3126 901 3395 963; x_wconf 79' lang='lat' dir='ltr'><strong>dicatur</strong></span> 
     </span>
     <span class='ocr_line' id='line_1_20' title="bbox 1975 987 3393 1065; baseline 0.006 -23"><span class='ocrx_word' id='word_1_95' title='bbox 1975 993 2266 1060; x_wconf 82' lang='lat' dir='ltr'><strong>respectu</strong></span> <span class='ocrx_word' id='word_1_96' title='bbox 2321 987 2931 1062; x_wconf 72' lang='lat' dir='ltr'><strong>yubernandorum,</strong></span> <span class='ocrx_word' id='word_1_97' title='bbox 2990 997 3053 1049; x_wconf 80' lang='lat' dir='ltr'><strong>et</strong></span> <span class='ocrx_word' id='word_1_98' title='bbox 3111 1007 3239 1065; x_wconf 79' lang='lat' dir='ltr'><strong>per</strong></span> <span class='ocrx_word' id='word_1_99' title='bbox 3296 1011 3393 1050; x_wconf 88' lang='lat' dir='ltr'><strong>re-</strong></span> 
     </span>
     <span class='ocr_line' id='line_1_21' title="bbox 1972 1076 3309 1153; baseline 0.007 -21"><span class='ocrx_word' id='word_1_100' title='bbox 1972 1076 2342 1134; x_wconf 77' lang='lat' dir='ltr'><strong>ductionem</strong></span> <span class='ocrx_word' id='word_1_101' title='bbox 2390 1085 2679 1152; x_wconf 79' lang='lat' dir='ltr'><strong>respectu</strong></span> <span class='ocrx_word' id='word_1_102' title='bbox 2711 1081 3309 1153; x_wconf 82' lang='lat' dir='ltr'><strong>producendorum.</strong></span> 
     </span>
    </p>
   </div>
   <div class='ocr_carea' id='block_1_8' title="bbox 1891 1275 3394 1856">
    <p class='ocr_par' dir='ltr' id='par_1_8' title="bbox 2031 1275 3393 1362">
     <span class='ocr_line' id='line_1_22' title="bbox 2031 1275 3393 1362; baseline 0.005 -23"><span class='ocrx_word' id='word_1_103' title='bbox 2031 1275 2523 1340; x_wconf 76' lang='lat' dir='ltr'>NIVERSORUM</span> <span class='ocrx_word' id='word_1_104' title='bbox 2558 1279 2822 1362; x_wconf 86' lang='lat' dir='ltr'><strong>insuper</strong></span> <span class='ocrx_word' id='word_1_105' title='bbox 2849 1279 3249 1362; x_wconf 81' lang='lat' dir='ltr'><strong>gubernatiO,</strong></span> <span class='ocrx_word' id='word_1_106' title='bbox 3264 1283 3393 1348; x_wconf 90' lang='lat' dir='ltr'><strong>Deo</strong></span> 
     </span>
    </p>

    <p class='ocr_par' dir='ltr' id='par_1_9' title="bbox 1891 1375 3394 1856">
     <span class='ocr_line' id='line_1_23' title="bbox 2062 1375 3389 1458; baseline 0.007 -22"><span class='ocrx_word' id='word_1_107' title='bbox 2062 1375 2124 1438; x_wconf 89' lang='lat' dir='ltr'><strong>in</strong></span> <span class='ocrx_word' id='word_1_108' title='bbox 2160 1384 2467 1457; x_wconf 89' lang='lat' dir='ltr'><strong>quantum</strong></span> <span class='ocrx_word' id='word_1_109' title='bbox 2500 1377 2779 1440; x_wconf 91' lang='lat' dir='ltr'><strong>omnium</strong></span> <span class='ocrx_word' id='word_1_110' title='bbox 2813 1378 3025 1442; x_wconf 89' lang='lat' dir='ltr'><strong>finalis</strong></span> <span class='ocrx_word' id='word_1_111' title='bbox 3055 1388 3151 1442; x_wconf 90' lang='lat' dir='ltr'><strong>est</strong></span> <span class='ocrx_word' id='word_1_112' title='bbox 3180 1399 3389 1458; x_wconf 86' lang='lat' dir='ltr'><strong>causa,</strong></span> 
     </span>
     <span class='ocr_line' id='line_1_24' title="bbox 1892 1473 3391 1554; baseline 0.007 -20"><span class='ocrx_word' id='word_1_113' title='bbox 1892 1473 2188 1554; x_wconf 86' lang='lat' dir='ltr'><strong>congruit</strong></span> <span class='ocrx_word' id='word_1_114' title='bbox 2233 1491 2247 1535; x_wconf 72' lang='grc' dir='ltr'>ε</span> <span class='ocrx_word' id='word_1_115' title='bbox 2295 1475 2387 1538; x_wconf 90' lang='lat' dir='ltr'><strong>sic</strong></span> <span class='ocrx_word' id='word_1_116' title='bbox 2437 1475 2610 1538; x_wconf 90' lang='lat' dir='ltr'><strong>enim</strong></span> <span class='ocrx_word' id='word_1_117' title='bbox 2662 1476 2910 1539; x_wconf 86' lang='lat' dir='ltr'><strong>reducit</strong></span> <span class='ocrx_word' id='word_1_118' title='bbox 2950 1479 3167 1540; x_wconf 92' lang='lat' dir='ltr'><strong>omnia</strong></span> <span class='ocrx_word' id='word_1_119' title='bbox 3212 1480 3273 1542; x_wconf 94' lang='lat' dir='ltr'><strong>in</strong></span> <span class='ocrx_word' id='word_1_120' title='bbox 3324 1500 3391 1544; x_wconf 92' lang='lat' dir='ltr'><strong>se</strong></span> 
     </span>
     <span class='ocr_line' id='line_1_25' title="bbox 1891 1572 3393 1659; baseline 0.007 -26"><span class='ocrx_word' id='word_1_121' title='bbox 1891 1572 2124 1655; x_wconf 90' lang='lat' dir='ltr'><strong>ipsum.</strong></span> <span class='ocrx_word' id='word_1_122' title='bbox 2184 1573 2523 1637; x_wconf 88' lang='lat' dir='ltr'><strong>Productio</strong></span> <span class='ocrx_word' id='word_1_123' title='bbox 2568 1591 2721 1638; x_wconf 86' lang='lat' dir='ltr'><strong>vero</strong></span> <span class='ocrx_word' id='word_1_124' title='bbox 2779 1593 2991 1638; x_wconf 87' lang='lat' dir='ltr'><strong>rerum</strong></span> <span class='ocrx_word' id='word_1_125' title='bbox 3052 1577 3176 1659; x_wconf 92' lang='lat' dir='ltr'><strong>ipsi</strong></span> <span class='ocrx_word' id='word_1_126' title='bbox 3226 1579 3393 1642; x_wconf 87' lang='lat' dir='ltr'><strong>sicut</strong></span> 
     </span>
     <span class='ocr_line' id='line_1_26' title="bbox 1891 1665 3391 1754; baseline 0.006 -22"><span class='ocrx_word' id='word_1_127' title='bbox 1891 1671 2205 1734; x_wconf 82' lang='lat' dir='ltr'><strong>efficienti</strong></span> <span class='ocrx_word' id='word_1_128' title='bbox 2238 1665 2445 1736; x_wconf 81' lang='lat' dir='ltr'><strong>causae</strong></span> <span class='ocrx_word' id='word_1_129' title='bbox 2472 1673 2884 1754; x_wconf 88' lang='lat' dir='ltr'><strong>attribuitur;</strong></span> <span class='ocrx_word' id='word_1_130' title='bbox 2916 1674 3242 1740; x_wconf 89' lang='lat' dir='ltr'><strong>distinctio</strong></span> <span class='ocrx_word' id='word_1_131' title='bbox 3284 1697 3391 1741; x_wconf 90' lang='lat' dir='ltr'><strong>au-</strong></span> 
     </span>
     <span class='ocr_line' id='line_1_27' title="bbox 1893 1771 3394 1856; baseline 0.006 -25"><span class='ocrx_word' id='word_1_132' title='bbox 1893 1777 2044 1844; x_wconf 91' lang='lat' dir='ltr'><strong>tem,</strong></span> <span class='ocrx_word' id='word_1_133' title='bbox 2105 1771 2461 1834; x_wconf 89' lang='lat' dir='ltr'><strong>secundum</strong></span> <span class='ocrx_word' id='word_1_134' title='bbox 2520 1773 2691 1854; x_wconf 90' lang='lat' dir='ltr'><strong>quod</strong></span> <span class='ocrx_word' id='word_1_135' title='bbox 2750 1775 3135 1856; x_wconf 85' lang='lat' dir='ltr'><strong>exemplaris</strong></span> <span class='ocrx_word' id='word_1_136' title='bbox 3202 1795 3394 1840; x_wconf 89' lang='lat' dir='ltr'><strong>causa</strong></span> 
     </span>
    </p>
   </div>
   <div class='ocr_carea' id='block_1_9' title="bbox 299 1868 3394 1952">
    <p class='ocr_par' dir='ltr' id='par_1_10' title="bbox 299 1868 3394 1952">
     <span class='ocr_line' id='line_1_28' title="bbox 299 1868 3394 1952; baseline 0.003 -22"><span class='ocrx_word' id='word_1_137' title='bbox 299 1877 356 1930; x_wconf 84' lang='lat' dir='ltr'><strong>et</strong></span> <span class='ocrx_word' id='word_1_138' title='bbox 383 1869 831 1932; x_wconf 86' lang='lat' dir='ltr'><strong>inevitabiliter</strong></span> <span class='ocrx_word' id='word_1_139' title='bbox 860 1869 1120 1932; x_wconf 89' lang='lat' dir='ltr'><strong>evenire</strong></span> <span class='ocrx_word' id='word_1_140' title='bbox 1151 1887 1292 1950; x_wconf 79' lang='lat' dir='ltr'><strong>quae</strong></span> <span class='ocrx_word' id='word_1_141' title='bbox 1333 1869 1396 1930; x_wconf 92' lang='lat' dir='ltr'><strong>in</strong></span> <span class='ocrx_word' id='word_1_142' title='bbox 1440 1869 1559 1932; x_wconf 90' lang='lat' dir='ltr'><strong>hoc</strong></span> <span class='ocrx_word' id='word_1_143' title='bbox 1601 1889 1783 1932; x_wconf 89' lang='lat' dir='ltr'><strong>mun·</strong></span> <span class='ocrx_word' id='word_1_144' title='bbox 1813 1871 1861 1934; x_wconf 90' lang='lat' dir='ltr'>B</span> <span class='ocrx_word' id='word_1_145' title='bbox 1891 1876 1987 1930; x_wconf 90' lang='lat' dir='ltr'><strong>est</strong></span> <span class='ocrx_word' id='word_1_146' title='bbox 2017 1868 2282 1931; x_wconf 87' lang='lat' dir='ltr'><strong>entium.</strong></span> <span class='ocrx_word' id='word_1_147' title='bbox 2320 1869 2621 1950; x_wconf 87' lang='lat' dir='ltr'><strong>Ejusdem</strong></span> <span class='ocrx_word' id='word_1_148' title='bbox 2654 1871 2953 1952; x_wconf 90' lang='lat' dir='ltr'><strong>equidem</strong></span> <span class='ocrx_word' id='word_1_149' title='bbox 2984 1873 3257 1938; x_wconf 84' lang='lat' dir='ltr'><strong>effectus</strong></span> <span class='ocrx_word' id='word_1_150' title='bbox 3296 1883 3394 1938; x_wconf 90' lang='lat' dir='ltr'><strong>est</strong></span> 
     </span>
    </p>
   </div>
   <div class='ocr_carea' id='block_1_10' title="bbox 295 1966 1784 3035">
    <p class='ocr_par' dir='ltr' id='par_1_11' title="bbox 295 1966 1783 2917">
     <span class='ocr_line' id='line_1_29' title="bbox 301 1966 1779 2049; baseline 0 -19"><span class='ocrx_word' id='word_1_151' title='bbox 301 1970 372 2030; x_wconf 92' lang='lat' dir='ltr'><strong>do</strong></span> <span class='ocrx_word' id='word_1_152' title='bbox 413 1975 733 2048; x_wconf 86' lang='lat' dir='ltr'><strong>geruntur.</strong></span> <span class='ocrx_word' id='word_1_153' title='bbox 789 1967 862 2028; x_wconf 87' lang='lat' dir='ltr'><strong>Et</strong></span> <span class='ocrx_word' id='word_1_154' title='bbox 911 1967 977 2029; x_wconf 92' lang='lat' dir='ltr'><strong>hi</strong></span> <span class='ocrx_word' id='word_1_155' title='bbox 1027 1966 1226 2030; x_wconf 86' lang='lat' dir='ltr'><strong>fatum</strong></span> <span class='ocrx_word' id='word_1_156' title='bbox 1278 1967 1600 2049; x_wconf 88' lang='lat' dir='ltr'><strong>ponebant</strong></span> <span class='ocrx_word' id='word_1_157' title='bbox 1647 1968 1779 2031; x_wconf 85' lang='lat' dir='ltr'><strong>vim</strong></span> 
     </span>
     <span class='ocr_line' id='line_1_30' title="bbox 302 2065 1783 2149; baseline 0.001 -21"><span class='ocrx_word' id='word_1_158' title='bbox 302 2067 622 2148; x_wconf 86' lang='lat' dir='ltr'><strong>quamdam</strong></span> <span class='ocrx_word' id='word_1_159' title='bbox 659 2067 966 2138; x_wconf 88' lang='lat' dir='ltr'><strong>siderum,</strong></span> <span class='ocrx_word' id='word_1_160' title='bbox 1000 2065 1188 2147; x_wconf 86' lang='lat' dir='ltr'><strong>cujus</strong></span> <span class='ocrx_word' id='word_1_161' title='bbox 1219 2066 1626 2149; x_wconf 86' lang='lat' dir='ltr'><strong>impressioni</strong></span> <span class='ocrx_word' id='word_1_162' title='bbox 1655 2067 1783 2130; x_wconf 88' lang='lat' dir='ltr'><strong>aie-</strong></span> 
     </span>
     <span class='ocr_line' id='line_1_31' title="bbox 303 2164 1782 2247; baseline 0.001 -21"><span class='ocrx_word' id='word_1_163' title='bbox 303 2165 437 2226; x_wconf 87' lang='lat' dir='ltr'><strong>bant</strong></span> <span class='ocrx_word' id='word_1_164' title='bbox 480 2165 698 2227; x_wconf 91' lang='lat' dir='ltr'><strong>omnia</strong></span> <span class='ocrx_word' id='word_1_165' title='bbox 745 2183 894 2226; x_wconf 90' lang='lat' dir='ltr'><strong>cum</strong></span> <span class='ocrx_word' id='word_1_166' title='bbox 946 2164 1320 2227; x_wconf 84' lang='lat' dir='ltr'><strong>necessitate</strong></span> <span class='ocrx_word' id='word_1_167' title='bbox 1359 2166 1633 2247; x_wconf 90' lang='lat' dir='ltr'><strong>quadam</strong></span> <span class='ocrx_word' id='word_1_168' title='bbox 1679 2184 1782 2247; x_wconf 87' lang='lat' dir='ltr'><strong>pa·</strong></span> 
     </span>
     <span class='ocr_line' id='line_1_32' title="bbox 303 2263 1776 2346; baseline 0 -20"><span class='ocrx_word' id='word_1_169' title='bbox 303 2284 442 2327; x_wconf 82' lang='lat' dir='ltr'><strong>rere.</strong></span> <span class='ocrx_word' id='word_1_170' title='bbox 469 2265 640 2327; x_wconf 88' lang='lat' dir='ltr'><strong>Unde</strong></span> <span class='ocrx_word' id='word_1_171' title='bbox 671 2271 855 2346; x_wconf 82' lang='lat' dir='ltr'><strong>poeta</strong></span> <span class='ocrx_word' id='word_1_172' title='bbox 882 2281 896 2324; x_wconf 92' lang='lat'><strong>:</strong></span> <span class='ocrx_word' id='word_1_173' title='bbox 923 2263 1070 2326; x_wconf 85' lang='lat' dir='ltr'><strong>Fata</strong></span> <span class='ocrx_word' id='word_1_174' title='bbox 1098 2263 1418 2326; x_wconf 89' lang='lat' dir='ltr'><strong>volentem</strong></span> <span class='ocrx_word' id='word_1_175' title='bbox 1451 2263 1712 2326; x_wconf 87' lang='lat' dir='ltr'><strong>trahunt</strong></span> <span class='ocrx_word' id='word_1_176' title='bbox 1731 2269 1776 2337; x_wconf 76' lang='lat'><strong>¹¹,</strong></span> 
     </span>
     <span class='ocr_line' id='line_1_33' title="bbox 303 2361 1782 2444; baseline 0 -20"><span class='ocrx_word' id='word_1_177' title='bbox 303 2363 602 2425; x_wconf 88' lang='lat' dir='ltr'><strong>nolentem</strong></span> <span class='ocrx_word' id='word_1_178' title='bbox 645 2370 882 2442; x_wconf 87' lang='lat' dir='ltr'><strong>cogunt</strong></span> <span class='ocrx_word' id='word_1_179' title='bbox 901 2365 944 2423; x_wconf 89' lang='lat'><strong>*.</strong></span> <span class='ocrx_word' id='word_1_180' title='bbox 983 2362 1196 2435; x_wconf 89' lang='lat' dir='ltr'><strong>Porr0‚</strong></span> <span class='ocrx_word' id='word_1_181' title='bbox 1233 2361 1426 2424; x_wconf 89' lang='lat' dir='ltr'><strong>ceteri</strong></span> <span class='ocrx_word' id='word_1_182' title='bbox 1469 2361 1532 2424; x_wconf 92' lang='lat' dir='ltr'><strong>in</strong></span> <span class='ocrx_word' id='word_1_183' title='bbox 1574 2363 1782 2444; x_wconf 90' lang='lat' dir='ltr'><strong>dispo-</strong></span> 
     </span>
     <span class='ocr_line' id='line_1_34' title="bbox 301 2460 1780 2543; baseline -0.001 -20"><span class='ocrx_word' id='word_1_184' title='bbox 301 2462 508 2524; x_wconf 85' lang='lat' dir='ltr'><strong>sitione</strong></span> <span class='ocrx_word' id='word_1_185' title='bbox 553 2460 789 2523; x_wconf 81' lang='lat' dir='ltr'><strong>divinae</strong></span> <span class='ocrx_word' id='word_1_186' title='bbox 852 2460 1268 2543; x_wconf 63' lang='lat' dir='ltr'><strong>providentia}</strong></span> <span class='ocrx_word' id='word_1_187' title='bbox 1329 2461 1542 2523; x_wconf 90' lang='lat' dir='ltr'><strong>omnia</strong></span> <span class='ocrx_word' id='word_1_188' title='bbox 1599 2462 1780 2524; x_wconf 88' lang='lat' dir='ltr'><strong>redu·</strong></span> 
     </span>
     <span class='ocr_line' id='line_1_35' title="bbox 301 2558 1782 2640; baseline 0.001 -19"><span class='ocrx_word' id='word_1_189' title='bbox 301 2568 528 2633; x_wconf 81' lang='lat' dir='ltr'><strong>xerunt,</strong></span> <span class='ocrx_word' id='word_1_190' title='bbox 559 2560 756 2621; x_wconf 88' lang='lat' dir='ltr'><strong>etiam</strong></span> <span class='ocrx_word' id='word_1_191' title='bbox 807 2559 912 2620; x_wconf 89' lang='lat' dir='ltr'><strong>illa</strong></span> <span class='ocrx_word' id='word_1_192' title='bbox 956 2577 1098 2640; x_wconf 80' lang='lat' dir='ltr'><strong>quae</strong></span> <span class='ocrx_word' id='word_1_193' title='bbox 1139 2578 1176 2622; x_wconf 86' lang='lat' dir='ltr'><strong>a</strong></span> <span class='ocrx_word' id='word_1_194' title='bbox 1213 2578 1362 2620; x_wconf 89' lang='lat' dir='ltr'><strong>casu</strong></span> <span class='ocrx_word' id='word_1_195' title='bbox 1414 2566 1478 2621; x_wconf 87' lang='lat' dir='ltr'><strong>et</strong></span> <span class='ocrx_word' id='word_1_196' title='bbox 1523 2558 1782 2622; x_wconf 88' lang='lat' dir='ltr'><strong>fortuita</strong></span> 
     </span>
     <span class='ocr_line' id='line_1_36' title="bbox 301 2657 1782 2720; baseline 0.001 -2"><span class='ocrx_word' id='word_1_197' title='bbox 301 2659 580 2720; x_wconf 73' lang='lat' dir='ltr'><strong>videntur</strong></span> <span class='ocrx_word' id='word_1_198' title='bbox 617 2675 631 2718; x_wconf 90' lang='lat'>:</span> <span class='ocrx_word' id='word_1_199' title='bbox 676 2665 738 2719; x_wconf 88' lang='lat' dir='ltr'><strong>et</strong></span> <span class='ocrx_word' id='word_1_200' title='bbox 785 2657 850 2718; x_wconf 87' lang='lat' dir='ltr'><strong>hi</strong></span> <span class='ocrx_word' id='word_1_201' title='bbox 891 2657 970 2720; x_wconf 91' lang='lat' dir='ltr'><strong>de</strong></span> <span class='ocrx_word' id='word_1_202' title='bbox 1017 2657 1144 2720; x_wconf 84' lang='lat' dir='ltr'><strong>fato</strong></span> <span class='ocrx_word' id='word_1_203' title='bbox 1187 2658 1380 2720; x_wconf 91' lang='lat' dir='ltr'><strong>locuti</strong></span> <span class='ocrx_word' id='word_1_204' title='bbox 1419 2664 1568 2720; x_wconf 88' lang='lat' dir='ltr'><strong>sunt</strong></span> <span class='ocrx_word' id='word_1_205' title='bbox 1615 2657 1782 2720; x_wconf 88' lang='lat' dir='ltr'><strong>sicut</strong></span> 
     </span>
     <span class='ocr_line' id='line_1_37' title="bbox 300 2755 1782 2820; baseline 0.001 -2"><span class='ocrx_word' id='word_1_206' title='bbox 300 2775 452 2818; x_wconf 88' lang='lat' dir='ltr'><strong>nunc</strong></span> <span class='ocrx_word' id='word_1_207' title='bbox 489 2755 730 2818; x_wconf 76' lang='lat' dir='ltr'><strong>diffuse</strong></span> <span class='ocrx_word' id='word_1_208' title='bbox 778 2763 1114 2818; x_wconf 87' lang='lat' dir='ltr'><strong>tractatum</strong></span> <span class='ocrx_word' id='word_1_209' title='bbox 1155 2764 1274 2818; x_wconf 91' lang='lat' dir='ltr'><strong>est.</strong></span> <span class='ocrx_word' id='word_1_210' title='bbox 1319 2757 1392 2818; x_wconf 89' lang='lat' dir='ltr'><strong>Et</strong></span> <span class='ocrx_word' id='word_1_211' title='bbox 1433 2757 1551 2819; x_wconf 92' lang='lat' dir='ltr'><strong>hoc</strong></span> <span class='ocrx_word' id='word_1_212' title='bbox 1594 2757 1782 2820; x_wconf 90' lang='lat' dir='ltr'><strong>modo</strong></span> 
     </span>
     <span class='ocr_line' id='line_1_38' title="bbox 295 2853 1348 2917; baseline 0.001 -1"><span class='ocrx_word' id='word_1_213' title='bbox 295 2855 530 2917; x_wconf 89' lang='lat' dir='ltr'><strong>Boetius</strong></span> <span class='ocrx_word' id='word_1_214' title='bbox 573 2855 839 2917; x_wconf 91' lang='lat' dir='ltr'><strong>nomine</strong></span> <span class='ocrx_word' id='word_1_215' title='bbox 881 2853 992 2917; x_wconf 89' lang='lat' dir='ltr'><strong>fati</strong></span> <span class='ocrx_word' id='word_1_216' title='bbox 1039 2873 1192 2916; x_wconf 87' lang='lat' dir='ltr'><strong>usus</strong></span> <span class='ocrx_word' id='word_1_217' title='bbox 1234 2863 1348 2917; x_wconf 89' lang='lat' dir='ltr'><strong>est.</strong></span> 
     </span>
    </p>

    <p class='ocr_par' dir='ltr' id='par_1_12' title="bbox 368 2951 1784 3035">
     <span class='ocr_line' id='line_1_39' title="bbox 368 2951 1784 3035; baseline 0.001 -20"><span class='ocrx_word' id='word_1_218' title='bbox 368 2953 698 3034; x_wconf 78' lang='lat' dir='ltr'><strong>Gregorius</strong></span> <span class='ocrx_word' id='word_1_219' title='bbox 757 2953 952 3034; x_wconf 90' lang='lat' dir='ltr'><strong>igitur</strong></span> <span class='ocrx_word' id='word_1_220' title='bbox 1007 2951 1210 3014; x_wconf 84' lang='lat' dir='ltr'><strong>fatum</strong></span> <span class='ocrx_word' id='word_1_221' title='bbox 1261 2953 1516 3034; x_wconf 87' lang='lat' dir='ltr'><strong>penitus</strong></span> <span class='ocrx_word' id='word_1_222' title='bbox 1574 2953 1784 3035; x_wconf 89' lang='lat' dir='ltr'><strong>prohi-</strong></span> 
     </span>
    </p>
   </div>
   <div class='ocr_carea' id='block_1_11' title="bbox 1889 1967 3395 3037">
    <p class='ocr_par' dir='ltr' id='par_1_13' title="bbox 1889 1967 3395 3037">
     <span class='ocr_line' id='line_1_40' title="bbox 1893 1967 3387 2054; baseline 0.005 -26"><span class='ocrx_word' id='word_1_223' title='bbox 1893 1967 2058 2029; x_wconf 90' lang='lat' dir='ltr'><strong>Deus</strong></span> <span class='ocrx_word' id='word_1_224' title='bbox 2107 1986 2299 2029; x_wconf 86' lang='lat' dir='ltr'><strong>causa</strong></span> <span class='ocrx_word' id='word_1_225' title='bbox 2349 1967 2413 2029; x_wconf 92' lang='lat' dir='ltr'><strong>in</strong></span> <span class='ocrx_word' id='word_1_226' title='bbox 2464 1967 2739 2032; x_wconf 84' lang='lat' dir='ltr'><strong>triformi</strong></span> <span class='ocrx_word' id='word_1_227' title='bbox 2792 1972 3091 2033; x_wconf 89' lang='lat' dir='ltr'><strong>causandi</strong></span> <span class='ocrx_word' id='word_1_228' title='bbox 3132 1991 3387 2054; x_wconf 81' lang='lat' dir='ltr'><strong>genere,</strong></span> 
     </span>
     <span class='ocr_line' id='line_1_41' title="bbox 1891 2064 3390 2155; baseline 0.005 -29"><span class='ocrx_word' id='word_1_229' title='bbox 1891 2064 2247 2127; x_wconf 89' lang='lat' dir='ltr'><strong>secundum</strong></span> <span class='ocrx_word' id='word_1_230' title='bbox 2312 2065 2635 2147; x_wconf 86' lang='lat' dir='ltr'><strong>triplicem</strong></span> <span class='ocrx_word' id='word_1_231' title='bbox 2696 2069 3146 2150; x_wconf 80' lang='lat' dir='ltr'><strong>proprietatem</strong></span> <span class='ocrx_word' id='word_1_232' title='bbox 3198 2090 3390 2155; x_wconf 87' lang='lat' dir='ltr'><strong>quam</strong></span> 
     </span>
     <span class='ocr_line' id='line_1_42' title="bbox 1893 2163 3395 2250; baseline 0.006 -27"><span class='ocrx_word' id='word_1_233' title='bbox 1893 2163 1982 2224; x_wconf 88' lang='lat' dir='ltr'><strong>rei</strong></span> <span class='ocrx_word' id='word_1_234' title='bbox 2028 2171 2253 2226; x_wconf 80' lang='lat' dir='ltr'><strong>creatae</strong></span> <span class='ocrx_word' id='word_1_235' title='bbox 2298 2163 2563 2244; x_wconf 87' lang='lat' dir='ltr'><strong>largitur</strong></span> <span class='ocrx_word' id='word_1_236' title='bbox 2617 2182 2631 2226; x_wconf 90' lang='lat'><strong>:</strong></span> <span class='ocrx_word' id='word_1_237' title='bbox 2686 2165 2793 2227; x_wconf 91' lang='lat' dir='ltr'><strong>dat</strong></span> <span class='ocrx_word' id='word_1_238' title='bbox 2836 2168 3076 2250; x_wconf 90' lang='lat' dir='ltr'><strong>quippe</strong></span> <span class='ocrx_word' id='word_1_239' title='bbox 3130 2188 3269 2232; x_wconf 88' lang='lat' dir='ltr'><strong>esse</strong></span> <span class='ocrx_word' id='word_1_240' title='bbox 3322 2177 3395 2232; x_wconf 90' lang='lat' dir='ltr'><strong>ut</strong></span> 
     </span>
     <span class='ocr_line' id='line_1_43' title="bbox 1891 2259 3394 2348; baseline 0.006 -27"><span class='ocrx_word' id='word_1_241' title='bbox 1891 2259 2209 2335; x_wconf 81' lang='lat' dir='ltr'><strong>efficienS,</strong></span> <span class='ocrx_word' id='word_1_242' title='bbox 2244 2262 2528 2344; x_wconf 89' lang='lat' dir='ltr'><strong>speciem</strong></span> <span class='ocrx_word' id='word_1_243' title='bbox 2568 2269 2640 2324; x_wconf 90' lang='lat' dir='ltr'><strong>ut</strong></span> <span class='ocrx_word' id='word_1_244' title='bbox 2678 2265 3045 2345; x_wconf 83' lang='lat' dir='ltr'><strong>exemplare</strong></span> <span class='ocrx_word' id='word_1_245' title='bbox 3082 2285 3297 2348; x_wconf 74' lang='lat' dir='ltr'><strong>agene,</strong></span> <span class='ocrx_word' id='word_1_246' title='bbox 3331 2274 3394 2330; x_wconf 92' lang='lat' dir='ltr'><strong>et</strong></span> 
     </span>
     <span class='ocr_line' id='line_1_44' title="bbox 1893 2358 3395 2442; baseline 0.005 -22"><span class='ocrx_word' id='word_1_247' title='bbox 1893 2358 2245 2422; x_wconf 88' lang='lat' dir='ltr'><strong>naturalem</strong></span> <span class='ocrx_word' id='word_1_248' title='bbox 2304 2359 2659 2442; x_wconf 85' lang='lat' dir='ltr'><strong>appetitum</strong></span> <span class='ocrx_word' id='word_1_249' title='bbox 2724 2361 2934 2424; x_wconf 92' lang='lat' dir='ltr'><strong>ultimi</strong></span> <span class='ocrx_word' id='word_1_250' title='bbox 2988 2362 3139 2426; x_wconf 89' lang='lat' dir='ltr'><strong>finis</strong></span> <span class='ocrx_word' id='word_1_251' title='bbox 3198 2372 3268 2427; x_wconf 88' lang='lat' dir='ltr'><strong>ut</strong></span> <span class='ocrx_word' id='word_1_252' title='bbox 3315 2366 3395 2428; x_wconf 90' lang='lat' dir='ltr'><strong>fi-</strong></span> 
     </span>
     <span class='ocr_line' id='line_1_45' title="bbox 1892 2457 3393 2544; baseline 0.005 -26"><span class='ocrx_word' id='word_1_253' title='bbox 1892 2457 2054 2519; x_wconf 87' lang='lat' dir='ltr'><strong>ualis</strong></span> <span class='ocrx_word' id='word_1_254' title='bbox 2122 2476 2329 2520; x_wconf 89' lang='lat' dir='ltr'><strong>causa.</strong></span> <span class='ocrx_word' id='word_1_255' title='bbox 2395 2458 2705 2531; x_wconf 87' lang='lat' dir='ltr'><strong>Quoniam</strong></span> <span class='ocrx_word' id='word_1_256' title='bbox 2772 2477 2923 2542; x_wconf 88' lang='lat' dir='ltr'><strong>ergo</strong></span> <span class='ocrx_word' id='word_1_257' title='bbox 2990 2463 3393 2544; x_wconf 89' lang='lat' dir='ltr'><strong>providentia</strong></span> 
     </span>
     <span class='ocr_line' id='line_1_46' title="bbox 1893 2556 3393 2638; baseline 0.007 -22"><span class='ocrx_word' id='word_1_258' title='bbox 1893 2556 2201 2638; x_wconf 91' lang='lat' dir='ltr'><strong>competit</strong></span> <span class='ocrx_word' id='word_1_259' title='bbox 2242 2556 2369 2619; x_wconf 90' lang='lat' dir='ltr'><strong>Deo</strong></span> <span class='ocrx_word' id='word_1_260' title='bbox 2416 2557 2583 2619; x_wconf 90' lang='lat' dir='ltr'><strong>sicut</strong></span> <span class='ocrx_word' id='word_1_261' title='bbox 2624 2559 2913 2620; x_wconf 89' lang='lat' dir='ltr'><strong>omnium</strong></span> <span class='ocrx_word' id='word_1_262' title='bbox 2964 2558 3140 2622; x_wconf 89' lang='lat' dir='ltr'><strong>finali</strong></span> <span class='ocrx_word' id='word_1_263' title='bbox 3188 2580 3393 2627; x_wconf 79' lang='lat' dir='ltr'><strong>causae</strong></span> 
     </span>
     <span class='ocr_line' id='line_1_47' title="bbox 1889 2653 3392 2730; baseline 0.006 -15"><span class='ocrx_word' id='word_1_264' title='bbox 1889 2673 1964 2716; x_wconf 90' lang='lat' dir='ltr'><strong>ac</strong></span> <span class='ocrx_word' id='word_1_265' title='bbox 2023 2653 2253 2716; x_wconf 92' lang='lat' dir='ltr'><strong>ultimo</strong></span> <span class='ocrx_word' id='word_1_266' title='bbox 2308 2654 2455 2730; x_wconf 82' lang='lat' dir='ltr'><strong>fini,</strong></span> <span class='ocrx_word' id='word_1_267' title='bbox 2506 2663 2603 2718; x_wconf 88' lang='lat' dir='ltr'><strong>est</strong></span> <span class='ocrx_word' id='word_1_268' title='bbox 2656 2664 2873 2720; x_wconf 89' lang='lat' dir='ltr'><strong>autem</strong></span> <span class='ocrx_word' id='word_1_269' title='bbox 2928 2658 3143 2721; x_wconf 88' lang='lat' dir='ltr'><strong>finalis</strong></span> <span class='ocrx_word' id='word_1_270' title='bbox 3202 2679 3392 2724; x_wconf 88' lang='lat' dir='ltr'><strong>causa</strong></span> 
     </span>
     <span class='ocr_line' id='line_1_48' title="bbox 1892 2752 3391 2836; baseline 0.005 -20"><span class='ocrx_word' id='word_1_271' title='bbox 1892 2752 2247 2816; x_wconf 90' lang='lat' dir='ltr'><strong>secundum</strong></span> <span class='ocrx_word' id='word_1_272' title='bbox 2285 2754 2461 2836; x_wconf 87' lang='lat' dir='ltr'><strong>quod</strong></span> <span class='ocrx_word' id='word_1_273' title='bbox 2500 2755 2753 2835; x_wconf 90' lang='lat' dir='ltr'><strong>singula</strong></span> <span class='ocrx_word' id='word_1_274' title='bbox 2789 2754 2871 2818; x_wconf 91' lang='lat' dir='ltr'><strong>ab</strong></span> <span class='ocrx_word' id='word_1_275' title='bbox 2910 2758 3171 2821; x_wconf 85' lang='lat' dir='ltr'><strong>exordio</strong></span> <span class='ocrx_word' id='word_1_276' title='bbox 3214 2759 3279 2822; x_wconf 91' lang='lat' dir='ltr'><strong>in</strong></span> <span class='ocrx_word' id='word_1_277' title='bbox 3323 2779 3391 2822; x_wconf 91' lang='lat' dir='ltr'><strong>se</strong></span> 
     </span>
     <span class='ocr_line' id='line_1_49' title="bbox 1891 2851 3395 2936; baseline 0.005 -22"><span class='ocrx_word' id='word_1_278' title='bbox 1891 2851 2209 2914; x_wconf 89' lang='lat' dir='ltr'><strong>ordinavit</strong></span> <span class='ocrx_word' id='word_1_279' title='bbox 2266 2859 2329 2914; x_wconf 89' lang='lat' dir='ltr'><strong>et</strong></span> <span class='ocrx_word' id='word_1_280' title='bbox 2384 2853 2637 2915; x_wconf 87' lang='lat' dir='ltr'><strong>reduxit</strong></span> <span class='ocrx_word' id='word_1_281' title='bbox 2688 2871 2703 2916; x_wconf 91' lang='lat'>:</span> <span class='ocrx_word' id='word_1_282' title='bbox 2755 2873 2897 2936; x_wconf 85' lang='lat' dir='ltr'><strong>quae</strong></span> <span class='ocrx_word' id='word_1_283' title='bbox 2952 2857 3239 2920; x_wconf 90' lang='lat' dir='ltr'><strong>reductio</strong></span> <span class='ocrx_word' id='word_1_284' title='bbox 3296 2866 3395 2921; x_wconf 90' lang='lat' dir='ltr'><strong>est</strong></span> 
     </span>
     <span class='ocr_line' id='line_1_50' title="bbox 1891 2950 3395 3037; baseline 0.005 -25"><span class='ocrx_word' id='word_1_285' title='bbox 1891 2950 2159 3013; x_wconf 90' lang='lat' dir='ltr'><strong>directio</strong></span> <span class='ocrx_word' id='word_1_286' title='bbox 2189 2968 2315 3033; x_wconf 90' lang='lat' dir='ltr'><strong>qua</strong></span> <span class='ocrx_word' id='word_1_287' title='bbox 2352 2959 2581 3014; x_wconf 91' lang='lat' dir='ltr'><strong>cuncta</strong></span> <span class='ocrx_word' id='word_1_288' title='bbox 2621 2952 2686 3013; x_wconf 92' lang='lat' dir='ltr'><strong>in</strong></span> <span class='ocrx_word' id='word_1_289' title='bbox 2729 2954 3021 3037; x_wconf 88' lang='lat' dir='ltr'><strong>proprios</strong></span> <span class='ocrx_word' id='word_1_290' title='bbox 3060 2954 3226 3018; x_wconf 87' lang='lat' dir='ltr'><strong>fines</strong></span> <span class='ocrx_word' id='word_1_291' title='bbox 3266 2975 3395 3019; x_wconf 91' lang='lat' dir='ltr'><strong>me·</strong></span> 
     </span>
    </p>
   </div>
   <div class='ocr_carea' id='block_1_12' title="bbox 299 3048 3393 3134">
    <p class='ocr_par' dir='ltr' id='par_1_14' title="bbox 299 3048 3393 3134">
     <span class='ocr_line' id='line_1_51' title="bbox 299 3048 3393 3134; baseline 0.002 -23"><span class='ocrx_word' id='word_1_292' title='bbox 299 3051 462 3124; x_wconf 88' lang='lat' dir='ltr'><strong>bens,</strong></span> <span class='ocrx_word' id='word_1_293' title='bbox 512 3051 590 3114; x_wconf 89' lang='lat' dir='ltr'><strong>de</strong></span> <span class='ocrx_word' id='word_1_294' title='bbox 641 3050 774 3113; x_wconf 87' lang='lat' dir='ltr'><strong>fato</strong></span> <span class='ocrx_word' id='word_1_295' title='bbox 822 3051 1104 3113; x_wconf 88' lang='lat' dir='ltr'><strong>secundo</strong></span> <span class='ocrx_word' id='word_1_296' title='bbox 1153 3051 1343 3114; x_wconf 91' lang='lat' dir='ltr'><strong>modo</strong></span> <span class='ocrx_word' id='word_1_297' title='bbox 1391 3060 1648 3134; x_wconf 89' lang='lat' dir='ltr'><strong>sumpto</strong></span> <span class='ocrx_word' id='word_1_298' title='bbox 1697 3051 1782 3114; x_wconf 87' lang='lat' dir='ltr'><strong>lo·</strong></span> <span class='ocrx_word' id='word_1_299' title='bbox 1813 3048 1855 3111; x_wconf 90' lang='lat' dir='ltr'>C</span> <span class='ocrx_word' id='word_1_300' title='bbox 1893 3049 2203 3122; x_wconf 88' lang='lat' dir='ltr'><strong>arefacit,</strong></span> <span class='ocrx_word' id='word_1_301' title='bbox 2236 3049 2403 3112; x_wconf 89' lang='lat' dir='ltr'><strong>etad</strong></span> <span class='ocrx_word' id='word_1_302' title='bbox 2444 3050 2543 3112; x_wconf 90' lang='lat' dir='ltr'><strong>sui</strong></span> <span class='ocrx_word' id='word_1_303' title='bbox 2586 3051 3049 3116; x_wconf 89' lang='lat' dir='ltr'><strong>beatitudinem</strong></span> <span class='ocrx_word' id='word_1_304' title='bbox 3093 3054 3393 3118; x_wconf 88' lang='lat' dir='ltr'><strong>festinare</strong></span> 
     </span>
    </p>
   </div>
   <div class='ocr_carea' id='block_1_13' title="bbox 297 3149 1786 4215">
    <p class='ocr_par' dir='ltr' id='par_1_15' title="bbox 297 3149 1786 4215">
     <span class='ocr_line' id='line_1_52' title="bbox 299 3149 1777 3224; baseline 0.001 -14"><span class='ocrx_word' id='word_1_305' title='bbox 299 3158 464 3210; x_wconf 85' lang='lat' dir='ltr'><strong>cutus</strong></span> <span class='ocrx_word' id='word_1_306' title='bbox 495 3157 591 3212; x_wconf 88' lang='lat' dir='ltr'><strong>est</strong></span> <span class='ocrx_word' id='word_1_307' title='bbox 625 3168 641 3211; x_wconf 92' lang='lat'><strong>:</strong></span> <span class='ocrx_word' id='word_1_308' title='bbox 675 3149 796 3211; x_wconf 93' lang='lat' dir='ltr'><strong>hoc</strong></span> <span class='ocrx_word' id='word_1_309' title='bbox 826 3149 1000 3212; x_wconf 91' lang='lat' dir='ltr'><strong>enim</strong></span> <span class='ocrx_word' id='word_1_310' title='bbox 1043 3149 1448 3212; x_wconf 87' lang='lat' dir='ltr'><strong>statuendum</strong></span> <span class='ocrx_word' id='word_1_311' title='bbox 1491 3167 1618 3212; x_wconf 93' lang='lat' dir='ltr'><strong>non</strong></span> <span class='ocrx_word' id='word_1_312' title='bbox 1657 3157 1777 3224; x_wconf 90' lang='lat' dir='ltr'><strong>est,</strong></span> 
     </span>
     <span class='ocr_line' id='line_1_53' title="bbox 297 3247 1780 3331; baseline 0.001 -23"><span class='ocrx_word' id='word_1_313' title='bbox 297 3256 360 3308; x_wconf 91' lang='lat' dir='ltr'><strong>ut</strong></span> <span class='ocrx_word' id='word_1_314' title='bbox 411 3247 726 3329; x_wconf 89' lang='lat' dir='ltr'><strong>posterius</strong></span> <span class='ocrx_word' id='word_1_315' title='bbox 784 3247 1054 3309; x_wconf 85' lang='lat' dir='ltr'><strong>dicetur.</strong></span> <span class='ocrx_word' id='word_1_316' title='bbox 1119 3247 1293 3322; x_wconf 86' lang='lat' dir='ltr'><strong>Quod</strong></span> <span class='ocrx_word' id='word_1_317' title='bbox 1351 3247 1630 3331; x_wconf 88' lang='lat' dir='ltr'><strong>denique</strong></span> <span class='ocrx_word' id='word_1_318' title='bbox 1689 3249 1780 3310; x_wconf 89' lang='lat' dir='ltr'><strong>sic</strong></span> 
     </span>
     <span class='ocr_line' id='line_1_54' title="bbox 299 3345 1783 3430; baseline 0.002 -23"><span class='ocrx_word' id='word_1_319' title='bbox 299 3355 608 3429; x_wconf 88' lang='lat' dir='ltr'><strong>sumptum</strong></span> <span class='ocrx_word' id='word_1_320' title='bbox 659 3345 862 3408; x_wconf 89' lang='lat' dir='ltr'><strong>fatum</strong></span> <span class='ocrx_word' id='word_1_321' title='bbox 908 3355 1117 3426; x_wconf 85' lang='lat' dir='ltr'><strong>neget,</strong></span> <span class='ocrx_word' id='word_1_322' title='bbox 1164 3365 1242 3408; x_wconf 84' lang='lat' dir='ltr'><strong>ex</strong></span> <span class='ocrx_word' id='word_1_323' title='bbox 1291 3346 1390 3408; x_wconf 91' lang='lat' dir='ltr'><strong>his</strong></span> <span class='ocrx_word' id='word_1_324' title='bbox 1440 3365 1582 3428; x_wconf 82' lang='lat' dir='ltr'><strong>quae</strong></span> <span class='ocrx_word' id='word_1_325' title='bbox 1629 3366 1783 3430; x_wconf 82' lang='lat' dir='ltr'><strong>prae-</strong></span> 
     </span>
     <span class='ocr_line' id='line_1_55' title="bbox 297 3442 1775 3526; baseline 0.002 -21"><span class='ocrx_word' id='word_1_326' title='bbox 297 3445 560 3526; x_wconf 88' lang='lat' dir='ltr'><strong>allegatis</strong></span> <span class='ocrx_word' id='word_1_327' title='bbox 605 3445 814 3526; x_wconf 90' lang='lat' dir='ltr'><strong>ipsius</strong></span> <span class='ocrx_word' id='word_1_328' title='bbox 857 3442 1072 3506; x_wconf 86' lang='lat' dir='ltr'><strong>verbis</strong></span> <span class='ocrx_word' id='word_1_329' title='bbox 1118 3444 1384 3518; x_wconf 86' lang='lat' dir='ltr'><strong>addidit,</strong></span> <span class='ocrx_word' id='word_1_330' title='bbox 1417 3445 1775 3508; x_wconf 89' lang='lat' dir='ltr'><strong>innotescit.</strong></span> 
     </span>
     <span class='ocr_line' id='line_1_56' title="bbox 297 3541 1782 3624; baseline 0.001 -20"><span class='ocrx_word' id='word_1_331' title='bbox 297 3543 503 3605; x_wconf 75' lang='lat' dir='ltr'><strong>Probat</strong></span> <span class='ocrx_word' id='word_1_332' title='bbox 532 3560 814 3624; x_wconf 89' lang='lat' dir='ltr'><strong>namque</strong></span> <span class='ocrx_word' id='word_1_333' title='bbox 844 3541 1180 3605; x_wconf 89' lang='lat' dir='ltr'><strong>hominum</strong></span> <span class='ocrx_word' id='word_1_334' title='bbox 1213 3548 1446 3605; x_wconf 90' lang='lat' dir='ltr'><strong>statum</strong></span> <span class='ocrx_word' id='word_1_335' title='bbox 1481 3561 1606 3606; x_wconf 91' lang='lat' dir='ltr'><strong>non</strong></span> <span class='ocrx_word' id='word_1_336' title='bbox 1639 3543 1782 3606; x_wconf 89' lang='lat' dir='ltr'><strong>sub-</strong></span> 
     </span>
     <span class='ocr_line' id='line_1_57' title="bbox 297 3639 1775 3724; baseline 0.002 -23"><span class='ocrx_word' id='word_1_337' title='bbox 297 3642 352 3702; x_wconf 88' lang='lat' dir='ltr'><strong>di</strong></span> <span class='ocrx_word' id='word_1_338' title='bbox 381 3641 522 3713; x_wconf 87' lang='lat' dir='ltr'><strong>fato,</strong></span> <span class='ocrx_word' id='word_1_339' title='bbox 557 3641 624 3702; x_wconf 90' lang='lat' dir='ltr'><strong>id</strong></span> <span class='ocrx_word' id='word_1_340' title='bbox 671 3647 770 3702; x_wconf 90' lang='lat' dir='ltr'><strong>est</strong></span> <span class='ocrx_word' id='word_1_341' title='bbox 800 3639 976 3703; x_wconf 89' lang='lat' dir='ltr'><strong>fatali</strong></span> <span class='ocrx_word' id='word_1_342' title='bbox 1021 3639 1404 3703; x_wconf 86' lang='lat' dir='ltr'><strong>necessitati.</strong></span> <span class='ocrx_word' id='word_1_343' title='bbox 1440 3640 1775 3724; x_wconf 80' lang='lat' dir='ltr'><strong>DeincepS‚</strong></span> 
     </span>
     <span class='ocr_line' id='line_1_58' title="bbox 299 3739 1782 3822; baseline 0.002 -22"><span class='ocrx_word' id='word_1_344' title='bbox 299 3757 508 3820; x_wconf 86' lang='lat' dir='ltr'><strong>negare</strong></span> <span class='ocrx_word' id='word_1_345' title='bbox 555 3739 765 3802; x_wconf 86' lang='lat' dir='ltr'><strong>fatum</strong></span> <span class='ocrx_word' id='word_1_346' title='bbox 812 3739 892 3801; x_wconf 91' lang='lat' dir='ltr'><strong>ad</strong></span> <span class='ocrx_word' id='word_1_347' title='bbox 943 3747 1222 3801; x_wconf 90' lang='lat' dir='ltr'><strong>mentem</strong></span> <span class='ocrx_word' id='word_1_348' title='bbox 1267 3739 1466 3802; x_wconf 87' lang='lat' dir='ltr'><strong>Boetii</strong></span> <span class='ocrx_word' id='word_1_349' title='bbox 1519 3747 1584 3802; x_wconf 91' lang='lat' dir='ltr'><strong>et</strong></span> <span class='ocrx_word' id='word_1_350' title='bbox 1626 3759 1782 3822; x_wconf 83' lang='lat' dir='ltr'><strong>prae-</strong></span> 
     </span>
     <span class='ocr_line' id='line_1_59' title="bbox 299 3837 1782 3920; baseline 0.002 -22"><span class='ocrx_word' id='word_1_351' title='bbox 299 3838 670 3912; x_wconf 87' lang='lat' dir='ltr'><strong>habitorum,</strong></span> <span class='ocrx_word' id='word_1_352' title='bbox 713 3846 812 3900; x_wconf 88' lang='lat' dir='ltr'><strong>est</strong></span> <span class='ocrx_word' id='word_1_353' title='bbox 851 3855 1081 3919; x_wconf 86' lang='lat' dir='ltr'><strong>negare</strong></span> <span class='ocrx_word' id='word_1_354' title='bbox 1120 3837 1402 3900; x_wconf 89' lang='lat' dir='ltr'><strong>divinam</strong></span> <span class='ocrx_word' id='word_1_355' title='bbox 1445 3839 1782 3920; x_wconf 88' lang='lat' dir='ltr'><strong>providen-</strong></span> 
     </span>
     <span class='ocr_line' id='line_1_60' title="bbox 299 3935 1784 4018; baseline 0.003 -21"><span class='ocrx_word' id='word_1_356' title='bbox 299 3936 434 3998; x_wconf 86' lang='lat' dir='ltr'><strong>tiam</strong></span> <span class='ocrx_word' id='word_1_357' title='bbox 467 3956 482 4000; x_wconf 92' lang='lat'>:</span> <span class='ocrx_word' id='word_1_358' title='bbox 515 3945 580 4000; x_wconf 88' lang='lat' dir='ltr'><strong>et</strong></span> <span class='ocrx_word' id='word_1_359' title='bbox 607 3935 694 4000; x_wconf 91' lang='lat' dir='ltr'><strong>ob</strong></span> <span class='ocrx_word' id='word_1_360' title='bbox 741 3937 804 3998; x_wconf 91' lang='lat' dir='ltr'><strong>id</strong></span> <span class='ocrx_word' id='word_1_361' title='bbox 847 3936 938 3998; x_wconf 92' lang='lat' dir='ltr'><strong>nil</strong></span> <span class='ocrx_word' id='word_1_362' title='bbox 981 3935 1280 4018; x_wconf 89' lang='lat' dir='ltr'><strong>prohibet</strong></span> <span class='ocrx_word' id='word_1_363' title='bbox 1316 3936 1408 3998; x_wconf 91' lang='lat' dir='ltr'><strong>sic</strong></span> <span class='ocrx_word' id='word_1_364' title='bbox 1448 3936 1618 3999; x_wconf 91' lang='lat' dir='ltr'><strong>dicto</strong></span> <span class='ocrx_word' id='word_1_365' title='bbox 1655 3937 1784 4002; x_wconf 87' lang='lat' dir='ltr'><strong>fato</strong></span> 
     </span>
     <span class='ocr_line' id='line_1_61' title="bbox 298 4033 1786 4116; baseline 0.003 -22"><span class='ocrx_word' id='word_1_366' title='bbox 298 4036 396 4095; x_wconf 92' lang='lat' dir='ltr'><strong>uti.</strong></span> <span class='ocrx_word' id='word_1_367' title='bbox 427 4036 602 4108; x_wconf 88' lang='lat' dir='ltr'><strong>Quod</strong></span> <span class='ocrx_word' id='word_1_368' title='bbox 647 4051 802 4098; x_wconf 89' lang='lat' dir='ltr'><strong>vero</strong></span> <span class='ocrx_word' id='word_1_369' title='bbox 841 4033 1232 4116; x_wconf 82' lang='lat' dir='ltr'><strong>Augustinus</strong></span> <span class='ocrx_word' id='word_1_370' title='bbox 1275 4035 1386 4108; x_wconf 86' lang='lat' dir='ltr'><strong>ait,</strong></span> <span class='ocrx_word' id='word_1_371' title='bbox 1421 4053 1644 4098; x_wconf 86' lang='lat' dir='ltr'><strong>verum</strong></span> <span class='ocrx_word' id='word_1_372' title='bbox 1688 4045 1786 4099; x_wconf 89' lang='lat' dir='ltr'><strong>est</strong></span> 
     </span>
     <span class='ocr_line' id='line_1_62' title="bbox 297 4132 1785 4215; baseline 0.001 -21"><span class='ocrx_word' id='word_1_373' title='bbox 297 4133 364 4194; x_wconf 86' lang='lat' dir='ltr'><strong>ad</strong></span> <span class='ocrx_word' id='word_1_374' title='bbox 404 4141 682 4196; x_wconf 87' lang='lat' dir='ltr'><strong>mentem</strong></span> <span class='ocrx_word' id='word_1_375' title='bbox 725 4132 868 4214; x_wconf 89' lang='lat' dir='ltr'><strong>ejus</strong></span> <span class='ocrx_word' id='word_1_376' title='bbox 903 4149 916 4194; x_wconf 94' lang='lat'><strong>:</strong></span> <span class='ocrx_word' id='word_1_377' title='bbox 951 4140 1212 4215; x_wconf 89' lang='lat' dir='ltr'><strong>propter</strong></span> <span class='ocrx_word' id='word_1_378' title='bbox 1249 4133 1580 4195; x_wconf 87' lang='lat' dir='ltr'><strong>cautelam·</strong></span> <span class='ocrx_word' id='word_1_379' title='bbox 1607 4153 1785 4196; x_wconf 90' lang='lat' dir='ltr'><strong>nam-</strong></span> 
     </span>
    </p>
   </div>
   <div class='ocr_carea' id='block_1_14' title="bbox 1890 3147 3396 4217">
    <p class='ocr_par' dir='ltr' id='par_1_16' title="bbox 1890 3147 3396 4217">
     <span class='ocr_line' id='line_1_63' title="bbox 1903 3147 3396 3232; baseline 0.005 -24"><span class='ocrx_word' id='word_1_380' title='bbox 1903 3147 2173 3209; x_wconf 87' lang='lat' dir='ltr'><strong>naturali</strong></span> <span class='ocrx_word' id='word_1_381' title='bbox 2232 3147 2589 3228; x_wconf 83' lang='lat' dir='ltr'><strong>desideri03</strong></span> <span class='ocrx_word' id='word_1_382' title='bbox 2648 3168 2791 3232; x_wconf 80' lang='lat' dir='ltr'><strong>quae</strong></span> <span class='ocrx_word' id='word_1_383' title='bbox 2850 3169 3071 3214; x_wconf 86' lang='lat' dir='ltr'><strong>rursus</strong></span> <span class='ocrx_word' id='word_1_384' title='bbox 3128 3152 3396 3217; x_wconf 90' lang='lat' dir='ltr'><strong>directio</strong></span> 
     </span>
     <span class='ocr_line' id='line_1_64' title="bbox 1890 3244 3395 3332; baseline 0.006 -26"><span class='ocrx_word' id='word_1_385' title='bbox 1890 3244 2064 3306; x_wconf 89' lang='lat' dir='ltr'><strong>aliud</strong></span> <span class='ocrx_word' id='word_1_386' title='bbox 2105 3263 2231 3308; x_wconf 90' lang='lat' dir='ltr'><strong>non</strong></span> <span class='ocrx_word' id='word_1_387' title='bbox 2272 3254 2368 3308; x_wconf 91' lang='lat' dir='ltr'><strong>est</strong></span> <span class='ocrx_word' id='word_1_388' title='bbox 2409 3265 2599 3330; x_wconf 89' lang='lat' dir='ltr'><strong>quam</strong></span> <span class='ocrx_word' id='word_1_389' title='bbox 2639 3248 3016 3329; x_wconf 82' lang='lat' dir='ltr'><strong>gubernatio</strong></span> <span class='ocrx_word' id='word_1_390' title='bbox 3060 3270 3187 3332; x_wconf 91' lang='lat' dir='ltr'><strong>qua</strong></span> <span class='ocrx_word' id='word_1_391' title='bbox 3231 3252 3395 3315; x_wconf 87' lang='lat' dir='ltr'><strong>Deus</strong></span> 
     </span>
     <span class='ocr_line' id='line_1_65' title="bbox 1893 3343 3395 3431; baseline 0.007 -27"><span class='ocrx_word' id='word_1_392' title='bbox 1893 3343 2191 3406; x_wconf 86' lang='lat' dir='ltr'><strong>universa</strong></span> <span class='ocrx_word' id='word_1_393' title='bbox 2216 3345 2531 3426; x_wconf 88' lang='lat' dir='ltr'><strong>gubernat</strong></span> <span class='ocrx_word' id='word_1_394' title='bbox 2566 3363 2579 3407; x_wconf 77' lang='grc' dir='ltr'>ε</span> <span class='ocrx_word' id='word_1_395' title='bbox 2616 3355 2951 3429; x_wconf 87' lang='lat' dir='ltr'><strong>propterea</strong></span> <span class='ocrx_word' id='word_1_396' title='bbox 2996 3350 3395 3431; x_wconf 87' lang='lat' dir='ltr'><strong>providentia</strong></span> 
     </span>
     <span class='ocr_line' id='line_1_66' title="bbox 1892 3441 3395 3532; baseline 0.007 -29"><span class='ocrx_word' id='word_1_397' title='bbox 1892 3441 2128 3504; x_wconf 87' lang='lat' dir='ltr'><strong>dicitur</strong></span> <span class='ocrx_word' id='word_1_398' title='bbox 2170 3443 2377 3525; x_wconf 89' lang='lat' dir='ltr'><strong>prime</strong></span> <span class='ocrx_word' id='word_1_399' title='bbox 2424 3452 2487 3506; x_wconf 92' lang='lat' dir='ltr'><strong>et</strong></span> <span class='ocrx_word' id='word_1_400' title='bbox 2530 3443 2769 3508; x_wconf 89' lang='lat' dir='ltr'><strong>directe</strong></span> <span class='ocrx_word' id='word_1_401' title='bbox 2815 3447 2878 3508; x_wconf 90' lang='lat' dir='ltr'><strong>in</strong></span> <span class='ocrx_word' id='word_1_402' title='bbox 2924 3447 3051 3510; x_wconf 89' lang='lat' dir='ltr'><strong>Deo</strong></span> <span class='ocrx_word' id='word_1_403' title='bbox 3098 3458 3395 3532; x_wconf 88' lang='lat' dir='ltr'><strong>respectu</strong></span> 
     </span>
     <span class='ocr_line' id='line_1_67' title="bbox 1890 3539 3395 3630; baseline 0.007 -29"><span class='ocrx_word' id='word_1_404' title='bbox 1890 3539 2471 3621; x_wconf 90' lang='lat' dir='ltr'><strong>gubernandorum.</strong></span> <span class='ocrx_word' id='word_1_405' title='bbox 2498 3543 2772 3626; x_wconf 87' lang='lat' dir='ltr'><strong>Ideoque</strong></span> <span class='ocrx_word' id='word_1_406' title='bbox 2814 3545 3053 3608; x_wconf 89' lang='lat' dir='ltr'><strong>dictum</strong></span> <span class='ocrx_word' id='word_1_407' title='bbox 3085 3556 3201 3620; x_wconf 88' lang='lat' dir='ltr'><strong>est,</strong></span> <span class='ocrx_word' id='word_1_408' title='bbox 3224 3549 3395 3630; x_wconf 92' lang='lat' dir='ltr'><strong>quod</strong></span> 
     </span>
     <span class='ocr_line' id='line_1_68' title="bbox 1895 3639 3395 3726; baseline 0.006 -26"><span class='ocrx_word' id='word_1_409' title='bbox 1895 3639 2295 3720; x_wconf 87' lang='lat' dir='ltr'><strong>providentia</strong></span> <span class='ocrx_word' id='word_1_410' title='bbox 2358 3641 2441 3702; x_wconf 92' lang='lat' dir='ltr'><strong>sit</strong></span> <span class='ocrx_word' id='word_1_411' title='bbox 2502 3643 2737 3704; x_wconf 91' lang='lat' dir='ltr'><strong>summi</strong></span> <span class='ocrx_word' id='word_1_412' title='bbox 2793 3643 3105 3726; x_wconf 87' lang='lat' dir='ltr'><strong>principis</strong></span> <span class='ocrx_word' id='word_1_413' title='bbox 3164 3647 3395 3709; x_wconf 90' lang='lat' dir='ltr'><strong>incom-</strong></span> 
     </span>
     <span class='ocr_line' id='line_1_69' title="bbox 1895 3737 3391 3826; baseline 0.005 -28"><span class='ocrx_word' id='word_1_414' title='bbox 1895 3737 2223 3800; x_wconf 91' lang='lat' dir='ltr'><strong>mutabilis</strong></span> <span class='ocrx_word' id='word_1_415' title='bbox 2282 3738 2443 3800; x_wconf 87' lang='lat' dir='ltr'><strong>ratio</strong></span> <span class='ocrx_word' id='word_1_416' title='bbox 2510 3757 2635 3822; x_wconf 91' lang='lat' dir='ltr'><strong>qua</strong></span> <span class='ocrx_word' id='word_1_417' title='bbox 2690 3741 2906 3803; x_wconf 91' lang='lat' dir='ltr'><strong>omnia</strong></span> <span class='ocrx_word' id='word_1_418' title='bbox 2968 3743 3268 3826; x_wconf 90' lang='lat' dir='ltr'><strong>disponit,</strong></span> <span class='ocrx_word' id='word_1_419' title='bbox 3330 3744 3391 3806; x_wconf 92' lang='lat' dir='ltr'><strong>id</strong></span> 
     </span>
     <span class='ocr_line' id='line_1_70' title="bbox 1893 3837 3389 3921; baseline 0.005 -24"><span class='ocrx_word' id='word_1_420' title='bbox 1893 3843 2010 3910; x_wconf 89' lang='lat' dir='ltr'><strong>est,</strong></span> <span class='ocrx_word' id='word_1_421' title='bbox 2043 3837 2295 3899; x_wconf 88' lang='lat' dir='ltr'><strong>ordinat</strong></span> <span class='ocrx_word' id='word_1_422' title='bbox 2324 3845 2385 3899; x_wconf 88' lang='lat' dir='ltr'><strong>et</strong></span> <span class='ocrx_word' id='word_1_423' title='bbox 2415 3837 2742 3918; x_wconf 86' lang='lat' dir='ltr'><strong>gubernat.</strong></span> <span class='ocrx_word' id='word_1_424' title='bbox 2778 3875 2857 3884; x_wconf 95' lang='lat'><strong>—</strong></span> <span class='ocrx_word' id='word_1_425' title='bbox 2886 3841 3123 3921; x_wconf 87' lang='lat' dir='ltr'><strong>Regere</strong></span> <span class='ocrx_word' id='word_1_426' title='bbox 3153 3849 3389 3916; x_wconf 90' lang='lat' dir='ltr'><strong>autem,</strong></span> 
     </span>
     <span class='ocr_line' id='line_1_71' title="bbox 1893 3935 3389 4020; baseline 0.005 -25"><span class='ocrx_word' id='word_1_427' title='bbox 1893 3951 2018 3996; x_wconf 92' lang='lat' dir='ltr'><strong>non</strong></span> <span class='ocrx_word' id='word_1_428' title='bbox 2053 3935 2177 3996; x_wconf 89' lang='lat' dir='ltr'><strong>nisi</strong></span> <span class='ocrx_word' id='word_1_429' title='bbox 2222 3953 2415 4018; x_wconf 88' lang='lat' dir='ltr'><strong>supra</strong></span> <span class='ocrx_word' id='word_1_430' title='bbox 2454 3935 2515 3997; x_wconf 91' lang='lat' dir='ltr'><strong>id</strong></span> <span class='ocrx_word' id='word_1_431' title='bbox 2556 3936 2725 4017; x_wconf 89' lang='lat' dir='ltr'><strong>quod</strong></span> <span class='ocrx_word' id='word_1_432' title='bbox 2766 3937 2898 4017; x_wconf 86' lang='lat' dir='ltr'><strong>jam</strong></span> <span class='ocrx_word' id='word_1_433' title='bbox 2945 3939 3389 4020; x_wconf 84' lang='lat' dir='ltr'><strong>praesubsistit,</strong></span> 
     </span>
     <span class='ocr_line' id='line_1_72' title="bbox 1895 4033 3391 4119; baseline 0.005 -26"><span class='ocrx_word' id='word_1_434' title='bbox 1895 4033 2153 4114; x_wconf 90' lang='lat' dir='ltr'><strong>proprie</strong></span> <span class='ocrx_word' id='word_1_435' title='bbox 2184 4033 2409 4094; x_wconf 90' lang='lat' dir='ltr'><strong>cadere</strong></span> <span class='ocrx_word' id='word_1_436' title='bbox 2442 4040 2666 4114; x_wconf 90' lang='lat' dir='ltr'><strong>potest.</strong></span> <span class='ocrx_word' id='word_1_437' title='bbox 2704 4034 2813 4096; x_wconf 86' lang='lat' dir='ltr'><strong>Est</strong></span> <span class='ocrx_word' id='word_1_438' title='bbox 2844 4055 3120 4118; x_wconf 89' lang='lat' dir='ltr'><strong>namque</strong></span> <span class='ocrx_word' id='word_1_439' title='bbox 3150 4056 3391 4119; x_wconf 84' lang='lat' dir='ltr'><strong>regere,</strong></span> 
     </span>
     <span class='ocr_line' id='line_1_73' title="bbox 1895 4130 3393 4217; baseline 0.006 -26"><span class='ocrx_word' id='word_1_440' title='bbox 1895 4131 1961 4191; x_wconf 91' lang='lat' dir='ltr'><strong>in</strong></span> <span class='ocrx_word' id='word_1_441' title='bbox 2020 4130 2221 4192; x_wconf 88' lang='lat' dir='ltr'><strong>finem</strong></span> <span class='ocrx_word' id='word_1_442' title='bbox 2288 4131 2581 4212; x_wconf 87' lang='lat' dir='ltr'><strong>dirigere.</strong></span> <span class='ocrx_word' id='word_1_443' title='bbox 2644 4131 2819 4195; x_wconf 90' lang='lat' dir='ltr'><strong>Tunc</strong></span> <span class='ocrx_word' id='word_1_444' title='bbox 2886 4142 3097 4197; x_wconf 87' lang='lat' dir='ltr'><strong>autem</strong></span> <span class='ocrx_word' id='word_1_445' title='bbox 3166 4154 3393 4217; x_wconf 85' lang='lat' dir='ltr'><strong>regens</strong></span> 
     </span>
    </p>
   </div>
   <div class='ocr_carea' id='block_1_15' title="bbox 297 4228 3391 4318">
    <p class='ocr_par' dir='ltr' id='par_1_17' title="bbox 297 4228 3391 4318">
     <span class='ocr_line' id='line_1_74' title="bbox 297 4228 3391 4318; baseline 0.002 -26"><span class='ocrx_word' id='word_1_446' title='bbox 297 4249 408 4311; x_wconf 89' lang='lat' dir='ltr'><strong>que</strong></span> <span class='ocrx_word' id='word_1_447' title='bbox 461 4249 590 4294; x_wconf 90' lang='lat' dir='ltr'><strong>non</strong></span> <span class='ocrx_word' id='word_1_448' title='bbox 651 4239 752 4294; x_wconf 88' lang='lat' dir='ltr'><strong>est</strong></span> <span class='ocrx_word' id='word_1_449' title='bbox 799 4229 1108 4292; x_wconf 90' lang='lat' dir='ltr'><strong>utendum</strong></span> <span class='ocrx_word' id='word_1_450' title='bbox 1161 4231 1422 4294; x_wconf 89' lang='lat' dir='ltr'><strong>nomine</strong></span> <span class='ocrx_word' id='word_1_451' title='bbox 1473 4231 1582 4294; x_wconf 91' lang='lat' dir='ltr'><strong>fati</strong></span> <span class='ocrx_word' id='word_1_452' title='bbox 1635 4232 1782 4294; x_wconf 89' lang='lat' dir='ltr'><strong>sim·</strong></span> <span class='ocrx_word' id='word_1_453' title='bbox 1813 4228 1863 4291; x_wconf 89' lang='lat' dir='ltr'>D</span> <span class='ocrx_word' id='word_1_454' title='bbox 1895 4237 2139 4291; x_wconf 88' lang='lat' dir='ltr'><strong>rectum</strong></span> <span class='ocrx_word' id='word_1_455' title='bbox 2186 4229 2249 4290; x_wconf 92' lang='lat' dir='ltr'><strong>in</strong></span> <span class='ocrx_word' id='word_1_456' title='bbox 2296 4229 2395 4290; x_wconf 91' lang='lat' dir='ltr'><strong>sui</strong></span> <span class='ocrx_word' id='word_1_457' title='bbox 2439 4229 2641 4292; x_wconf 84' lang='lat' dir='ltr'><strong>finem</strong></span> <span class='ocrx_word' id='word_1_458' title='bbox 2685 4231 2923 4314; x_wconf 88' lang='lat' dir='ltr'><strong>dirigit,</strong></span> <span class='ocrx_word' id='word_1_459' title='bbox 2970 4232 3121 4295; x_wconf 90' lang='lat' dir='ltr'><strong>dum</strong></span> <span class='ocrx_word' id='word_1_460' title='bbox 3179 4234 3391 4318; x_wconf 90' lang='lat' dir='ltr'><strong>ipsum</strong></span> 
     </span>
    </p>
   </div>
   <div class='ocr_carea' id='block_1_16' title="bbox 295 4327 1784 5374">
    <p class='ocr_par' dir='ltr' id='par_1_18' title="bbox 295 4327 1784 5374">
     <span class='ocr_line' id='line_1_75' title="bbox 299 4327 1782 4412; baseline 0.002 -22"><span class='ocrx_word' id='word_1_461' title='bbox 299 4328 533 4409; x_wconf 83' lang='lat' dir='ltr'><strong>pliciter</strong></span> <span class='ocrx_word' id='word_1_462' title='bbox 583 4337 649 4393; x_wconf 88' lang='lat' dir='ltr'><strong>et</strong></span> <span class='ocrx_word' id='word_1_463' title='bbox 699 4329 838 4391; x_wconf 87' lang='lat' dir='ltr'><strong>sine</strong></span> <span class='ocrx_word' id='word_1_464' title='bbox 888 4327 1316 4390; x_wconf 87' lang='lat' dir='ltr'><strong>distinctione.</strong></span> <span class='ocrx_word' id='word_1_465' title='bbox 1366 4329 1486 4392; x_wconf 88' lang='lat' dir='ltr'><strong>Sed</strong></span> <span class='ocrx_word' id='word_1_466' title='bbox 1535 4331 1588 4392; x_wconf 90' lang='lat' dir='ltr'><strong>si</strong></span> <span class='ocrx_word' id='word_1_467' title='bbox 1639 4332 1782 4412; x_wconf 91' lang='lat' dir='ltr'><strong>quis</strong></span> 
     </span>
     <span class='ocr_line' id='line_1_76' title="bbox 298 4425 1783 4506; baseline 0.003 -20"><span class='ocrx_word' id='word_1_468' title='bbox 298 4427 686 4506; x_wconf 79' lang='lat' dir='ltr'><strong>praedefiniat</strong></span> <span class='ocrx_word' id='word_1_469' title='bbox 742 4425 944 4488; x_wconf 84' lang='lat' dir='ltr'><strong>fatum</strong></span> <span class='ocrx_word' id='word_1_470' title='bbox 1009 4434 1078 4488; x_wconf 87' lang='lat' dir='ltr'><strong>ut</strong></span> <span class='ocrx_word' id='word_1_471' title='bbox 1127 4426 1405 4501; x_wconf 78' lang='lat' dir='ltr'><strong>BoetiuS,</strong></span> <span class='ocrx_word' id='word_1_472' title='bbox 1455 4435 1564 4488; x_wconf 89' lang='lat' dir='ltr'><strong>aut</strong></span> <span class='ocrx_word' id='word_1_473' title='bbox 1613 4437 1783 4491; x_wconf 89' lang='lat' dir='ltr'><strong>certe</strong></span> 
     </span>
     <span class='ocr_line' id='line_1_77' title="bbox 299 4524 1779 4607; baseline 0.003 -23"><span class='ocrx_word' id='word_1_474' title='bbox 299 4525 762 4607; x_wconf 82' lang='lat' dir='ltr'><strong>praedistinguat</strong></span> <span class='ocrx_word' id='word_1_475' title='bbox 809 4531 880 4586; x_wconf 87' lang='lat' dir='ltr'><strong>ut</strong></span> <span class='ocrx_word' id='word_1_476' title='bbox 913 4524 1045 4605; x_wconf 87' lang='lat' dir='ltr'><strong>jam</strong></span> <span class='ocrx_word' id='word_1_477' title='bbox 1085 4524 1322 4586; x_wconf 85' lang='lat' dir='ltr'><strong>factum</strong></span> <span class='ocrx_word' id='word_1_478' title='bbox 1365 4532 1484 4598; x_wconf 88' lang='lat' dir='ltr'><strong>est,</strong></span> <span class='ocrx_word' id='word_1_479' title='bbox 1531 4527 1779 4588; x_wconf 91' lang='lat' dir='ltr'><strong>nullum</strong></span> 
     </span>
     <span class='ocr_line' id='line_1_78' title="bbox 299 4622 1778 4706; baseline 0.003 -24"><span class='ocrx_word' id='word_1_480' title='bbox 299 4641 538 4701; x_wconf 89' lang='lat' dir='ltr'><strong>prorsus</strong></span> <span class='ocrx_word' id='word_1_481' title='bbox 596 4623 724 4686; x_wconf 86' lang='lat' dir='ltr'><strong>erit</strong></span> <span class='ocrx_word' id='word_1_482' title='bbox 781 4622 1158 4704; x_wconf 88' lang='lat' dir='ltr'><strong>periculum.</strong></span> <span class='ocrx_word' id='word_1_483' title='bbox 1211 4622 1554 4686; x_wconf 88' lang='lat' dir='ltr'><strong>Enimvero</strong></span> <span class='ocrx_word' id='word_1_484' title='bbox 1609 4627 1778 4706; x_wconf 87' lang='lat' dir='ltr'><strong>quod</strong></span> 
     </span>
     <span class='ocr_line' id='line_1_79' title="bbox 296 4719 1780 4795; baseline 0.002 -13"><span class='ocrx_word' id='word_1_485' title='bbox 296 4719 546 4784; x_wconf 83' lang='lat' dir='ltr'><strong>Thomas</strong></span> <span class='ocrx_word' id='word_1_486' title='bbox 597 4720 940 4795; x_wconf 86' lang='lat' dir='ltr'><strong>inferebat,</strong></span> <span class='ocrx_word' id='word_1_487' title='bbox 974 4737 1100 4782; x_wconf 93' lang='lat' dir='ltr'><strong>non</strong></span> <span class='ocrx_word' id='word_1_488' title='bbox 1141 4721 1482 4784; x_wconf 89' lang='lat' dir='ltr'><strong>convincit.</strong></span> <span class='ocrx_word' id='word_1_489' title='bbox 1533 4723 1780 4785; x_wconf 87' lang='lat' dir='ltr'><strong>Utimur</strong></span> 
     </span>
     <span class='ocr_line' id='line_1_80' title="bbox 295 4818 1779 4902; baseline 0.003 -23"><span class='ocrx_word' id='word_1_490' title='bbox 295 4819 518 4901; x_wconf 90' lang='lat' dir='ltr'><strong>quippe</strong></span> <span class='ocrx_word' id='word_1_491' title='bbox 576 4819 958 4882; x_wconf 89' lang='lat' dir='ltr'><strong>nominibus</strong></span> <span class='ocrx_word' id='word_1_492' title='bbox 1014 4837 1050 4880; x_wconf 89' lang='lat' dir='ltr'><strong>a</strong></span> <span class='ocrx_word' id='word_1_493' title='bbox 1099 4818 1332 4882; x_wconf 86' lang='lat' dir='ltr'><strong>Graecis</strong></span> <span class='ocrx_word' id='word_1_494' title='bbox 1381 4819 1779 4902; x_wconf 88' lang='lat' dir='ltr'><strong>philosophis</strong></span> 
     </span>
     <span class='ocr_line' id='line_1_81' title="bbox 295 4917 1782 5000; baseline 0.002 -21"><span class='ocrx_word' id='word_1_495' title='bbox 295 4918 534 4992; x_wconf 82' lang='lat' dir='ltr'><strong>exortis,</strong></span> <span class='ocrx_word' id='word_1_496' title='bbox 581 4936 954 5000; x_wconf 88' lang='lat' dir='ltr'><strong>quanquam</strong></span> <span class='ocrx_word' id='word_1_497' title='bbox 1001 4936 1134 4979; x_wconf 87' lang='lat' dir='ltr'><strong>rem</strong></span> <span class='ocrx_word' id='word_1_498' title='bbox 1182 4917 1608 4999; x_wconf 87' lang='lat' dir='ltr'><strong>significatam</strong></span> <span class='ocrx_word' id='word_1_499' title='bbox 1655 4937 1782 4982; x_wconf 87' lang='lat' dir='ltr'><strong>non</strong></span> 
     </span>
     <span class='ocr_line' id='line_1_82' title="bbox 296 5015 1784 5096; baseline 0.003 -21"><span class='ocrx_word' id='word_1_500' title='bbox 296 5016 690 5078; x_wconf 89' lang='lat' dir='ltr'><strong>uniformiter</strong></span> <span class='ocrx_word' id='word_1_501' title='bbox 726 5015 1122 5096; x_wconf 88' lang='lat' dir='ltr'><strong>explicemus</strong></span> <span class='ocrx_word' id='word_1_502' title='bbox 1164 5035 1310 5076; x_wconf 92' lang='lat' dir='ltr'><strong>cum</strong></span> <span class='ocrx_word' id='word_1_503' title='bbox 1353 5015 1500 5078; x_wconf 81' lang='lat' dir='ltr'><strong>illis.</strong></span> <span class='ocrx_word' id='word_1_504' title='bbox 1537 5017 1784 5079; x_wconf 79' lang='lat' dir='ltr'><strong>Utimur</strong></span> 
     </span>
     <span class='ocr_line' id='line_1_83' title="bbox 297 5112 1780 5196; baseline 0.002 -22"><span class='ocrx_word' id='word_1_505' title='bbox 297 5133 556 5196; x_wconf 88' lang='lat' dir='ltr'><strong>namque</strong></span> <span class='ocrx_word' id='word_1_506' title='bbox 588 5114 854 5176; x_wconf 89' lang='lat' dir='ltr'><strong>nomine</strong></span> <span class='ocrx_word' id='word_1_507' title='bbox 887 5112 1325 5194; x_wconf 69' lang='lat' dir='ltr'><strong>intelligentias</strong></span> <span class='ocrx_word' id='word_1_508' title='bbox 1357 5114 1522 5176; x_wconf 91' lang='lat' dir='ltr'><strong>sicut</strong></span> <span class='ocrx_word' id='word_1_509' title='bbox 1552 5123 1613 5177; x_wconf 91' lang='lat' dir='ltr'><strong>et</strong></span> <span class='ocrx_word' id='word_1_510' title='bbox 1646 5116 1738 5178; x_wconf 91' lang='lat' dir='ltr'><strong>illi</strong></span> <span class='ocrx_word' id='word_1_511' title='bbox 1765 5133 1780 5194; x_wconf 85' lang='lat'><em>3</em></span> 
     </span>
     <span class='ocr_line' id='line_1_84' title="bbox 297 5209 1784 5291; baseline 0.003 -20"><span class='ocrx_word' id='word_1_512' title='bbox 297 5220 724 5274; x_wconf 84' lang='lat' dir='ltr'><strong>verumtamen</strong></span> <span class='ocrx_word' id='word_1_513' title='bbox 773 5217 1064 5272; x_wconf 88' lang='lat' dir='ltr'><strong>naturam</strong></span> <span class='ocrx_word' id='word_1_514' title='bbox 1111 5209 1559 5291; x_wconf 88' lang='lat' dir='ltr'><strong>significatam,</strong></span> <span class='ocrx_word' id='word_1_515' title='bbox 1610 5214 1784 5276; x_wconf 86' lang='lat' dir='ltr'><strong>varie</strong></span> 
     </span>
     <span class='ocr_line' id='line_1_85' title="bbox 298 5308 1290 5374; baseline -0.003 -1"><span class='ocrx_word' id='word_1_516' title='bbox 298 5308 466 5373; x_wconf 79' lang='lat' dir='ltr'><strong>valde</strong></span> <span class='ocrx_word' id='word_1_517' title='bbox 505 5311 586 5374; x_wconf 88' lang='lat' dir='ltr'><strong>ab</strong></span> <span class='ocrx_word' id='word_1_518' title='bbox 631 5311 727 5372; x_wconf 89' lang='lat' dir='ltr'><strong>eis</strong></span> <span class='ocrx_word' id='word_1_519' title='bbox 769 5308 1290 5372; x_wconf 87' lang='lat' dir='ltr'><strong>determinamus.</strong></span> 
     </span>
    </p>
   </div>
   <div class='ocr_carea' id='block_1_17' title="bbox 1891 4326 3395 5400">
    <p class='ocr_par' dir='ltr' id='par_1_19' title="bbox 1891 4326 3395 5400">
     <span class='ocr_line' id='line_1_86' title="bbox 1893 4326 3395 4417; baseline 0.005 -27"><span class='ocrx_word' id='word_1_520' title='bbox 1893 4327 2142 4410; x_wconf 87' lang='lat' dir='ltr'><strong>operari</strong></span> <span class='ocrx_word' id='word_1_521' title='bbox 2187 4326 2340 4389; x_wconf 88' lang='lat' dir='ltr'><strong>facit</strong></span> <span class='ocrx_word' id='word_1_522' title='bbox 2377 4326 2591 4390; x_wconf 89' lang='lat' dir='ltr'><strong>debite</strong></span> <span class='ocrx_word' id='word_1_523' title='bbox 2631 4347 2703 4391; x_wconf 91' lang='lat' dir='ltr'><strong>ac</strong></span> <span class='ocrx_word' id='word_1_524' title='bbox 2734 4331 3021 4394; x_wconf 86' lang='lat' dir='ltr'><strong>ordinate</strong></span> <span class='ocrx_word' id='word_1_525' title='bbox 3054 4349 3068 4393; x_wconf 73' lang='grc' dir='ltr'><strong>ε</strong></span> <span class='ocrx_word' id='word_1_526' title='bbox 3104 4351 3217 4414; x_wconf 91' lang='lat' dir='ltr'><strong>per</strong></span> <span class='ocrx_word' id='word_1_527' title='bbox 3245 4352 3395 4417; x_wconf 92' lang='lat' dir='ltr'><strong>ope-</strong></span> 
     </span>
     <span class='ocr_line' id='line_1_87' title="bbox 1894 4424 3391 4509; baseline 0.007 -23"><span class='ocrx_word' id='word_1_528' title='bbox 1894 4424 2205 4488; x_wconf 86' lang='lat' dir='ltr'><strong>rationem</strong></span> <span class='ocrx_word' id='word_1_529' title='bbox 2255 4425 2493 4488; x_wconf 88' lang='lat' dir='ltr'><strong>etenim</strong></span> <span class='ocrx_word' id='word_1_530' title='bbox 2542 4445 2643 4490; x_wconf 89' lang='lat' dir='ltr'><strong>res</strong></span> <span class='ocrx_word' id='word_1_531' title='bbox 2692 4428 2994 4509; x_wconf 83' lang='lat' dir='ltr'><strong>quaelibet</strong></span> <span class='ocrx_word' id='word_1_532' title='bbox 3044 4431 3243 4495; x_wconf 90' lang='lat' dir='ltr'><strong>finem</strong></span> <span class='ocrx_word' id='word_1_533' title='bbox 3291 4433 3391 4496; x_wconf 89' lang='lat' dir='ltr'><strong>sui</strong></span> 
     </span>
     <span class='ocr_line' id='line_1_88' title="bbox 1892 4523 3391 4612; baseline 0.007 -28"><span class='ocrx_word' id='word_1_534' title='bbox 1892 4523 2288 4605; x_wconf 85' lang='lat' dir='ltr'><strong>adipiscitur.</strong></span> <span class='ocrx_word' id='word_1_535' title='bbox 2336 4523 2645 4596; x_wconf 85' lang='lat' dir='ltr'><strong>Quoniam</strong></span> <span class='ocrx_word' id='word_1_536' title='bbox 2692 4545 2841 4590; x_wconf 81' lang='lat' dir='ltr'><strong>vero</strong></span> <span class='ocrx_word' id='word_1_537' title='bbox 2882 4537 3131 4610; x_wconf 90' lang='lat' dir='ltr'><strong>oportet</strong></span> <span class='ocrx_word' id='word_1_538' title='bbox 3174 4550 3391 4612; x_wconf 87' lang='lat' dir='ltr'><strong>regen·</strong></span> 
     </span>
     <span class='ocr_line' id='line_1_89' title="bbox 1891 4623 3391 4712; baseline 0.006 -28"><span class='ocrx_word' id='word_1_539' title='bbox 1891 4631 2022 4685; x_wconf 91' lang='lat' dir='ltr'><strong>tem</strong></span> <span class='ocrx_word' id='word_1_540' title='bbox 2062 4623 2252 4684; x_wconf 87' lang='lat' dir='ltr'><strong>etiam</strong></span> <span class='ocrx_word' id='word_1_541' title='bbox 2293 4641 2517 4686; x_wconf 89' lang='lat' dir='ltr'><strong>curare</strong></span> <span class='ocrx_word' id='word_1_542' title='bbox 2556 4642 2629 4686; x_wconf 87' lang='lat' dir='ltr'><strong>ea</strong></span> <span class='ocrx_word' id='word_1_543' title='bbox 2668 4625 2807 4686; x_wconf 91' lang='lat' dir='ltr'><strong>sine</strong></span> <span class='ocrx_word' id='word_1_544' title='bbox 2843 4627 3077 4707; x_wconf 89' lang='lat' dir='ltr'><strong>quibus</strong></span> <span class='ocrx_word' id='word_1_545' title='bbox 3120 4629 3179 4690; x_wconf 94' lang='lat' dir='ltr'><strong>id</strong></span> <span class='ocrx_word' id='word_1_546' title='bbox 3221 4631 3391 4712; x_wconf 90' lang='lat' dir='ltr'><strong>quod</strong></span> 
     </span>
     <span class='ocr_line' id='line_1_90' title="bbox 1897 4720 3386 4810; baseline 0.006 -28"><span class='ocrx_word' id='word_1_547' title='bbox 1897 4720 2535 4803; x_wconf 85' lang='lat' dir='ltr'><strong>principaliformiter</strong></span> <span class='ocrx_word' id='word_1_548' title='bbox 2603 4731 2784 4785; x_wconf 88' lang='lat' dir='ltr'><strong>curat</strong></span> <span class='ocrx_word' id='word_1_549' title='bbox 2839 4726 3084 4806; x_wconf 84' lang='lat' dir='ltr'><strong>acquiri</strong></span> <span class='ocrx_word' id='word_1_550' title='bbox 3142 4729 3386 4810; x_wconf 91' lang='lat' dir='ltr'><strong>nequit,</strong></span> 
     </span>
     <span class='ocr_line' id='line_1_91' title="bbox 1894 4819 3388 4906; baseline 0.005 -26"><span class='ocrx_word' id='word_1_551' title='bbox 1894 4819 2064 4901; x_wconf 92' lang='lat' dir='ltr'><strong>quod</strong></span> <span class='ocrx_word' id='word_1_552' title='bbox 2115 4819 2337 4900; x_wconf 89' lang='lat' dir='ltr'><strong>utique</strong></span> <span class='ocrx_word' id='word_1_553' title='bbox 2387 4827 2483 4881; x_wconf 91' lang='lat' dir='ltr'><strong>est</strong></span> <span class='ocrx_word' id='word_1_554' title='bbox 2533 4822 2831 4903; x_wconf 88' lang='lat' dir='ltr'><strong>proprius</strong></span> <span class='ocrx_word' id='word_1_555' title='bbox 2878 4822 3032 4884; x_wconf 86' lang='lat' dir='ltr'><strong>finis</strong></span> <span class='ocrx_word' id='word_1_556' title='bbox 3082 4826 3279 4906; x_wconf 89' lang='lat' dir='ltr'><strong>recti;</strong></span> <span class='ocrx_word' id='word_1_557' title='bbox 3312 4826 3388 4888; x_wconf 84' lang='lat' dir='ltr'><strong>fi-</strong></span> 
     </span>
     <span class='ocr_line' id='line_1_92' title="bbox 1893 4918 3391 5006; baseline 0.007 -27"><span class='ocrx_word' id='word_1_558' title='bbox 1893 4919 1993 4979; x_wconf 88' lang='lat' dir='ltr'><strong>nis</strong></span> <span class='ocrx_word' id='word_1_559' title='bbox 2055 4924 2272 4980; x_wconf 85' lang='lat' dir='ltr'><strong>autem</strong></span> <span class='ocrx_word' id='word_1_560' title='bbox 2332 4918 2619 4981; x_wconf 90' lang='lat' dir='ltr'><strong>vicissim</strong></span> <span class='ocrx_word' id='word_1_561' title='bbox 2679 4920 2926 5001; x_wconf 89' lang='lat' dir='ltr'><strong>acquiri</strong></span> <span class='ocrx_word' id='word_1_562' title='bbox 2992 4940 3119 4985; x_wconf 90' lang='lat' dir='ltr'><strong>non</strong></span> <span class='ocrx_word' id='word_1_563' title='bbox 3184 4933 3391 5006; x_wconf 91' lang='lat' dir='ltr'><strong>potest</strong></span> 
     </span>
     <span class='ocr_line' id='line_1_93' title="bbox 1893 5016 3385 5103; baseline 0.007 -26"><span class='ocrx_word' id='word_1_564' title='bbox 1893 5017 2029 5078; x_wconf 90' lang='lat' dir='ltr'><strong>sine</strong></span> <span class='ocrx_word' id='word_1_565' title='bbox 2072 5017 2495 5097; x_wconf 90' lang='lat' dir='ltr'><strong>quorumdam</strong></span> <span class='ocrx_word' id='word_1_566' title='bbox 2547 5016 2900 5081; x_wconf 88' lang='lat' dir='ltr'><strong>effectuum</strong></span> <span class='ocrx_word' id='word_1_567' title='bbox 2948 5023 3385 5103; x_wconf 90' lang='lat' dir='ltr'><strong>productione,</strong></span> 
     </span>
     <span class='ocr_line' id='line_1_94' title="bbox 1894 5115 3384 5196; baseline 0.007 -21"><span class='ocrx_word' id='word_1_568' title='bbox 1894 5115 2002 5196; x_wconf 91' lang='lat' dir='ltr'><strong>qui</strong></span> <span class='ocrx_word' id='word_1_569' title='bbox 2037 5115 2126 5176; x_wconf 87' lang='lat' dir='ltr'><strong>rei</strong></span> <span class='ocrx_word' id='word_1_570' title='bbox 2160 5133 2301 5196; x_wconf 83' lang='lat' dir='ltr'><strong>quae</strong></span> <span class='ocrx_word' id='word_1_571' title='bbox 2334 5115 2575 5196; x_wconf 86' lang='lat' dir='ltr'><strong>regitur</strong></span> <span class='ocrx_word' id='word_1_572' title='bbox 2604 5124 2754 5178; x_wconf 89' lang='lat' dir='ltr'><strong>sunt</strong></span> <span class='ocrx_word' id='word_1_573' title='bbox 2784 5118 2992 5181; x_wconf 90' lang='lat' dir='ltr'><strong>media</strong></span> <span class='ocrx_word' id='word_1_574' title='bbox 3031 5119 3096 5182; x_wconf 90' lang='lat' dir='ltr'><strong>in</strong></span> <span class='ocrx_word' id='word_1_575' title='bbox 3134 5121 3333 5184; x_wconf 86' lang='lat' dir='ltr'><strong>finem</strong></span> <span class='ocrx_word' id='word_1_576' title='bbox 3369 5140 3384 5186; x_wconf 72' lang='grc' dir='ltr'><em>τ</em></span> 
     </span>
     <span class='ocr_line' id='line_1_95' title="bbox 1895 5213 3387 5303; baseline 0.006 -28"><span class='ocrx_word' id='word_1_577' title='bbox 1895 5213 2036 5275; x_wconf 90' lang='lat' dir='ltr'><strong>ideo</strong></span> <span class='ocrx_word' id='word_1_578' title='bbox 2095 5213 2316 5274; x_wconf 90' lang='lat' dir='ltr'><strong>talium</strong></span> <span class='ocrx_word' id='word_1_579' title='bbox 2381 5214 2737 5277; x_wconf 88' lang='lat' dir='ltr'><strong>mediorum</strong></span> <span class='ocrx_word' id='word_1_580' title='bbox 2796 5216 2987 5281; x_wconf 85' lang='lat' dir='ltr'><strong>etiam</strong></span> <span class='ocrx_word' id='word_1_581' title='bbox 3034 5228 3132 5281; x_wconf 91' lang='lat' dir='ltr'><strong>est</strong></span> <span class='ocrx_word' id='word_1_582' title='bbox 3178 5222 3387 5303; x_wconf 89' lang='lat' dir='ltr'><strong>provi-</strong></span> 
     </span>
     <span class='ocr_line' id='line_1_96' title="bbox 1894 5312 3384 5400; baseline 0.008 -26"><span class='ocrx_word' id='word_1_583' title='bbox 1894 5312 2128 5386; x_wconf 89' lang='lat' dir='ltr'><strong>dentia,</strong></span> <span class='ocrx_word' id='word_1_584' title='bbox 2162 5312 2271 5374; x_wconf 89' lang='lat' dir='ltr'><strong>sed</strong></span> <span class='ocrx_word' id='word_1_585' title='bbox 2320 5331 2433 5395; x_wconf 88' lang='lat' dir='ltr'><strong>per</strong></span> <span class='ocrx_word' id='word_1_586' title='bbox 2474 5313 2933 5392; x_wconf 88' lang='lat' dir='ltr'><strong>reductionem,</strong></span> <span class='ocrx_word' id='word_1_587' title='bbox 2968 5316 3033 5380; x_wconf 91' lang='lat' dir='ltr'><strong>in</strong></span> <span class='ocrx_word' id='word_1_588' title='bbox 3073 5326 3384 5400; x_wconf 86' lang='lat' dir='ltr'><strong>quantum</strong></span> 
     </span>
    </p>
   </div>
  </div>
 </body>
</html>
