4300 6259
123 2955 164 2998 De
179 2957 294 3002 noel.

101 3029 190 3075 myst.
205 3037 234 3066 e.
257 3038 291 3066 ιι.

919 511 998 556 DE
1038 509 1264 557 Lunum
1305 507 1688 556 cumsrlANAE
1727 507 2032 566 molum,
2077 509 2253 556 mnan
2295 509 2336 556 1.
2384 529 2463 540 —
2503 512 2642 558 Aur.
2690 513 2775 560 XX

3281 495 3403 562 253

314 676 664 758 exemplum
695 677 790 740 sic
820 677 986 740 sumi
1019 677 1330 760 potest.ln
1361 675 1586 739 creatis
1617 695 1792 739 nam·
1818 673 1872 739 A
1905 675 2148 752 Adhuc,
2199 678 2375 742 nulla
2434 679 2745 763 perfectio
2792 699 2905 744 seu
2953 680 3203 743 bonitas
3260 680 3401 743 uni·

311 793 423 856 que
477 784 622 837 sunt
671 795 812 839 esse
860 783 924 838 et
971 775 1244 848 bonitas,
1295 776 1402 838 sed
1466 793 1592 837 non
1653 775 1792 837 sine

311 873 716 954 dependentia
759 891 774 935 :
815 874 894 936 ad
937 873 1400 956 speculandum
1447 873 1660 956 itaque
1697 873 1793 935 di·

309 971 514 1032 vinum
558 990 694 1044 ena,
726 991 806 1035 ex
848 970 948 1034 his
991 989 1254 1034 necesse
1295 980 1392 1034 est
1431 971 1792 1052 dependen-

311 1069 446 1130 tiam
492 1068 738 1142 tollere,
783 1076 848 1132 et
883 1088 1024 1132 eam
1066 1089 1210 1152 quae
1249 1077 1536 1131 remanet
1577 1077 1790 1131 actua-

311 1166 554 1238 litatem,
607 1167 1192 1249 superexcellenter
1239 1167 1462 1250 primae
1520 1165 1789 1228 bonitati

309 1263 668 1338 adscribere,
701 1264 1004 1347 quoniam
1046 1284 1083 1327 a
1121 1283 1457 1328 causarum
1497 1264 1792 1346 perfecti-

309 1361 524 1424 onibus
565 1370 820 1425 causata
860 1361 1244 1426 occumbere
1285 1369 1551 1445 oportet.
1600 1363 1789 1424 Porro

309 1467 512 1541 quarta
555 1461 658 1523 via
701 1469 798 1524 est
840 1479 955 1543 per
995 1461 1455 1534 deficientiam,
1488 1459 1790 1522 videlicet

309 1577 410 1640 per
461 1560 892 1622 secundorum
957 1558 1508 1622 defectibilitatem
1575 1565 1640 1620 et
1699 1559 1790 1620 in-

309 1656 806 1739 completionem,
839 1676 916 1718 ex
956 1657 1254 1739 opposito
1291 1657 1605 1719 sumendo
1631 1656 1790 1718 divi·

309 1775 394 1818 nae
427 1764 666 1818 naturae
704 1756 1162 1838 proprietatem
1195 1773 1210 1816 :
1243 1755 1784 1838 quemadmodum

1903 793 2058 837 voce
2096 776 2175 838 de
2216 776 2345 840 Deo
2390 785 2455 839 et
2492 778 2789 840 secundis
2838 777 3251 841 enuntiabilis
3281 785 3399 852 est,

1899 889 1978 933 eo
2006 873 2175 954 quod
2217 892 2345 936 non
2384 873 2469 936 sit
2507 874 2571 936 in
2612 892 2845 955 genere
2884 892 3093 956 neque
3131 874 3405 937 circum-

1901 969 2261 1052 scriptibile
2328 971 2623 1034 divinum
2694 991 2835 1036 esse
2868 990 2885 1052 3
2946 989 3073 1034 non
3132 981 3231 1035 est
3294 992 3403 1035 au·

1900 1073 2030 1128 tem
2079 1067 2247 1130 Deus
2294 1069 2681 1132 affirmative
2730 1069 3146 1132 enuntiabilis
3195 1088 3403 1152 neque

1901 1165 2353 1246 cognoscibilis
2382 1167 2507 1228 nisi
2540 1166 2910 1229 nominibus
2940 1168 3399 1230 secundorum:

1903 1262 2113 1343 potius
2158 1281 2310 1343 ergo
2352 1271 2415 1326 et
2458 1265 2673 1327 verius
2716 1263 3007 1328 omnium
3050 1264 3403 1328 ablationes

1900 1378 2092 1441 quam
2125 1361 2473 1443 positiones
2506 1363 2715 1444 primo
2744 1363 2877 1424 enti
2908 1363 3317 1425 conveniunt.

1981 1458 2181 1522 Habet
2208 1467 2423 1523 autem
2456 1461 2577 1524 hoc
2608 1460 3037 1542 objectionem
3061 1478 3075 1522 :
3095 1461 3399 1543 quoniam

1901 1557 2153 1637 negatio
2192 1558 2522 1621 reducitur
2560 1559 2637 1622 ad
2678 1558 3203 1634 affirmationem,
3236 1561 3403 1622 sicut

1901 1655 2287 1736 privativum
2320 1657 2398 1719 ad
2432 1657 2799 1738 positivum.
2832 1658 3092 1732 lterum,
3114 1657 3400 1722 affirma-

1899 1753 1988 1814 tio
2031 1753 2377 1834 perfectior
2414 1762 2512 1817 est
2550 1755 2907 1835 negatione,
2942 1757 3106 1818 sicut
3143 1757 3399 1820 habitus

309 1873 376 1916 ex
404 1854 755 1918 visibilium
787 1862 852 1917 et
879 1855 1308 1936 corporalium
1341 1853 1784 1935 intelligentia,
1821 1855 1870 1918 B
1900 1851 2275 1933 privatione.
2330 1853 2505 1915 Prior
2552 1870 2701 1934 ergo
2744 1862 2808 1916 et
2849 1855 3265 1938 principalior
3301 1864 3397 1918 est

309 1953 682 2035 simplicium
723 1961 786 2016 et
825 1961 1260 2036 separatorum
1301 1960 1594 2016 naturam
1639 1969 1786 2014 con-

311 2051 698 2133 templamur,
733 2051 1088 2114 secundum
1116 2051 1540 2114 Aristotelem.

689 2323 1184 2400 ARTICULUS
1229 2323 1382 2386 XX.

313 2479 408 2537 An
443 2475 800 2550 perfectior
835 2475 922 2534 sit
969 2474 1222 2550 aquilio
1271 2493 1469 2552 quam
1508 2491 1634 2549 per
1681 2493 1790 2534 ne-

375 2565 694 2640 qationem
742 2565 824 2622 de
869 2565 1098 2623 divino
1155 2581 1284 2622 esse
1336 2564 1664 2633 habemus,
1713 2583 1788 2623 ea

383 2673 520 2732 quoe
545 2671 672 2730 per
698 2653 1216 2730 affirmationem
1252 2661 1344 2712 est
1382 2654 1462 2712 de
1489 2656 1622 2714 Deo
1649 2672 1792 2713 con-

386 2744 806 2820 templatione.

441 2937 740 3011 ENIQUE,
773 2943 845 2998 ut
879 2936 969 2999 ait
997 2935 1358 3018 DionysiuS,
1393 2937 1512 3000 hoc
1551 2945 1648 3000 est
1685 2956 1792 3001 ve-

1895 1948 2287 2013 affirmativa
2315 1951 2519 2014 divini
2558 1970 2699 2014 esse
2742 1952 3021 2027 intuitio,
3055 1972 3245 2035 quam
3288 1975 3395 2017 ne·

1895 2049 2124 2130 gativa.
2150 2085 2231 2095 —
2259 2048 2507 2124 Adhuc,
2541 2051 2897 2113 secundum
2929 2051 3303 2134 Dionysium
3334 2059 3397 2116 et

1897 2146 2244 2222 Platonem,
2280 2147 2613 2230 proprium
2644 2164 2879 2211 nomen
2910 2148 3023 2212 Dei
3052 2157 3170 2224 est,
3194 2168 3309 2232 per
3328 2169 3397 2214 se

1899 2243 2140 2307 bonum
2178 2262 2191 2308 :
2226 2244 2469 2308 bonum
2508 2252 2747 2320 autem,
2788 2265 3023 2310 nomen
3060 2247 3398 2311 affirmati-

1898 2363 2050 2407 vum
2083 2352 2197 2406 est.
2232 2345 2495 2420 Rursus,
2520 2345 2639 2408 soli
2670 2347 2798 2410 Deo
2828 2347 3127 2410 convenit
3156 2365 3317 2422 esse,
3342 2348 3397 2412 si

1898 2458 2038 2504 esse
2069 2461 2231 2524 pure
2259 2450 2324 2504 et
2354 2461 2501 2506 vere
2532 2443 2801 2518 dicatur,
2835 2446 3191 2508 secundum
3232 2446 3395 2510 Hila-

1899 2539 2066 2601 rium
2111 2549 2175 2602 et
2211 2541 2695 2616 Damascenum,
2728 2542 3013 2606 dicentes
3055 2545 3223 2625 quod
3270 2544 3397 2627 pri·

1901 2657 2078 2700 mum
2122 2638 2235 2700 Dei
2289 2655 2521 2702 nomen
2581 2641 2663 2702 sit
2708 2639 2859 2703 Esse
2916 2659 3028 2703 seu
3072 2642 3188 2715 Qui
3233 2650 3331 2704 est
3376 2660 3392 2705 ε

1901 2743 2163 2818 propter
2191 2737 2361 2818 quod
2404 2737 2717 2819 scriptum
2758 2747 2874 2812 est,
2908 2739 3025 2812 Qui
3066 2748 3185 2816 est,
3221 2741 3397 2804 misit
3449 2765 3687 2819 Em.111,

1901 2852 2044 2914 me3
2075 2842 2379 2918 tanquam
2426 2835 2577 2898 Esse
2618 2835 2702 2898 sit
2738 2837 2959 2900 divino
2994 2839 3125 2900 enti
3166 2858 3393 2922 appro-
3424 2833 3492 2874 ¹⁴·

1903 2934 2106 3015 priata
2148 2933 2511 3015 appellatio.
2544 2934 2659 2996 Per
2699 2933 3200 3000 affirmationem
3246 2955 3397 3020 ergo

467 3055 532 3099 re
551 3037 750 3098 Deum
781 3051 1184 3115 cognoscere,
1209 3036 1788 3117 supersubstantia·
1819 3037 1863 3101 C
1905 3031 2371 3114 perfectissime
2394 3033 2799 3114 cognoscitur
2818 3033 3395 3118 Deus—Insuper,

317 3135 430 3196 lem
467 3131 1162 3216 supersubstantialiter
1201 3151 1315 3215 per
1351 3133 1644 3196 omnium
1681 3153 1791 3196 en-

317 3233 458 3294 tium
533 3231 920 3294 ablationem
988 3229 1264 3292 laudare.
1353 3231 1794 3295 Secretissima

311 3330 466 3392 enim
493 3337 556 3392 et
586 3329 852 3411 mystica
891 3326 1096 3390 divini
1135 3346 1274 3390 esse
1312 3329 1789 3411 contemplatiO,

310 3435 396 3488 est
419 3445 527 3508 per
565 3436 1008 3490 transcensum
1049 3433 1114 3488 et
1151 3426 1572 3490 elevationem
1615 3447 1790 3490 men-

312 3526 380 3586 tis
433 3544 619 3608 super
675 3543 900 3588 omnes
959 3525 1195 3586 formas
1253 3533 1516 3600 creataS,
1575 3526 1788 3608 ipsum

309 3623 578 3686 divinum
608 3641 744 3696 em,
766 3629 838 3684 ut
865 3623 1174 3704 possibile
1203 3629 1322 3696 est,
1343 3622 1410 3685 in
1442 3625 1790 3708 semetipso

311 3721 796 3804 contemplando.
821 3721 890 3782 In
921 3721 1040 3782 hac
1070 3739 1304 3804 nempe
1326 3722 1786 3804 speculatione,

311 3820 637 3900 positiones
684 3817 1112 3882 secundorum
1173 3819 1544 3900 plenissime
1602 3821 1790 3884 relin-

312 3927 596 3998 quuntur,
658 3925 722 3980 et
779 3914 1094 3999 conspicit
1155 3916 1518 3980 intellectus
1577 3919 1788 4000 ipsum

311 4015 570 4095 primum
630 4034 744 4078 ens
813 4014 1070 4076 infinita
1135 4013 1530 4078 sublimitate
1597 4035 1791 4100 super

311 4129 547 4174 omnem
589 4121 880 4175 naturam
923 4118 988 4174 et
1033 4111 1316 4193 speciem
1361 4101 1788 4178 secundorum

1903 3129 2094 3212 plena
2121 3129 2402 3212 cognitio
2433 3129 2585 3192 facit
2612 3130 2777 3193 scire
2807 3131 2962 3212 quid
2992 3151 3093 3194 res
3122 3141 3221 3196 est
3246 3151 3261 3210 ;
3295 3153 3401 3197 ne·

1899 3227 2110 3308 gativa
2130 3245 2281 3290 vero
2309 3227 2550 3309 agnitio
2569 3245 2698 3291 non
2728 3228 2883 3291 facit
2912 3229 3075 3293 scire
3098 3231 3221 3294 nisi
3245 3231 3399 3313 quid

1903 3344 2002 3387 res
2034 3343 2161 3387 non
2191 3333 2288 3388 est
2322 3343 2335 3388 :
2370 3344 2498 3388 non
2528 3343 2680 3407 ergo
2722 3335 2819 3390 est
2862 3327 2999 3409 ipsa
3030 3328 3397 3410 perfectior.

1979 3424 2050 3486 In
2109 3423 2301 3504 hujus
2347 3443 2569 3487 rursus
2626 3424 2993 3507 oppositum
3056 3434 3205 3489 sunt
3262 3447 3399 3491 sen-

1900 3521 2112 3584 tentiae
2174 3540 2559 3586 summorum
2623 3523 3157 3607 philosophorum,
3201 3526 3399 3589 Deum

1901 3637 2026 3682 non
2087 3620 2210 3681 nisi
2277 3620 2591 3701 negative,
2652 3629 2716 3684 et
2774 3621 2865 3684 sic
2924 3622 3399 3704 perfectissime

1900 3734 2048 3780 eum
2092 3717 2389 3799 cognosci
2428 3719 2885 3782 attestantium.
2922 3720 3179 3784 Proclus
3228 3740 3401 3785 nam-

1899 3835 2024 3900 que
2071 3817 2163 3878 ait
2214 3834 2227 3878 t
2279 3816 2479 3880 Omne
2527 3818 2698 3899 quod
2747 3836 2941 3900 super
2996 3837 3131 3894 ens,
3184 3820 3398 3902 ipsum

1899 3915 2163 3997 quidem
2208 3924 2467 3998 propter
2506 3915 3187 3998 supersubstantialem
3222 3921 3399 3982 unio-

1898 4033 2071 4087 nem,
2105 4014 2361 4095 penitus
2401 4013 2733 4076 indicibile
2770 4022 2867 4076 est
2908 4022 2972 4077 et
3004 4017 3396 4098 incognosci-

1899 4113 2029 4175 bile
2077 4111 2379 4175 omnibus
2428 4111 2749 4185 secundis,
2790 4131 2827 4174 a
2865 4113 3397 4196 participantibus

310 4212 636 4274 exaltatum
686 4209 841 4284 fore,
895 4210 1168 4292 ideoque
1218 4211 1474 4292 penitus
1534 4231 1647 4294 per
1701 4211 1868 4275 af-D
1897 4219 2108 4273 autem
2168 4208 2455 4291 capabile
2502 4217 2599 4271 est
2645 4217 2708 4272 et
2755 4210 3206 4292 cognoscibile.
3254 4213 3399 4278 Pro-

309 4307 722 4373 firmationem
763 4307 1250 4371 innominabile.
1287 4309 1422 4372 Non
1461 4310 1634 4372 enim
1679 4329 1786 4374 no-

311 4407 616 4470 minabilis
675 4415 774 4470 est
827 4407 994 4469 Dens
1051 4405 1438 4470 affirmative
1497 4409 1620 4470 nisi
1679 4426 1792 4472 no-

311 4506 574 4570 minibus
627 4507 1078 4580 secundorum,
1124 4506 1666 4589 quemadmodum
1719 4508 1786 4570 in

311 4604 456 4668 libro
498 4606 579 4669 de
628 4603 848 4667 Causis
897 4603 1203 4666 scribitur
1255 4622 1268 4665 :
1320 4603 1523 4667 Causa
1579 4606 1787 4687 prima

309 4704 582 4784 superior
619 4711 716 4765 est
751 4702 930 4765 omni
974 4702 1355 4776 narratione,
1389 4711 1452 4764 et
1491 4720 1617 4766 non
1650 4723 1788 4766 nar-

307 4809 466 4862 ratur
499 4801 626 4863 nisi
667 4818 784 4882 per
823 4818 1044 4862 causas
1089 4801 1423 4876 secundaS,
1455 4820 1598 4884 quae
1643 4803 1788 4865 illu·

309 4899 619 4962 minantur
666 4899 911 4961 lumine
959 4916 1164 4961 causae
1215 4899 1456 4981 primas.
1505 4899 1680 4962 Unde
1721 4909 1786 4964 et

307 5005 542 5060 sanctus
573 4998 804 5060 Doctor
841 4997 1012 5058 circa
1053 4996 1322 5059 verbum
1355 4997 1475 5060 boc
1503 4999 1592 5060 ait
1625 5016 1638 5060 :
1675 4999 1786 5062 Ille

309 5097 624 5160 verissime
653 5097 856 5158 Deum
895 5095 1202 5176 agnoscit,
1235 5095 1344 5176 qui
1389 5095 1506 5158 boc
1537 5097 1614 5158 de
1648 5097 1788 5179 ipso

310 5201 488 5270 tenet,
539 5195 709 5278 quod
757 5193 1074 5277 quidquid
1123 5193 1200 5256 de
1247 5211 1323 5256 eo
1368 5193 1630 5274 cogitari
1677 5202 1788 5257 aut

312 5292 426 5356 dici
467 5301 692 5378 potest,
740 5293 956 5356 minus
999 5299 1096 5354 est
1133 5309 1211 5355 eo
1247 5291 1418 5374 quod
1457 5293 1624 5356 Deus
1667 5300 1782 5356 est.

1899 4317 2039 4390 pter
2057 4307 2227 4389 quod
2248 4307 2456 4370 solum
2487 4307 2770 4388 primum
2803 4308 3059 4389 penitus
3082 4309 3393 4393 ignotum,

1895 4415 2201 4488 tanquam
2246 4403 2561 4486 ἁμὲθεκτον
2607 4423 2741 4468 ens.
2778 4405 2893 4468 Cui
2934 4411 3251 4473 sententia
3296 4411 3396 4474 Al-

1898 4503 2191 4586 phorabii
2236 4521 2513 4566 consona
2554 4510 2669 4566 est.

1975 4603 2078 4665 Sic
2111 4603 2306 4683 igitur
2334 4602 2411 4663 de
2442 4603 2561 4664 hac
2600 4601 2997 4666 dubitatione
3042 4605 3393 4671 difficultas

1895 4701 2239 4781 consurgit.
2288 4701 2407 4762 Sed
2450 4719 2526 4762 ex
2571 4701 2939 4783 praehabitis
2978 4703 3119 4784 ejus
3162 4704 3395 4769 solutio

1895 4801 2146 4884 pendet.
2165 4798 2501 4862 Ostensum
2534 4817 2811 4880 namque
2842 4807 2958 4874 est,
2973 4802 3144 4882 quod
3173 4821 3397 4884 quam·
3420 4825 3502 4866 ιιι.
3528 4834 3614 4868 m.

1895 4901 1992 4962 vis
2049 4897 2475 4960 secundorum
2526 4895 2953 4978 perfectiones
3008 4906 3072 4960 et
3128 4906 3389 4976 naturai,

1895 4997 2114 5059 divino
2182 4994 2315 5056 enti
2382 5011 2509 5056 non
2582 4995 2966 5056 conveniant
3036 4999 3389 5062 secundum

1895 5093 2349 5178 proprietatem
2378 5110 2503 5174 qua
2536 5092 2601 5154 in
2632 5099 2863 5155 nostrae
2896 5095 3127 5157 mentis
3158 5096 3389 5159 intelli-

1893 5193 2171 5273 gentiam
2194 5192 2446 5265 cadunt,
2468 5200 2533 5252 et
2552 5197 2623 5253 ut
2653 5190 2777 5254 illis
2808 5193 3105 5256 secundis
3133 5194 3392 5260 nomina

1895 5291 2311 5375 imponimus,
2344 5297 2783 5352 verumtamen
2825 5289 3139 5356 bonitates
3175 5312 3394 5360 causa-
