4300 6259
1676 483 2096 532 muniturum
2137 479 2537 530 THEOLOGIGA.
2580 499 2662 512 -·
2703 483 2781 529 DE
2823 484 3177 532 vmwrmus

873 653 1181 718 etChristi
1205 654 1504 738 mysteria
1525 673 1602 717 ex
1622 654 1952 736 Prophetis
1972 653 2369 717 ostendimus
2399 651 2452 716 A
2480 661 2671 736 atque
2717 653 2781 716 in
2828 653 3087 735 Dialogo
3134 661 3355 716 contra
3402 652 3749 736 perfidiam
3792 651 3985 715 scele-

871 753 1177 816 divinitus
1208 753 1482 816 revelata
1513 760 1576 815 et
1609 753 2026 834 praenuntiata
2054 750 2271 814 fuisse.

949 851 1264 933 AmpliuS‚
1297 852 1466 933 quod
1507 849 2074 913 vehementissime
2120 857 2218 911 est
2257 866 2371 930 pro

869 949 1079 1023 nobiS,
1111 968 1148 1011 a
1178 956 1465 1030 tempore
1505 965 1633 1030 quo
1673 948 1774 1010 lex
1813 947 2044 1011 Christi
2087 947 2371 1028 undique

870 1046 1067 1128 coepit
1095 1046 1449 1128 praedicari,
1485 1045 1586 1107 lex
1615 1045 1844 1127 Moysis
1873 1062 2017 1108 orsa
2058 1050 2155 1106 est
2196 1043 2373 1105 infir-

873 1145 1130 1218 mari,et
1161 1144 1370 1206 omnis
1400 1143 1602 1224 gloria
1631 1142 1996 1205 divinorum
2027 1141 2371 1203 charisma-

869 1249 1031 1316 tum,
1095 1241 1577 1316 miraculorum,
1639 1239 2118 1322 prophetiarum
2181 1246 2371 1320 atque

869 1340 1227 1403 coelestium
1273 1340 1646 1422 gratiarum,
1697 1337 1931 1420 quibus
1976 1337 2132 1399 olim
2175 1336 2374 1398 abun-

870 1438 1046 1500 davit
1089 1437 1437 1520 Synagoga,
1467 1438 1703 1501 Judaeis
1747 1436 1956 1498 ablata
1999 1442 2115 1508 est,
2149 1443 2216 1496 et
2258 1454 2373 1517 per

870 1536 1102 1601 Christi
1139 1536 1475 1618 Apostolos
1506 1537 1584 1598 ad
1617 1535 1962 1598 Ecclesiam
2005 1553 2082 1596 ex
2119 1534 2383 1614 gentili—.

870 1643 996 1698 tate
1029 1652 1145 1718 pro
1178 1635 1456 1698 maxima
1489 1642 1666 1717 parte
1697 1652 2070 1698 conversam
2107 1633 2371 1695 transla-

870 1741 930 1795 ta
991 1751 1005 1795 :
1069 1733 1200 1795 imo
1259 1751 1480 1796 revera
1536 1732 1719 1814 quasi
1781 1730 2371 1812 incomparabiliter

2482 752 2785 814 ratissimi
2828 759 2892 814 et
2934 753 3357 816 sordidissimi
3386 751 3753 825 Mahometi,
3786 749 3986 813 multo

2484 850 2735 932 plenius
2778 859 2875 912 est
2916 857 3276 913 tractatum.

2875 1059 3397 1124 PROPOSITIO
3446 1059 3574 1124 CL.

2562 1238 2756 1319 Spes
2797 1237 2986 1304 fidei
3028 1241 3151 1306 est
3191 1241 3823 1322 condependenS,
3858 1254 3985 1306 ne·-

2482 1339 2828 1403 oessaria
2857 1337 3117 1419 valde,
3148 1353 3645 1420 nequaquam
3674 1336 3983 1406 defi-au-

2482 1437 2677 1501 dans
2707 1436 3164 1502 constanter
3193 1437 3282 1502 1n
3311 1437 3473 1504 Deo
3502 1437 3982 1518 sperantem.

2561 1532 2737 1605 Quod
2766 1540 2883 1607 est,
2918 1533 3071 1614 quia
3100 1552 3178 1596 ex
3209 1541 3356 1596 actu
3388 1534 3544 1597 fidei
3576 1535 3783 1597 oritur
3808 1542 3985 1596 actus

2482 1630 2638 1712 spei.
2656 1631 2952 1704 Quamvis
2983 1632 3156 1694 enim
3187 1631 3351 1695 visio
3381 1633 3493 1696 Dei
3526 1651 3643 1715 per
3670 1632 3985 1695 auxilium

2480 1729 2698 1808 gratiae
2753 1729 2895 1809 ejus
2955 1730 3158 1811 possit
3212 1731 3482 1812 acquiri,
3532 1737 3816 1793 attamen
3878 1730 3985 1812 qui

868 1830 1323 1894 exuberantius
1385 1831 1528 1893 data
1585 1829 2125 1897 christifidelibus
2178 1847 2365 1909 quam
2406 1829 2454 1893 B
2483 1845 2609 1891 non
2659 1829 2862 1890 credit
2902 1828 3024 1891 hoc
3073 1828 3310 1911 ipsum,
3357 1846 3485 1891 non
3530 1837 3744 1912 sperat
3788 1829 3985 1892 beati·

867 1935 1054 2008 antea
1097 1928 1416 1991 Israelitis.
1451 1930 1690 1991 Rursus
1735 1927 1854 1990 hoc
1897 1928 2372 1989 demonstratur

869 2046 947 2089 ex
999 2027 1117 2089 hac
1167 2027 1527 2089 infelicium
1570 2026 1933 2089 Judaeorum
1978 2025 2368 2108 captivitate,

872 2125 1286 2188 derelictione
1353 2125 1559 2198 finali,
1621 2145 1762 2206 quae
1817 2125 1951 2206 jam
2010 2143 2125 2206 per
2195 2123 2371 2187 mille

869 2224 1368 2305 quadringentos
1411 2232 1475 2285 et
1520 2223 1798 2304 amplius
1846 2240 2046 2286 annos
2095 2223 2365 2285 duravit.

870 2319 1140 2400 Insuper
1170 2319 1340 2381 idem
1375 2327 1763 2381 monstratur
1793 2338 1871 2381 ex
1910 2318 2369 2401 irreprehensi-

869 2417 987 2479 bili
1019 2416 1412 2500 perfectione
1441 2416 1824 2498 evaugelicae
1855 2417 2034 2498 legiS,
2069 2436 2212 2499 quae
2240 2424 2371 2479 tota

871 2516 1223 2598 spiritualis
1254 2524 1350 2579 est
1387 2523 1452 2578 et
1492 2516 1732 2589 divina,
1766 2516 2001 2578 docens
2047 2517 2368 2598 privatum

868 2633 1152 2677 amorem
1213 2614 1584 2698 plenissime
1645 2615 2020 2697 exstirpare,
2072 2614 2368 2676 divinum

867 2731 1151 2776 amorem
1196 2713 1708 2776 eminentissime
1743 2712 2036 2794 adipisci,
2069 2713 2369 2795 Omnipo-

867 2811 1027 2874 tenti
1075 2831 1224 2874 cum
1275 2830 1528 2874 summa
1577 2811 1952 2885 reverentia,
2005 2812 2369 2875 humilitate

867 2917 934 2972 et
962 2910 1235 2992 puritate
1266 2911 1548 2989 servire3
1581 2917 1644 2972 et
1679 2927 1786 2972 eos
1829 2910 1939 2991 qui
1983 2917 2181 2991 agunt
2221 2910 2364 2984 hoc,

2482 1926 2770 1988 tudinem
2834 1926 3011 1988 illam
3071 1928 3423 2009 acquirere.
3485 1927 3755 2000 Idcirco,
3814 1928 3985 2010 quod

2480 2042 2627 2105 spes
2665 2025 2902 2087 dicitur
2941 2025 3117 2087 nasci
3156 2043 3236 2087 ex
3273 2024 3427 2100 fide,
3466 2025 3545 2088 de
3580 2025 3836 2087 actibus
3879 2025 3985 2087 ha·

2481 2140 2624 2184 rum
2673 2123 2982 2184 virtutum
3034 2131 3133 2186 est
3179 2123 3671 2204 intelligendum
3719 2141 3734 2184 :
3788 2124 3984 2204 siqui-

2481 2221 2627 2282 dem
2675 2227 2801 2282 tam
2850 2221 3016 2282 fides
3063 2240 3257 2301 quam
3306 2240 3454 2303 spes
3502 2229 3601 2283 est
3642 2222 3851 2284 virtus
3897 2223 3985 2283 in-

2480 2318 2641 2381 fusa.
2676 2318 2786 2381 Est
2822 2337 3079 2400 quoque
3116 2337 3263 2400 spes
3308 2319 3581 2382 multum
3621 2320 3985 2382 necessaria

2479 2418 2556 2479 ad
2602 2417 2871 2480 salutem
2922 2434 2935 2478 :
2985 2425 3249 2499 propter
3293 2418 3465 2499 quod
3504 2417 3671 2480 Deus
3716 2418 3786 2480 in
3822 2418 3985 2481 Scri-

2481 2515 2689 2598 pturis
2732 2515 3011 2578 ubertim
3050 2533 3167 2579 nos
3202 2515 3387 2595 jubet
3423 2534 3685 2598 sperare
3716 2517 3785 2578 in
3816 2516 3979 2598 ipso.

2478 2615 2815 2695 Quumque
2844 2615 2981 2696 ipse
3010 2613 3431 2676 fidelissimus
3462 2613 3982 2678 liberalissimus·

2481 2731 2604 2795 que
2648 2712 2975 2784 consistat,
3016 2713 3095 2774 ad
3142 2712 3589 2775 excellentiam
3633 2721 3701 2775 et
3741 2713 3985 2776 bonita-

2479 2819 2609 2872 tem
2667 2811 2945 2893 pertinet
2995 2829 3201 2884 suam,
3253 2818 3325 2872 ut
3370 2818 3735 2893 sperantem
3788 2812 3856 2873 in
3916 2830 3981 2874 se

2479 2928 2603 2973 non
2664 2911 2984 2992 relinquat
3035 2927 3049 2972 ε
3104 2909 3344 2973 idcirco
3392 2910 3458 2972 in
3513 2911 3695 2973 omni
3742 2919 3981 2974 eventu

868 3009 1193 3070 cernimus
1231 3009 1508 3090 desuper
1548 3007 2008 3088 gratiosissime
2051 3008 2363 3082 exaudiri,
2402 3004 2447 3070 C
2482 3007 2900 3071 immobiliter
2948 3008 3013 3070 in
3062 3008 3203 3090 ipso
3256 3026 3608 3090 speremus.
3662 3011 3979 3092 Denique,

865 3107 1244 3169 suavissime
1273 3107 1542 3181 visitari,
1575 3106 1735 3188 rapi,
1767 3114 1958 3188 atque
1997 3107 2062 3168 in
2103 3107 2365 3170 Deitatis

865 3224 1174 3271 oceanum
1214 3204 1565 3280 absorberi,
1609 3222 1725 3267 suo
1774 3204 2053 3267 Creatori
2102 3213 2233 3267 tam
2282 3205 2369 3269 fa-

867 3303 1172 3378 miliareS‚
1224 3321 1402 3366 caros
1460 3311 1524 3366 et
1581 3303 1840 3365 intimos
1899 3321 2060 3378 esse,
2111 3311 2184 3365 ut
2240 3322 2365 3368 non

866 3403 1188 3466 immerito
1216 3402 1358 3483 ejus
1399 3401 1724 3464 secretarii
1763 3409 1828 3464 et
1865 3402 2215 3464 consiliarii
2258 3422 2366 3485 ap-

867 3501 1211 3584 pellentur.
1246 3500 1421 3563 Unde
1452 3507 1517 3562 et
1543 3499 1979 3581 angelicorum
2019 3501 2367 3583 spirituum

865 3599 1398 3682 apparitionibus,
1429 3597 1946 3672 allocutionibus,
1972 3599 2365 3662 informatio-

863 3698 1056 3761 nibus
1086 3705 1235 3760 sunt
1262 3697 1526 3771 assueti,
1561 3697 1961 3760 daemonibus
2002 3698 2368 3778 potentissi-

863 3815 968 3859 me
1016 3796 1440 3869 dominantes,
1489 3794 1927 3877 praevalenteS‚
1973 3803 2037 3857 et
2087 3796 2365 3858 maxime

863 3894 1297 3976 displicentes.
1340 3894 1687 3966 Postremo,
1739 3893 1856 3955 etsi
1907 3893 2092 3974 plura
2139 3911 2364 3956 eorum

864 4012 1006 4075 quae
1056 3993 1400 4064 credimuS,
1447 4011 1561 4074 per
1609 4010 1676 4055 se
1725 3999 1982 4074 sumpta
2029 3992 2366 4056 videantur

863 4091 1048 4154 valde
1097 4090 1258 4153 mira
1314 4097 1380 4152 et
1434 4090 1616 4173 quasi
1676 4089 2100 4163 incredibilia,
2149 4098 2364 4153 tamen

2477 3126 2679 3190 quum
2733 3106 3059 3171 beatitudo
3102 3115 3338 3171 aeterna
3380 3126 3575 3190 quam
3628 3109 3980 3183 credimuS,

2477 3206 2561 3268 sit
2606 3205 3132 3287 supernaturalis,
3176 3223 3305 3268 non
3352 3206 3521 3268 valet
3564 3205 3871 3270 humanis
3920 3215 3983 3270 et

2478 3303 2755 3386 propriis
2797 3302 3045 3366 viribus
3088 3302 3365 3366 obtineri
3411 3322 3426 3366 ε
3474 3303 3627 3366 hinc
3670 3321 3837 3388 opus
3886 3313 3983 3368 est

2478 3402 2542 3463 in
2574 3401 2703 3464 Deo
2730 3419 3009 3483 sperare,
3044 3401 3471 3483 exspectando
3509 3401 3981 3465 beatitudinem

2478 3499 2653 3562 illam
2685 3498 3061 3562 immensam
3090 3499 3408 3579 adjutorio
3437 3499 3581 3580 ejus
3608 3498 3801 3564 nobis
3830 3519 3985 3583 prae-

2477 3599 2783 3662 standam.
2820 3599 2977 3681 Spes
3016 3598 3209 3680 igitur
3245 3599 3694 3682 principaliter
3720 3608 3789 3662 et
3816 3600 3985 3664 dire-

2476 3705 2576 3760 cte
2607 3697 2868 3780 respicit
2906 3697 3147 3760 bonum
3189 3696 3350 3758 illud
3389 3697 3773 3774 increatum,
3805 3699 3987 3762 dein-

2477 3796 2555 3857 de
2587 3796 2793 3859 media
2825 3795 2936 3857 illa
2963 3813 3079 3877 per
3106 3814 3249 3877 quae
3278 3802 3575 3877 tanquam
3607 3815 3727 3879 per
3756 3815 3985 3860 causas

2475 3894 2809 3966 secundaS,
2845 3891 3385 3966 instrumentaleS,
3417 3893 3981 3970 adminiculantes,

2472 3991 2768 4071 juvantes
2824 3998 2889 4054 et
2934 3998 3370 4073 cooperanteS,
3421 3998 3595 4054 tanta
3650 3992 3985 4056 obtinetur

2478 4087 2801 4152 beatitudo
2847 4105 2860 4150 ε
2909 4089 3129 4170 sicque
3180 4089 3247 4150 in
3297 4088 3667 4152 beatissima
3716 4091 3981 4172 Virgine

863 4189 1018 4252 dum
1059 4187 1275 4250 omnia
1321 4187 1514 4249 simul
1553 4193 1926 4269 pensantur,
1959 4188 2364 4269 rationesque
2396 4194 2447 4258 D
2476 4194 2541 4249 et
2566 4186 2709 4248 aliis
2739 4187 3009 4260 SanctiS,
3041 4194 3104 4248 et
3134 4187 3201 4249 in
3226 4186 3439 4267 gratia
3469 4187 3581 4249 Dei
3611 4207 3977 4270 speramus.

863 4286 1328 4349 credendorum
1359 4293 1424 4347 et
1452 4293 1747 4367 praetacta
1775 4302 1998 4347 eorum
2029 4303 2364 4367 argumen-

863 4392 929 4448 ta
959 4389 1459 4465 comportantur,
1492 4401 1694 4445 nexus
1724 4385 2198 4465 quoque,ordo,
2220 4402 2366 4447 con-

863 4482 1156 4546 sonantia
1187 4489 1251 4543 et
1279 4481 1664 4544 cohabitudo
1695 4489 2074 4544 cunctorum
2113 4483 2363 4564 sapien-

861 4581 1102 4644 tialiter
1152 4578 1658 4652 considerantur,
1710 4579 2068 4642 clarissime
2117 4588 2365 4643 constat

863 4680 957 4743 nil
987 4679 1226 4754 verius,
1258 4677 1724 4752 rationabilius,
1748 4678 2031 4740 divinius
2061 4697 2202 4741 esse
2232 4679 2363 4742 fide

864 4786 928 4841 et
971 4779 1106 4860 lege
1149 4777 1512 4840 christianae
1554 4776 1902 4857 religionis.

943 4877 1086 4941 Haec
1118 4876 1398 4939 breviter
1427 4882 1594 4938 tacta
1623 4876 1753 4938 sint
1791 4874 1896 4936 hic
1937 4875 2003 4936 in
2033 4877 2361 4938 communi

864 4976 943 5038 de
989 4974 1370 5049 rationibuS,
1421 4973 1818 5055 argumentis
1865 4981 1928 5034 et
1979 4975 2364 5037 certitudine

863 5075 1019 5138 fidei
1051 5074 1550 5137 christianaezde
1580 5071 1817 5155 quibus
1856 5071 1920 5133 in
1959 5072 2104 5134 aliis
2145 5073 2363 5136 multis

865 5172 1214 5256 opusculis,
1266 5171 1618 5253 praesertim
1673 5170 1737 5232 in
1797 5169 2056 5251 Dialogo
2103 5171 2183 5233 de
2234 5171 2363 5234 ride

868 5270 1198 5344 catholica,
1217 5276 1283 5332 et
1312 5269 1378 5330 in
1409 5269 1699 5331 Tractatu
1731 5275 1950 5331 contra
1976 5269 2361 5332 Alcoranum

2476 4285 2552 4346 Et
2590 4284 2676 4346 ita
2720 4303 2865 4366 spes
2903 4283 3070 4347 sicut
3107 4291 3171 4346 et
3207 4283 3395 4358 fides,
3437 4286 3767 4348 concernit
3808 4305 3981 4368 quae-

2474 4384 2621 4446 dam
2672 4388 2882 4445 creata
2937 4401 3054 4465 per
3108 4383 3653 4464 comparationem
3700 4386 3780 4447 ad
3830 4385 3983 4448 ulti-

2478 4501 2655 4545 mum
2700 4481 2921 4544 finem.

2555 4579 3052 4662 AmpliuS,sicut
3082 4580 3319 4663 duplex
3348 4580 3586 4644 dicitur
3615 4580 3805 4658 fides,
3824 4591 3985 4664 puta

2476 4679 2771 4742 informis
2815 4685 2881 4741 et
2922 4677 3211 4753 formata,
3257 4681 3343 4742 ita
3385 4688 3449 4743 et
3492 4699 3662 4763 spes,
3704 4701 3851 4764 quae
3892 4692 3983 4746 ta·

2478 4797 2625 4840 men
2664 4784 2761 4841 est
2798 4778 3022 4841 eadem
3061 4777 3288 4839 virtus.
3321 4777 3651 4860 Quumque
3690 4799 3843 4862 spes
3884 4783 3981 4844 sic

2476 4876 2805 4950 definitur,
2856 4876 3014 4958 Spes
3062 4883 3159 4938 est
3205 4883 3377 4938 certa
3432 4880 3829 4960 exspectatio
3883 4879 3983 4942 fu·

2474 4983 2632 5037 turae
2680 4974 3005 5037 felicitatis
3053 4993 3132 5036 ex
3179 4975 3381 5055 gratia
3431 4975 3540 5037 Dei
3601 4978 3979 5062 meritisque

2474 5073 2790 5154 sperantis
2822 5073 3237 5154 proveniens3
3270 5073 3654 5154 intelligitur
3680 5075 3977 5141 definitio

2475 5171 2586 5233 illa
2631 5171 2708 5234 de
2753 5188 2866 5252 spe
2915 5169 3206 5244 formata,
3258 5170 3391 5234 imo
3438 5172 3653 5253 potius
3701 5174 3781 5237 de
3827 5183 3975 5238 actu

2477 5269 2698 5352 ipsius.
2750 5268 3210 5332 Cet-titudinem
3272 5269 3535 5334 demum
3584 5272 3725 5354 spei
3770 5273 3975 5358 aliqui
