4300 6259
131 2685 196 2737 (Υ.
213 2699 255 2738 p.
279 2686 352 2725 ³11

106 2747 148 2788 Β.
171 2752 242 2788 ³32
255 2747 300 2790 C·
313 2753 360 2790 et

103 2824 150 2853 s..
172 2815 244 2854 ³³7
259 2813 290 2854 A
313 2817 360 2856 et

103 2889 136 2916 s.

985 516 1064 564 DE
1104 517 1332 564 Lunum
1374 513 1760 562 cnmsnANAE
1799 513 2103 574 Tnnonm,
2147 515 2325 562 tumn
2367 517 2407 563 1.
2454 533 2533 544 -—
2576 515 2714 563 Am.
2758 516 2885 564 xcu

3369 495 3487 561 347

457 689 512 754 N
541 696 674 753 tota
711 689 990 772 denique
1029 688 1442 752 multitudine
1481 686 1884 770 philosopho·
1911 685 1964 750 A
1994 686 2269 769 phorum
2319 689 2832 770 sapientissimus
2879 687 3271 761 Aristoteles,
3312 684 3493 768 quid-

483 809 656 864 rum,
689 789 1098 873 philosophia
1121 788 1475 852 Aristotelis
1519 787 1882 852 christianae

378 889 642 952 theoriae
687 888 1078 952 conformior
1121 888 1380 950 inventa
1423 893 1540 960 est,
1583 885 1883 949 firmiori·

379 986 630 1069 busque
659 987 1062 1050 fulcimentis
1092 986 1383 1049 subnixa.
1407 985 1659 1048 Etenim
1691 985 1754 1046 in
1787 985 1881 1047 eis

381 1087 636 1168 punctis
669 1085 736 1148 in
768 1085 1006 1168 quibus
1033 1084 1191 1147 fidei
1223 1084 1540 1157 dissentit,
1575 1100 1703 1146 non
1747 1101 1885 1146 eru-

381 1183 520 1246 buit
555 1182 880 1256 confiteri,
915 1201 1287 1266 processum
1327 1181 1880 1245 determinationis

381 1299 510 1343 suae
557 1280 1133 1344 demonstrativum
1183 1296 1310 1342 non
1351 1297 1492 1342 esse
1535 1295 1550 1340 t
1595 1278 1760 1341 sicut
1802 1279 1881 1340 de

382 1379 734 1441 aeternitate
765 1377 989 1440 mundi
1019 1385 1083 1440 et
1121 1393 1392 1440 numero
1431 1374 1880 1456 intelligentia-

383 1495 546 1538 rum.
599 1476 852 1558 Quippe
911 1492 1177 1556 corpora
1234 1474 1545 1538 coelorum
1603 1475 1882 1536 animata

385 1574 542 1648 fore,
593 1575 848 1638 videtur
889 1573 1056 1637 velle
1099 1574 1556 1637 demonstrare.
1594 1573 1714 1636 Sed
1759 1573 1882 1636 hoc

385 1674 538 1736 fidei
582 1691 711 1736 non
753 1673 992 1746 obviat,
1041 1673 1207 1736 sicut
1249 1672 1642 1753 Augustinus
1690 1671 1886 1734 mani-

383 1772 541 1835 feste
609 1771 818 1834 tradit.
882 1772 1312 1834 Damascenus
1379 1777 1592 1833 autem
1655 1769 1880 1850 hujus-

1992 785 2255 849 ditatem
2315 786 2545 850 animae
2605 786 3018 867 investiganS,
3070 783 3489 848 substantiam

1992 885 2265 967 partitur
2296 885 2360 947 in
2392 885 2747 958 materiam,
2771 885 3063 959 formam,
3087 892 3151 948 et
3180 882 3493 966 composi-

1991 989 2148 1045 tum.
2194 983 2401 1048 Claret
2438 985 2649 1048 denuo
2688 985 2971 1047 animam
3013 983 3287 1047 formam
3327 1001 3489 1056 esse,

1993 1099 2120 1145 non
2154 1082 2375 1164 utique
2404 1101 2441 1146 a
2470 1081 2803 1146 formando
2834 1083 2935 1146 vel
2966 1082 3123 1146 foris
3150 1081 3489 1156 manendo,

1992 1182 2103 1244 sed
2142 1180 2223 1244 ab
2264 1181 2686 1244 informando.
2722 1182 2897 1245 Unde
2942 1181 3224 1244 animam
3264 1179 3492 1244 defini-

1993 1298 2106 1342 ens
2151 1279 2241 1341 ait
2288 1297 2302 1342 ε
2348 1279 2579 1342 Anima
2619 1287 2715 1342 est
2762 1287 2940 1342 actus
2984 1279 3255 1361 primus,
3289 1279 3353 1340 id
3397 1284 3493 1342 est

1993 1377 2431 1440 substantialis
2463 1377 2683 1448 forma,
2708 1378 2991 1460 corporis
3021 1376 3303 1458 organici
3337 1375 3491 1458 phy·

1993 1475 2349 1547 sici‚vitam
2381 1474 2676 1538 habentis
2708 1475 2774 1537 in
2806 1475 3119 1558 potentia3
3141 1482 3205 1537 et
3234 1481 3487 1557 postea:

1991 1574 2224 1636 Anima
2270 1574 2540 1657 (inquit)
2596 1582 2692 1637 est
2739 1575 2802 1636 id
2852 1591 2981 1656 quo
3031 1573 3311 1636 vivimus
3370 1572 3495 1655 pri-

1995 1690 2197 1745 mum,
2231 1672 2297 1736 id
2326 1680 2425 1736 est
2451 1672 2721 1736 formale
2763 1671 3156 1755 principium
3187 1671 3351 1734 vitae.
3388 1671 3493 1735 11ae

1997 1771 2267 1852 proinde
2315 1770 2727 1834 definitiones
2774 1770 3006 1834 animae
3052 1770 3152 1850 (ut
3201 1769 3267 1830 in
3314 1776 3494 1832 textu

381 1871 628 1933 cemodi
681 1869 1064 1952 positionem
1110 1887 1372 1951 prorsus
1416 1868 1676 1931 molitur
1716 1867 1882 1930 avel-
1917 1867 1964 1930 B
1996 1869 2243 1949 subdit)
2271 1869 2349 1932 de
2378 1869 2555 1932 omni
2584 1869 2799 1932 anima
2840 1869 3089 1930 dantur.
3126 1867 3490 1940 Enimvero,

380 1968 525 2032 lere.
543 1969 666 2032 Sed
697 1968 832 2032 haec
863 1968 1180 2050 posterius
1205 1967 1688 2031 determinanda
1711 1974 1874 2029 sunt.

455 2067 620 2130 Sunt
683 2067 950 2149 insuper
1013 2065 1126 2148 qui
1195 2066 1421 2128 dicunt
1475 2064 1879 2128 Aristotelem

379 2163 694 2247 posuisse,
765 2165 935 2247 quod
1007 2181 1138 2228 non
1205 2164 1290 2226 sit
1357 2164 1484 2226 Deo
1545 2163 1880 2226 hominum

379 2283 555 2336 cura,
605 2263 788 2345 quasi
841 2281 968 2326 non
1017 2262 1334 2344 gubernet
1381 2263 1735 2326 humanum
1783 2280 1885 2342 ge·

381 2379 544 2440 nus;
575 2369 640 2424 et
681 2362 742 2423 id
784 2361 1001 2443 ipsum
1029 2361 1404 2424 Ambrosius
1445 2368 1508 2422 et
1545 2360 1884 2442 Gregorius

381 2460 706 2543 Nyssenus
763 2459 1107 2542 imponunt
1164 2459 1242 2521 ei.
1297 2459 1744 2522 Verumtamen
1805 2459 1884 2520 de

383 2558 502 2620 hac
533 2557 801 2620 materia
830 2574 956 2620 non
998 2555 1336 2620 manifeste
1379 2556 1628 2618 locutus
1667 2563 1764 2618 est
1805 2556 1881 2618 ad

385 2656 652 2738 plenum
689 2673 704 2718 :
739 2655 891 2729 imo,
925 2661 996 2717 ut
1025 2661 1486 2737 praeostensum
1517 2662 1635 2729 est,
1669 2673 1746 2717 ex
1777 2655 1884 2717 do-

385 2754 596 2816 ctrina
639 2753 804 2834 ejuS,
849 2753 1044 2833 hujus
1087 2753 1456 2835 oppositum
1499 2753 1708 2834 potius
1749 2760 1883 2834 pot-

385 2861 484 2915 est
515 2851 806 2933 intelligi.
837 2851 945 2913 Ait
973 2869 1252 2932 namque
1279 2851 1574 2914 homines
1603 2859 1882 2914 contem-

383 2949 659 3032 plativos
707 2957 770 3012 et
817 2949 1132 3012 theoricos
1179 2949 1372 3022 virOS,
1411 2949 1884 3012 amantissimos

1995 1966 2163 2030 sicut
2188 1986 2266 2029 ex
2297 1967 2587 2030 doctrina
2616 1967 2821 2049 ipsius
2851 1965 3072 2028 haberi
3104 1972 3333 2048 potest,
3366 1965 3495 2026 duo

1994 2065 2414 2147 requiruntur
2440 2066 2518 2128 ad
2558 2065 2677 2128 hoc
2720 2066 2890 2148 quod
2934 2065 3149 2146 aliqua
3191 2065 3496 2127 uniantur

1995 2165 2163 2228 sicut
2206 2164 2645 2227 substantialis
2692 2163 2898 2226 forma
2940 2171 3005 2226 et
3050 2164 3334 2226 materia.
3368 2163 3497 2225 Pri-

1996 2283 2199 2338 mum,
2233 2270 2303 2325 ut
2332 2283 2532 2326 unum
2567 2263 2650 2326 sit
2682 2263 3067 2326 intrinsecus
3095 2271 3275 2325 actus
3313 2262 3494 2325 alteri

1994 2381 2134 2425 esse
2166 2361 2667 2424 communicans.
2691 2363 2914 2424 Forma
2946 2379 3177 2442 nempe
3208 2360 3499 2422 acciden-

1993 2460 2140 2522 talis
2172 2477 2297 2522 non
2329 2459 2436 2522 dat
2466 2479 2603 2521 esse
2635 2459 3037 2542 simpliciter,
3062 2459 3170 2521 sed
3204 2477 3345 2522 esse
3375 2458 3498 2520 tale

1994 2558 2096 2620 vel
2137 2556 2494 2620 secundum
2533 2557 2707 2638 quid.
2742 2556 2889 2619 Ideo
2928 2556 3015 2619 ait
3053 2555 3495 2638 Philosophus,

1996 2657 2167 2738 quod
2208 2655 2473 2718 materia
2514 2662 2577 2718 et
2623 2655 2830 2718 forma
2879 2654 3247 2717 immediate
3294 2661 3359 2716 et
3406 2672 3499 2716 es-

1995 2753 2350 2817 sentialiter
2380 2754 2710 2816 uniuntur.
2756 2753 3121 2816 Secundum
3161 2761 3277 2826 est,
3313 2759 3384 2814 ut
3420 2771 3496 2814 ex

1996 2851 2235 2915 unione
2277 2852 2495 2914 formae
2541 2859 2605 2914 et
2642 2851 2923 2914 materiae
2964 2851 3229 2914 resultet
3271 2868 3495 2922 unum,

1994 2949 2166 3031 quod
2211 2949 2303 3010 sic
2344 2948 2427 3010 sit
2466 2966 2605 3010 esse
2642 2949 2859 3022 totius,
2904 2956 2973 3010 ut
3016 2948 3177 3010 nulli
3221 2948 3497 3030 partium

383 3049 534 3110 Deo.
577 3048 838 3120 RursuS,
873 3046 1098 3108 scribit
1143 3047 1208 3108 in
1250 3046 1552 3120 Politicis,
1587 3045 1884 3109 bestiales
1920 3051 1963 3116 C
1996 3047 2351 3110 conveniat.
2385 3047 2724 3127 Propterea
2753 3065 2831 3110 ex
2860 3046 3112 3109 duobus
3142 3045 3403 3108 entibus
3433 3045 3499 3107 in

379 3153 448 3207 et
477 3145 857 3208 criminosos
888 3145 1110 3208 bestiis
1151 3144 1740 3226 incomparabiliter
1780 3145 1884 3207 de-

379 3244 651 3306 teriores
689 3242 845 3306 fore.
879 3243 1055 3317 Quod
1087 3242 1140 3305 si
1173 3242 1290 3316 illi,
1323 3243 1678 3306 secundum
1708 3262 1881 3317 eum,

377 3341 518 3404 sint
545 3341 671 3404 Deo
701 3341 1030 3416 amabiles,
1071 3349 1227 3404 tunc
1267 3340 1488 3423 utique
1520 3349 1584 3403 et
1614 3341 1679 3403 bi
1711 3349 1881 3415 sunt,

377 3439 739 3502 seeundum
784 3457 958 3512 eum,
1008 3438 1282 3502 odibiles
1326 3437 1472 3501 Deo.
1520 3438 1665 3502 Haec
1708 3438 1886 3520 equi-

377 3537 534 3600 dem
564 3537 882 3619 quomodo
917 3537 1042 3599 dici
1086 3543 1366 3619 possent,
1400 3536 1454 3599 si
1499 3554 1628 3599 non
1672 3555 1879 3599 remu-

380 3642 638 3698 neraret
677 3635 842 3697 Deus
884 3643 948 3697 et
987 3634 1283 3716 diligeret
1319 3633 1486 3708 illos,
1519 3634 1634 3696 hos
1670 3642 1887 3697 autem

379 3750 518 3795 non
564 3733 842 3814 puniret,
876 3733 1230 3815 praesertim
1277 3751 1478 3813 quum
1528 3740 1744 3814 aperte
1784 3733 1888 3795 do-

376 3839 549 3903 ceat,
591 3830 1087 3892 intellectualem
1129 3830 1411 3892 animam
1459 3830 1887 3893 immortalem

375 3947 528 3990 esse
558 3934 620 3990 et
647 3929 910 3992 omnino
938 3927 1686 4010 intranscorporabilem?
1705 3928 1892 3991 Porro

373 4027 434 4090 si
471 4027 622 4108 quis
659 4026 896 4089 librum
939 4027 1019 4090 de
1063 4027 1258 4089 Morte
1299 4033 1364 4088 et
1399 4043 1608 4108 pom0,
1646 4035 1710 4089 et
1754 4027 1886 4109 epi·

375 4125 580 4188 stolas
593 4144 766 4207 «quas
785 4124 1144 4188 Alexandro
1173 4123 1307 4205 regi
1339 4125 1616 4198 miserat,
1639 4124 1888 4207 conspi-

1994 3153 2140 3208 actu
2180 3161 2307 3207 non
2348 3151 2556 3227 potest
2594 3143 2739 3206 fieri
2782 3163 3001 3208 unum.
3046 3145 3269 3206 Forma
3306 3143 3497 3206 etiam

1995 3263 2137 3326 quae
2168 3243 2361 3306 habet
2386 3261 2527 3305 esse
2567 3243 2901 3324 personale
2938 3250 3048 3305 aut
3084 3242 3497 3324 suppositale,

1997 3358 2122 3404 non
2158 3347 2365 3424 potest
2394 3339 2573 3404 effici
2604 3347 2785 3402 actus
2817 3341 3121 3423 corporis.
3156 3341 3293 3403 Non
3323 3339 3496 3402 enim

1997 3447 2206 3522 potest
2250 3439 2502 3521 concipi
2548 3440 2718 3521 quod
2764 3440 2848 3502 sit
2887 3439 3131 3520 aliquid
3175 3447 3346 3502 stans
3385 3457 3499 3520 per

1997 3538 2339 3601 essentiam
2372 3557 2554 3600 suam
2599 3537 2663 3599 in
2707 3556 2797 3612 se,
2830 3545 2893 3600 et
2934 3539 3106 3619 quod
3150 3538 3232 3600 sit
3274 3556 3497 3600 secun·

1997 3637 2153 3698 dum
2186 3636 2357 3699 idem
2385 3635 2569 3698 alteri
2617 3635 2917 3698 innitens,
2954 3635 3263 3709 Quoniam
3305 3635 3500 3715 igitur

1999 3733 2325 3797 rationalis
2354 3733 2571 3796 anima
2598 3733 2883 3816 corporis
2914 3731 3121 3796 forma
3148 3740 3265 3806 est,
3298 3732 3499 3796 homi-

1999 3849 2147 3894 nem
2209 3831 2603 3895 constituens
2663 3831 2729 3892 in
2788 3831 3025 3913 specie,
3084 3849 3345 3894 necesse
3403 3839 3499 3892 est

1997 3929 2133 3994 haec
2184 3929 2487 4011 praedicta
2535 3927 2659 3991 sibi
2710 3928 3071 3991 convenire.
3124 3928 3299 3990 Unde
3358 3943 3500 3990 con·

1998 4047 2273 4110 sequens
2341 4035 2439 4088 est
2504 4026 2833 4089 hominem
2894 4045 3009 4108 per
3066 4025 3496 4088 intellectuale

1997 4126 2304 4189 rationale
2354 4124 2419 4186 in
2479 4124 2695 4206 specie
2746 4124 2917 4206 poni.
2968 4124 3245 4206 Ideoque
3291 4123 3496 4186 Philo-

375 4225 537 4296 eiat,
565 4224 772 4305 palam
811 4231 1110 4304 agnoscet
1137 4221 1544 4286 Aristotelem
1577 4241 1704 4286 non
1736 4222 1886 4286 fuis·
1917 4225 1966 4286 D
1998 4224 2239 4306 sophus
2288 4223 2354 4285 in
2397 4223 2651 4286 decimo
2692 4221 3061 4286 Ethicorum
3106 4220 3263 4284 dicit
3304 4223 3498 4304 quod-

375 4342 450 4386 se
496 4321 640 4385 talis
681 4320 1022 4403 opinionis.
1057 4321 1154 4382 An
1183 4327 1398 4382 tamen
1431 4320 1669 4383 librum
1703 4321 1885 4383 illum

373 4419 679 4493 ediderit,
729 4419 1106 4500 ambiguum
1155 4419 1430 4481 videtur.
1476 4453 1555 4464 —
1599 4419 1692 4481 Ad
1740 4419 1885 4482 Am-

371 4517 674 4582 brosium
705 4517 902 4599 igitur
931 4516 1058 4579 dici
1092 4523 1320 4598 potest,
1363 4517 1532 4598 quod
1575 4516 1637 4579 id
1683 4517 1883 4599 impo-

371 4617 516 4680 suit
559 4615 880 4678 Aristoteli
919 4615 1089 4698 quod
1137 4634 1176 4677 a
1220 4614 1607 4696 quibusdam
1649 4615 1884 4678 Aristo-

371 4715 596 4780 telicis
653 4722 942 4796 tempore
1009 4729 1126 4775 suo
1195 4712 1604 4776 currentibus
1673 4713 1884 4776 forsan

370 4811 736 4877 dicebatur.
762 4811 865 4874 Sic
895 4828 1174 4891 namque
1205 4811 1407 4873 multa
1435 4810 1888 4873 adscribuntur

369 4910 628 4976 Platoni
671 4917 739 4974 et
773 4907 1121 4983 Aristoteli,
1154 4928 1296 4990 quae
1340 4924 1468 4970 non
1505 4909 1586 4972 ab
1625 4907 1740 4982 eis,
1773 4910 1883 4972 sed

371 5031 412 5074 a
443 5008 840 5092 quibusdam
880 5008 1167 5091 ipsorum
1206 5007 1590 5090 sequacibus
1633 5009 1886 5071 tradun-

371 5117 510 5172 tur.
575 5107 716 5170 Haec
779 5114 997 5170 autem
1062 5105 1524 5188 digressionem
1591 5106 1886 5170 faciendo

371 5208 558 5272 dicta
597 5213 764 5268 sunt.

455 5303 582 5368 Hic
629 5301 827 5386 igitur
865 5301 1157 5368 omnium
1199 5301 1560 5369 Graecorum
1603 5303 1881 5388 pbiloso-

1997 4324 2142 4385 dam
2175 4322 2467 4385 divinum
2500 4321 2709 4384 inesse
2740 4319 2947 4394 nobiS,
2978 4320 3147 4402 quod
3179 4327 3277 4384 est
3314 4319 3496 4384 intel-

1997 4422 2217 4484 lectuS.

2075 4518 2321 4593 Adhuc,
2383 4517 2832 4581 universaliter
2899 4517 2966 4580 in
3033 4519 3256 4582 eodem
3317 4525 3495 4580 actus

1997 4616 2316 4678 secundus
2374 4617 2665 4698 sequitur
2711 4616 2787 4678 ad
2838 4623 3051 4678 actum
3104 4615 3386 4698 primum
3434 4623 3497 4678 et

1996 4714 2437 4796 praesupponit
2478 4714 2661 4776 illum
2697 4731 2711 4775 :
2746 4713 2914 4776 sicut
2942 4713 3344 4777 considerare
3376 4713 3495 4776 sci·

1995 4813 2315 4875 entialiter
2373 4811 2810 4895 praesupponit
2858 4811 3213 4874 scientiam.
3263 4812 3497 4874 Intelli-

1993 4929 2142 4992 gere
2190 4917 2405 4973 autem
2444 4917 2507 4972 et
2547 4909 2929 4983 discurrere,
2978 4916 3128 4972 sunt
3175 4917 3355 4972 actus
3401 4928 3495 4972 se-

1994 5009 2189 5072 cundi
2238 5007 2529 5071 essentiae
2585 5006 2910 5070 rationalis
2962 5023 2976 5068 ι
3030 5007 3499 5089 praerequirunt

1994 5107 2191 5188 igitur
2218 5107 2282 5169 in
2316 5106 2575 5169 homine
2605 5113 2819 5168 actum
2852 5104 3241 5187 primum,et
3269 5106 3373 5168 bic
3401 5114 3498 5168 est

1993 5212 2219 5268 natura
2249 5203 2597 5268 rationalis.
2630 5204 2745 5266 Illa
2772 5211 2871 5266 est
2914 5221 3067 5284 ergo
3110 5203 3492 5267 substantia-

1993 5303 2072 5366 lis
2123 5302 2435 5386 perfectio
2486 5301 2766 5366 hominis
2822 5319 2837 5364 ε
2892 5301 3076 5367 aliter
3133 5301 3493 5366 discurrere
