4300 6259
804 441 926 506 168<

1653 458 2075 508 ELEMENTATIO
2115 455 2514 504 TnEoLoeicA.
2560 473 2640 486 —
2683 457 2763 504 m:
2803 457 3062 506 munis

524 651 635 700 Luc.
654 667 685 707 ι,
708 656 781 698 2⁶-
808 630 1070 694 modum
1102 630 1357 696 Gabriel
1378 630 1795 713 archangelus
1820 629 2139 692 nuntiavit
2162 627 2307 690 bea·
2333 625 2386 690 A
2419 627 2759 710 prehensio
2785 629 2920 693 sive
2952 628 3191 703 fruiti0‚
3224 648 3368 713 quae
3395 629 3473 693 ad
3501 628 3796 692 Thronos
3825 628 3946 688 est

573 849 693 893 Dan.
722 863 783 901 ιι,

516 914 657 957 ὶΗῚ.

528 975 637 1020 Luc.
657 988 689 1028 ι,
712 978 783 1019 li-

517 1039 587 1083 2⁰.

805 729 1071 793 tissimae
1099 729 1345 810 Virgini
1374 729 1566 794 Verbi
1598 728 2099 791 incarnationem
2129 733 2307 790 aeter-

810 827 901 902 ni,
953 835 1017 891 et
1071 828 1317 891 Danieli
1378 837 1623 892 certum
1682 834 1937 908 tempus
1996 826 2306 888 adventus

811 925 1255 1009 passionisque
1286 926 1539 1001 Christi,
1572 944 1647 988 ac
1678 925 1991 988 Zachariae
2019 923 2310 986 nativita-

810 1032 939 1088 tem
974 1025 1385 1107 praecursoris
1415 1024 1613 1088 illius.
1646 1023 2075 1114 Archangelos
2112 1022 2307 1085 etiam

806 1123 1006 1205 aliqui
1036 1123 1252 1186 ferunt
1283 1123 1558 1205 praelatis
1588 1122 2121 1205 principibusque
2151 1139 2308 1203 prae-

806 1238 965 1284 esse.
986 1220 1212 1302 Angeli
1245 1222 1504 1284 demum
1538 1220 1795 1303 proprie
1827 1225 2304 1301 nuncupantur,

804 1318 914 1401 qui
946 1319 1189 1381 minora
1222 1319 1703 1393 denuntiant,et
1730 1317 1999 1399 singulis
2029 1324 2309 1398 praesunt

724 1447 740 1460 -
803 1415 1284 1490 hominibuS,ac
1315 1417 1767 1480 concernentia
1797 1415 2308 1497 uniuscujusque

802 1514 1213 1577 commodum
1274 1521 1339 1578 et
1396 1515 1667 1577 salutem
1728 1514 2150 1597 prospiciunt,
2203 1532 2309 1574 an-

802 1612 1104 1675 nuntiant
1145 1620 1210 1675 et
1251 1621 1615 1694 procurant.

884 1710 1172 1792 Denique
1221 1711 1342 1773 ista
1390 1709 1750 1774 coelestium
1802 1708 2307 1773 hierarchiarum

2419 726 2762 808 pertinens.
2813 727 3264 791 Verumtamen
3323 726 3657 812 quodlibet
3699 724 3950 805 hujus·

2419 824 2589 887 modi
2619 825 2919 888 ordinum
2951 825 3382 909 suppositum,
3401 826 3501 888 his
3521 825 3732 887 tribus
3765 841 3944 905 prae-

2417 923 2623 986 ditum
2673 931 2790 998 est,
2835 923 2985 987 licet
3031 924 3308 1007 quisque
3353 925 3509 988 ordo
3545 922 3629 986 ab
3673 940 3752 985 eo
3792 938 3947 984 sor-

2419 1021 2610 1084 tiatur
2674 1041 2912 1086 nomen
2980 1024 3150 1105 quod
3219 1023 3323 1086 vel
3389 1021 3735 1104 specialius
3810 1025 3944 1082 aut

2418 1119 2807 1183 eminentius
2851 1121 3102 1184 coelitus
3143 1120 3412 1202 accepit.
3456 1119 3720 1195 Quidam
3768 1134 3945 1182 vero

2419 1216 2712 1290 officiati,
2763 1218 3005 1300 praelati
3064 1224 3174 1281 aut
3232 1217 3582 1300 principer„
3632 1213 3942 1298 deputati

2420 1322 2570 1378 sunt
2608 1314 3054 1396 gubernationi
3095 1315 3574 1379 communitatis
3620 1314 3686 1376 in
3735 1331 3942 1394 gene·

2421 1412 2559 1474 rali.
2584 1413 2865 1487 Quorum
2897 1413 3156 1497 quidam
3189 1412 3428 1476 habent
3455 1413 3776 1486 ordinare,
3800 1411 3942 1474 dis-

2423 1529 2660 1593 ponere
2689 1531 2762 1574 ac
2791 1511 3020 1593 jubere
3053 1511 3207 1594 quid
3238 1511 3348 1574 alii
3377 1530 3564 1593 agere
3593 1510 3878 1573 debeant
3917 1527 3936 1570 :

2420 1610 2590 1690 quod
2625 1610 2687 1672 in
2727 1609 2970 1673 coelesti
3016 1609 3375 1672 hierarchia
3416 1611 3494 1672 ad
3537 1607 3944 1673 Dominatio-

2421 1727 2534 1770 nes
2582 1708 2827 1771 dictum
2875 1716 2974 1772 est
3019 1708 3360 1791 pertinere.
3407 1708 3564 1771 Aliis
3614 1707 3942 1789 competit

719 1873 733 1884 ,
802 1807 1368 1890 angelicorumque
1412 1807 1708 1871 ordinum
1755 1805 2101 1879 distinctio,
2147 1804 2307 1867 mul·
2338 1803 2384 1865 B
2421 1806 2764 1870 auctoritas
2807 1813 2872 1870 et
2918 1815 3196 1889 potestas
3247 1807 3638 1888 exsequendi
3690 1824 3810 1888 per
3857 1823 3940 1867 se

542 2706 605 2750 De
615 2705 783 2749 Coelcst.

492 2770 602 2814 bier.
616 2781 655 2812 c.
670 2781 729 2819 iv,
742 2781 785 2811 x.

806 1912 943 1967 tum
974 1913 1071 1969 est
1108 1904 1485 1988 imperfecta
1529 1912 1609 1968 et·
1634 1905 1971 1986 generalis,
2006 1903 2310 1986 quemad-

806 2004 1069 2066 modum
1120 2010 1183 2066 et
1244 2004 1415 2085 ipsos
1466 2003 1723 2086 penitus
1776 2001 2155 2085 imperfecte
2206 2018 2307 2064 co-

802 2101 1192 2182 gnoscimus,
1210 2101 1326 2174 Qui
1348 2108 1561 2163 autem
1592 2101 1914 2181 angelicos
1943 2099 2312 2181 spirituS,et

806 2216 1031 2260 eorum
1071 2205 1329 2260 naturas
1375 2216 1448 2260 ac
1497 2199 1767 2279 specieS,
1809 2198 2063 2278 graduS,
2104 2205 2306 2269 actuS,

808 2295 1051 2369 officia,
1085 2296 1447 2358 distinctius
1493 2303 1805 2370 nosceret,
1848 2312 2070 2358 eorum
2115 2296 2309 2358 etiam

810 2395 1089 2468 ordineS,
1122 2395 1543 2476 operationeS‚
1570 2394 1899 2477 obsequia,
1938 2401 2149 2476 posset
2181 2393 2312 2475 ple-

809 2492 979 2566 niuS,
1032 2492 1542 2566 determinatiuS,
1596 2492 1873 2554 lucidius
1922 2491 2246 2572 assignare
2297 2508 2312 2552 ε

812 2598 1073 2672 propter
1102 2590 1272 2673 quod
1301 2589 1557 2653 divinus
1602 2598 1667 2652 et
1712 2589 2180 2652 sacratissimus
2220 2590 2318 2651 Di-

814 2689 1075 2770 onysius
1136 2687 1199 2751 in
1259 2689 1484 2751 eodem
1544 2687 1767 2751 ordine
1826 2687 2122 2768 perhibet
2179 2706 2318 2750 esse

813 2803 1121 2860 summost,
1157 2787 1401 2849 medios
1444 2805 1515 2848 ac
1560 2786 1840 2848 infimos.

1124 2993 1643 3059 PROPOSITIO
1690 2994 1997 3058 LXVIII.

906 3177 1371 3245 Ooelestium
1453 3176 2094 3245 hierarchiarum
2166 3180 2316 3246 dis-

818 3277 1318 3358 positionem,
1361 3275 2063 3358 angelicorumque
2115 3278 2320 3344 ordi-

820 3390 1012 3441 num
1050 3373 1655 3441 distinctionem
1694 3374 2159 3456 aliqualiter
2201 3391 2318 3442 ca-

820 3486 1008 3554 pere
1048 3486 1464 3553 pessumus
1506 3486 1649 3552 per
1691 3486 1783 3539 ea
1823 3487 1997 3552 quae
2040 3474 2127 3537 in
2167 3474 2320 3539 ter-

821 3585 1011 3636 reno
1053 3571 1452 3636 cernimus
1493 3571 1971 3651 principatu.

903 3667 1080 3742 Quod
1126 3676 1243 3738 est,
1286 3667 1437 3748 quia
1485 3666 1915 3729 ecclesiastica
1965 3667 2324 3730 hierarchia

824 3767 1112 3830 instituta
1143 3773 1240 3828 est
1268 3773 1459 3847 atque
1498 3765 1808 3848 disposita
1847 3765 2047 3828 instar
2087 3766 2324 3847 angeli-

823 3885 912 3929 cae
943 3864 1338 3937 hierarchiae,
1372 3865 1665 3946 quamvis
1698 3863 1874 3926 illam
1907 3862 2190 3946 perfecte
2231 3882 2324 3925 re-

821 3969 1204 4045 praesentare
1242 3978 1371 4027 non
1410 3961 1633 4024 valeat.
1675 3961 1866 4024 Porro
1916 3962 1980 4023 in
2028 3961 2324 4024 ecelesia-

820 4061 982 4124 stica
1054 4060 1415 4122 hierarchia
1491 4066 1619 4122 tam
1698 4061 2050 4142 spiritualis
2127 4080 2320 4142 quam

2421 1905 2556 1967 sive
2587 1924 2702 1986 per
2729 1905 2888 1969 alios
2912 1907 3116 1987 :quod
3149 1905 3214 1967 in
3246 1903 3614 1968 coelestibus
3645 1903 3940 1986 pertinet

2421 2003 2499 2064 ad
2530 2002 2831 2076 VirtuteS,
2865 2003 3102 2085 quibus
3140 2003 3403 2085 quidam
3441 2002 3804 2065 attribuunt
3849 2001 3940 2064 si·

2421 2119 2544 2181 gna
2575 2107 2640 2165 et
2678 2101 2987 2163 miracula
3029 2107 3418 2183 perpetrare,
3452 2108 3562 2164 aut
3592 2099 3787 2163 etiam
3826 2101 3939 2180 (ut

2423 2198 2620 2280 aliqui
2652 2199 3025 2281 opinantur)
3055 2216 3322 2282 corpora
3351 2197 3636 2262 coelestia
3666 2215 3936 2261 movere

2423 2314 2496 2357 ac
2528 2315 2767 2377 regere.
2801 2296 2957 2359 Aliis
2988 2297 3296 2379 competit
3332 2314 3549 2360 arcere
3586 2314 3660 2358 ac
3699 2293 3936 2358 tollere

2425 2394 2885 2476 impedimenta
2917 2395 3068 2457 boni
3101 2395 3432 2476 regiminis
3466 2412 3481 2457 t
3516 2394 3684 2477 quod
3717 2394 3784 2455 in
3815 2413 3935 2455 an-

2425 2492 2646 2574 gelicis
2717 2491 3052 2574 spiritibus
3119 2499 3367 2574 spectat
3421 2492 3499 2555 ad
3555 2493 3929 2556 Potestates.

2426 2590 2713 2672 Denique
2745 2592 2809 2653 in
2843 2590 3205 2674 principatu
3244 2598 3500 2658 terreno
3538 2589 3931 2673 quibusdam

2425 2689 2850 2751 committitur
2879 2689 3165 2770 regimen
3198 2696 3386 2752 certae
3416 2687 3784 2770 provinciae,
3815 2694 3934 2748 aut

2427 2785 2582 2848 certi
2645 2787 2888 2868 oppidi,
2940 2794 3048 2849 aut
3107 2785 3511 2868 particularis
3568 2802 3860 2867 personae
3911 2802 3928 2845 :

2427 2884 2542 2957 sic,
2604 2892 2675 2946 ut
2731 2884 2958 2966 patuit,
3012 2885 3077 2946 in
3130 2883 3491 2947 hierarchia
3537 2883 3778 2946 coelesti
3833 2883 3935 2944 in-

2351 2981 2396 3046 G
2429 2981 2602 3044 fima.

2507 3078 2793 3152 interim,
2827 3079 2997 3141 circa
3025 3079 3158 3142 haec
3191 3078 3530 3158 Gregorius
3565 3085 3630 3140 et
3665 3077 3934 3140 Bernar-

2429 3177 2548 3239 dus
2606 3177 2796 3240 aliam
2856 3176 3159 3239 habuisse
3208 3176 3781 3239 considerationem
3841 3175 3933 3237 vi-

2431 3276 2679 3349 dentur,
2731 3274 3111 3355 assignando
3159 3282 3222 3336 et
3270 3273 3720 3355 distinguendo
3765 3273 3932 3336 ordi-

2433 3392 2544 3436 nes
2587 3372 2811 3436 mediae
2854 3371 3226 3435 hierarchiae
3265 3391 3458 3454 penes
3496 3370 3932 3435 diversitatem

2435 3470 2919 3553 praelationum3
2964 3470 3223 3532 ordines
3270 3488 3424 3533 vero
3471 3468 3712 3534 infimae
3760 3469 3931 3533 hier-

2433 3568 2687 3642 archiae,
2749 3587 2947 3650 penes
3017 3567 3448 3631 diversitatem
3509 3567 3930 3631 ministratio-

2435 3686 2612 3729 num.
2664 3667 2950 3730 Praelatio
2999 3667 3240 3749 quippe
3291 3667 3354 3729 in
3403 3667 3645 3747 angelis
3689 3667 3927 3748 triplex

2435 3773 2547 3828 est.
2611 3765 2763 3839 Una,
2814 3784 2940 3847 qua
2987 3765 3351 3847 superiores
3393 3765 3602 3846 angeli
3646 3773 3932 3846 praesunt

2433 3871 2499 3925 et
2538 3862 2767 3943 jubent
2815 3862 3226 3926 inferioribus
3280 3880 3294 3925 :
3346 3864 3516 3945 quod
3571 3863 3928 3926 secundum

2435 3960 2549 4022 hos
2617 3960 2900 4035 Sanctos,
2963 3961 3240 4042 pertinet
3293 3962 3372 4024 ad
3431 3959 3927 4025 DominationeS.

2433 4057 2592 4132 Alia,
2626 4076 2751 4139 qua
2783 4065 3065 4139 praesunt
3101 4058 3474 4121 hominibus
3519 4077 3534 4121 :
3575 4059 3742 4142 quod
3790 4077 3932 4140 per-

821 4158 1033 4221 civilis
1091 4157 1425 4239 regiminis
1486 4158 1811 4220 cernimus
1868 4159 2117 4240 aliquos
2173 4158 2321 4221 sub·
2356 4158 2404 4219 D
2434 4155 2596 4218 tinet
2642 4156 2719 4218 ad
2770 4155 3186 4237 Principatus.
3240 4156 3470 4230 Tertia,
3522 4177 3648 4239 qua
3696 4156 3933 4239 princi-

822 4257 1128 4330 ditomm,
1170 4255 1490 4329 officium,
1534 4256 2057 4319 commissionem
2107 4263 2169 4319 et
2216 4257 2324 4319 ad-

822 4354 1357 4417 ministrationem
1419 4351 1654 4416 habere
1718 4353 2087 4416 immediate
2154 4355 2326 4417 circa

825 4453 1221 4535 praesidentis
1254 4470 1588 4534 personam
1611 4470 1625 4513 :
1647 4451 2009 4532 cujusmodi
2041 4459 2191 4514 sunt
2221 4470 2324 4515 cu-

820 4549 1142 4624 bicularii,
1176 4549 1549 4623 consiliarii,
1585 4550 1911 4612 secretarii
1943 4567 2323 4613 assessores-

819 4669 947 4732 que
976 4657 1087 4712 aut
1116 4647 1540 4730 archipraelati
1572 4648 1759 4729 regis.
1800 4646 2044 4721 Quibus
2074 4649 2322 4710 assimi-

818 4748 1033 4811 lantur
1061 4746 1317 4809 ordines
1350 4745 1574 4827 primae
1615 4745 2011 4819 hierarchiae,
2044 4762 2317 4826 quorum

815 4845 1142 4909 distinctio
1171 4843 1448 4906 sumitur
1479 4861 1674 4925 penes
1705 4851 1833 4906 tres
1864 4851 2064 4916 actm,
2098 4843 2209 4925 qui
2239 4845 2318 4906 ad

814 4944 1164 5027 perfectam
1217 4960 1365 5004 cum
1412 4942 1539 5004 Deo
1582 4941 1887 5005 unionem
1928 4948 2318 5004 concurrunt

815 5051 879 5105 et
919 5041 1282 5121 exiguntur,
1325 5038 1435 5122 qui
1480 5047 1629 5101 sunt
1672 5056 1686 5102 ε
1728 5039 1985 5102 fervens
2028 5038 2312 5114 dilecti0,

816 5146 1108 5222 spectans
1139 5137 1217 5200 ad
1249 5137 1615 5219 Seraphim3
1647 5137 1817 5199 clara
1847 5136 2147 5218 cognitio,
2172 5154 2315 5219 quae

818 5243 1061 5320 spectat
1100 5235 1179 5298 ad
1224 5233 1611 5314 Cherubim3
1646 5233 1837 5296 firma
1879 5233 2101 5310 tentio,
2134 5251 2309 5298 com-

2436 4261 2668 4335 pantur
2698 4253 3119 4327 daemonibus,
3153 4271 3313 4336 quos
3353 4255 3679 4319 refrenant
3711 4273 3726 4316 τ
3759 4259 3934 4337 quod

2433 4358 2674 4433 spectat
2725 4352 2802 4413 ad
2851 4352 3214 4415 Potestates.
3259 4351 3695 4416 conformiter
3742 4352 3932 4416 mini-

2433 4451 2700 4512 sterium
2748 4451 3119 4531 angelorum
3167 4459 3264 4514 est
3308 4452 3562 4534 triplex.
3607 4453 3813 4516 Unum
3862 4454 3932 4514 iu

2433 4549 2800 4629 operando:
2835 4547 3005 4629 quod
3047 4551 3398 4612 secundum
3447 4551 3708 4613 Sanctos
3751 4551 3928 4624 istoS‚

2433 4645 2711 4727 pertinet
2740 4647 2816 4707 ad
2849 4645 3149 4722 VirtuteS‚
3182 4666 3456 4728 quarum
3485 4654 3583 4711 est
3623 4647 3936 4711 miracula

2433 4744 2660 4807 facere.
2694 4742 2883 4806 Aliud
2917 4743 2981 4805 in
3012 4744 3300 4807 docendo
3327 4763 3402 4808 ac
3432 4747 3786 4810 nuntiando
3817 4763 3834 4808 :
3867 4755 3934 4809 et

2433 4843 2552 4904 hoc
2583 4841 2685 4903 vel
2718 4841 2982 4921 majora,
3017 4842 3186 4924 quod
3218 4851 3316 4905 est
3344 4843 3930 4926 Archangelorum3

2429 4948 2537 5002 aut
2570 4939 2836 5012 minora,
2869 4940 3039 5020 quod
3069 4946 3166 5002 est
3193 4938 3490 5003 officium
3518 4942 3928 5024 Angelorum.

2427 5039 2646 5120 Itaque
2685 5037 3024 5118 Gregorius
3069 5044 3135 5099 et
3172 5037 3530 5101 Bernardus
3574 5039 3639 5101 in
3683 5040 3934 5122 exposi-

2426 5137 2599 5200 tione
2629 5135 3058 5198 distinctionis
3089 5133 3458 5198 officiorum
3489 5136 3788 5199 ordinum
3819 5138 3930 5201 ho-

2423 5254 2589 5310 rum,
2625 5235 2824 5317 magis
2853 5234 3192 5298 attendunt
3217 5234 3534 5299 exteriora
3561 5234 3873 5319 obsequia
3905 5256 3922 5302 ε
