4300 6259
914 518 995 564 nn
1036 518 1263 565 [mma
1304 518 1686 566 cumsrurm
1726 519 2028 577 Tnnoum,
2072 521 2250 568 mana
2292 522 2353 566 η.
2405 539 2480 550 -
2519 524 2659 569 ⁴«ar.
2705 523 2852 569 xcm
3310 505 3430 570 499

685 728 1175 794 ARTICULUS
1220 729 1461 794 XCIII·
1853 688 1904 751 A
1936 707 2089 771 pore
2137 691 2386 773 operari
2436 709 2562 754 non
2621 698 2910 774 possunt,
2962 693 3130 755 sicut
3186 699 3431 756 certum

1936 796 2047 850 est.
2083 788 2205 851 Sed
2249 798 2473 852 natura
2512 791 2690 852 nulla
2735 791 3018 872 perfecte
3063 791 3430 864 felicitatur,

1935 887 2137 949 donec
2187 905 2409 950 omnes
2453 889 2594 968 ejus
2640 889 2940 971 potentiae
2979 890 3438 952 convenienter

393 1037 682 1112 pulchre
720 1045 937 1096 tamen
977 1039 1351 1098 ostenditur
1390 1057 1587 1116 quam
1630 1039 1824 1096 ratio·
1934 991 2139 1144 ffant.
2189 985 2494 1095 peri—equo
2543 1006 2714 1048 emm
2767 996 3058 1050 essentlae
3107 1007 3172 1098 Ψ
3213 1005 3438 1097 ,Ορθΐὼ
3481 1021 3486 1026 ’

404 1126 653 1184 nabilis
701 1127 786 1184 sit
830 1127 901 1185 in
946 1127 1069 1186 hac
1106 1136 1301 1202 parte
1348 1127 1619 1186 assertio
1664 1127 1827 1203 fidei
1965 1101 2107 1194 ione
2139 1091 2447 1147 consistit.
2464 1085 2802 1196 Propterea
2833 1104 3064 1167 nempe
3095 1085 3256 1147 dunt
3286 1085 3436 1148 Boe-

405 1215 675 1275 divfnoe·
1935 1189 2085 1254 tius,
2137 1190 2372 1244 statum
2421 1200 2708 1245 omnium
2772 1183 3082 1246 bonorum
3141 1202 3437 1266 aggrega-
3489 1203 3729 1248 necom-

1934 1279 2109 1342 tione
2140 1280 2520 1363 perfectum,
2545 1280 2915 1344 felicitatem
2945 1299 3116 1362 esse3
3144 1282 3437 1364 quamvis
3465 1265 3649 1386 :2232ssss
3669 1280 3728 1318 ¹¹¹³

78 1395 297 1434 art-xmu-
452 1373 912 1436 UPPONENDA
951 1381 1101 1436 sunt
1146 1382 1359 1438 autem
1406 1395 1547 1458 quae
1594 1375 1658 1438 in
1705 1375 1829 1458 pri·
1939 1378 2362 1461 principalius
2395 1379 2458 1440 in
2491 1379 2734 1461 optima
2777 1381 3142 1463 operatione
3181 1381 3438 1463 optimae

484 1488 611 1544 mo,
643 1471 722 1534 de
754 1470 1229 1536 immortalitate
1259 1482 1323 1534 et
1358 1473 1829 1556 separabilitate
1942 1477 2242 1558 potentiae
2311 1479 2646 1540 statuenda
2721 1478 2824 1552 sit,
2899 1479 3440 1560 quemadmodum

326 1570 661 1632 rationalis
721 1570 953 1634 animae
1008 1571 1439 1635 demonstrata
1498 1579 1561 1634 et
1622 1571 1832 1634 multi·
1941 1574 2312 1638 Aristoteles
2341 1575 2447 1640 ait.
2484 1577 2548 1639 Si
2579 1585 2793 1639 tamen
2836 1577 2967 1639 sint
3002 1578 3292 1658 quaedam
3333 1595 3442 1660 po-

324 1669 589 1752 pliciter
618 1677 873 1731 ostensa
902 1678 1070 1731 sunt.
1096 1670 1229 1744 Quo
1258 1670 1831 1744 stante,evidentes
1944 1673 2160 1736 tentiae
2200 1673 2428 1738 animae
2477 1695 2618 1757 quae
2667 1675 2744 1736 ad
2794 1674 3056 1738 finalem
3109 1675 3445 1739 beatitudi-

326 1769 609 1832 rationes
658 1767 877 1830 induci
928 1776 1197 1850 possunt
1242 1768 1321 1830 de
1370 1768 1833 1832 resurrectione
1946 1790 2092 1835 nem
2159 1771 2355 1835 futuri
2415 1781 2615 1835 status
2674 1774 2966 1836 ordinem
3025 1791 3152 1836 non
3212 1774 3450 1837 habent

324 1867 565 1929 futura.
590 1867 821 1928 Anima
850 1866 1023 1929 enim
1055 1867 1429 1929 naturaliter
1456 1876 1553 1930 est
1582 1867 1831 1949 corpori
1870 1868 1918 1931 B
1948 1879 2091 1952 post
2146 1870 2310 1932 hanc
2357 1871 2580 1944 vitam,
2635 1872 2888 1934 illarum
2949 1873 3171 1954 utique
3231 1890 3450 1954 opera-

328 1966 625 2040 unibiliS,
687 1984 889 2048 quum
950 1984 1065 2048 per
1130 1973 1427 2028 naturam
1490 1967 1573 2028 sit
1628 1965 1836 2029 forma
1946 1969 2154 2032 tiones
2213 1987 2542 2032 remanere
2599 1970 3030 2032 necessarium
3089 1988 3216 2032 non
3261 1971 3383 2033 erit
3435 1989 3448 2033 :

327 2064 641 2146 corporis.
676 2063 784 2126 Est
826 2081 979 2144 ergo
1023 2071 1243 2126 contra
1293 2065 1647 2126 naturalem
1695 2064 1837 2145 ejus
1946 2086 2141 2149 super
2169 2085 2298 2149 quo
2329 2067 2662 2149 inquisitio
2693 2068 2987 2131 facienda
3017 2077 3130 2131 est.
3166 2069 3456 2152 Requirit

329 2163 829 2236 institutionem,
879 2182 917 2224 a
974 2180 1239 2245 corpore
1296 2164 1637 2245 separatim
1690 2163 1837 2226 sub·
1948 2183 2097 2247 ergo
2126 2185 2278 2228 vera
2307 2173 2497 2248 atque
2528 2166 2813 2248 perfecta
2841 2166 3168 2230 beatitudo
3197 2168 3452 2242 animae,

330 2263 583 2324 sistere.
646 2261 783 2324 Non
854 2262 1047 2342 igitur
1113 2271 1425 2344 perpetuo
1481 2261 1841 2325 remanebit
1949 2264 2234 2346 corporis
2267 2263 2792 2346 resumptionem.
2828 2265 3075 2340 Adhuc,
3109 2267 3276 2328 sicut
3308 2267 3452 2348 quis

331 2367 645 2443 separata.
701 2360 874 2435 Quod
915 2361 1089 2423 enim
1128 2369 1227 2423 est
1263 2369 1481 2422 contra
1520 2369 1835 2435 naturam,
1952 2370 2232 2424 meretur
2279 2370 2389 2423 aut
2437 2361 2822 2438 demeretur,
2877 2363 2968 2425 sic
3028 2364 3456 2445 praemiandus

332 2467 725 2542 perpetuum
792 2478 931 2522 esse
999 2477 1125 2522 non
1195 2467 1419 2541 potest.
1482 2459 1839 2542 Aliquando
1950 2460 2396 2542 puniendusve
2439 2468 2552 2522 est.
2591 2461 2818 2523 Divina
2861 2470 3076 2524 autem
3119 2462 3456 2544 providen-

330 2577 485 2639 ergo
516 2557 851 2620 reunietur
880 2557 1154 2639 corpori,
1187 2575 1317 2620 non
1347 2557 1627 2640 amplius
1664 2577 1843 2641 sepa·
1948 2559 2059 2632 tia,
2122 2577 2332 2641 neque
2400 2559 2566 2621 mala
2633 2559 2953 2640 impunita
3019 2579 3228 2643 neque
3287 2561 3452 2623 bona

332 2656 551 2718 tanda.
584 2655 901 2738 Amplius,
934 2654 1243 2717 naturalis
1288 2655 1619 2718 inclinatio
1660 2663 1839 2718 natu·
1950 2659 2413 2720 irremunerata
2465 2657 2770 2740 relinquit
2820 2676 2836 2721 z
2887 2659 3057 2740 quod
3115 2659 3182 2720 in
3240 2659 3452 2742 primo
3477 2685 3634 2726 ma.

334 2775 423 2818 rae
461 2754 757 2818 frustrari
796 2772 925 2816 non
973 2762 1199 2835 potest.
1244 2755 1413 2817 Deus
1456 2773 1735 2837 namque
1777 2763 1841 2818 et
1950 2756 2290 2838 probatum
2321 2765 2437 2818 est.
2472 2757 2587 2818 Per
2627 2773 2892 2838 corpora
2929 2775 3082 2820 vero
3125 2765 3452 2821 merentur

332 2861 565 2916 natura
614 2853 706 2914 nil
754 2860 949 2934 agunt
997 2853 1255 2926 frustra,
1302 2853 1657 2915 secundum
1704 2853 1843 2915 Phi·
1950 2863 2013 2917 et
2054 2855 2465 2916 demerentur
2505 2854 2754 2917 animae.
2797 2856 2866 2916 In
2911 2855 3100 2936 plena
3141 2873 3292 2937 ergo
3335 2875 3454 2938 pro

334 2952 701 3034 losophum.
739 2951 859 3014 Sed
888 2951 1104 3014 anima
1142 2959 1430 3033 separata
1468 2951 1843 3014 naturaliter
1952 2951 2200 3014 meritis
2258 2951 2700 3026 retributione,
2759 2969 3026 3035 corpora
3071 2955 3454 3017 resumenda

333 3051 585 3134 appetit
616 3050 893 3112 materiae
924 3049 1187 3112 reuniri.
1222 3049 1422 3112 Omne
1458 3050 1633 3112 enim
1672 3050 1841 3132 quod
1880 3045 1923 3110 C
1952 3059 2103 3113 sunt
2127 3067 2141 3111 ε
2167 3050 2520 3132 praesertim
2551 3069 2752 3132 quum
2785 3051 3072 3114 vicissim
3105 3053 3450 3133 contingat,

336 3159 439 3214 est
468 3169 615 3232 pars
647 3149 885 3231 speciei
926 3156 990 3210 et
1026 3149 1383 3212 secundum
1424 3168 1491 3211 se
1530 3149 1685 3230 quid
1727 3149 1843 3211 im·
1954 3149 2122 3212 sicut
2163 3146 2277 3212 Job
2322 3149 2433 3222 ait,
2482 3147 2714 3230 impios
2761 3148 2823 3210 in
2871 3149 2988 3211 hac
3031 3151 3163 3212 vita
3205 3150 3452 3214 confor-
3481 3167 3564 3210 ,τοο
3583 3168 3732 3219 xxm.

338 3250 705 3332 perfectum
766 3247 831 3308 in
888 3247 1125 3328 specie,
1187 3255 1285 3309 est
1342 3246 1655 3328 indigenS,
1715 3265 1842 3310 non
1952 3247 2073 3309 tari
2131 3255 2198 3309 et
2254 3246 2612 3320 sublimari,
2671 3246 3163 3311 adversitatibus
3234 3249 3454 3312 multis

336 3347 535 3430 plene
582 3345 760 3420 felix,
802 3363 919 3407 nec
970 3344 1343 3408 naturaliter
1390 3345 1780 3426 completum
1826 3362 1840 3406 ε
1952 3345 2126 3426 justo
2162 3344 2622 3408 accidentibus
2657 3345 2994 3408 Rectitudo
3032 3363 3182 3427 ergo
3220 3347 3456 3410 divinae

336 3445 651 3526 conjungi
708 3461 859 3524 ergo
916 3443 1233 3506 desiderat
1280 3461 1397 3506 suo
1443 3443 1584 3517 toti,
1636 3462 1844 3526 neque
1957 3443 2396 3525 providentiae,
2440 3441 2680 3522 justam
2729 3442 3218 3507 retributionem
3258 3464 3456 3527 quan-

338 3543 607 3607 interim
665 3542 950 3625 perfecte
1008 3549 1434 3616 contentatur,
1486 3542 1690 3605 donec
1752 3541 1847 3604 illi
1956 3541 2166 3622 doque
2205 3539 2350 3603 fieri
2389 3539 2632 3621 exigit:
2667 3541 2834 3622 quod
2881 3541 2947 3602 in
2991 3543 3458 3605 resurrectione

336 3641 702 3724 copuletur.
737 3640 997 3723 Oportet
1036 3639 1231 3720 igitur
1267 3639 1548 3701 animam
1587 3639 1844 3702 tandem
1957 3638 2248 3701 futurum
2293 3637 2458 3699 fides
2500 3638 2790 3700 adstruit.

336 3739 600 3822 corpori
638 3737 884 3801 sociari.
920 3737 1245 3810 Praeterea,
1279 3745 1605 3800 ostensum
1644 3746 1742 3800 est
1780 3737 1844 3798 in
2038 3738 2117 3798 At
2155 3753 2306 3799 vero
2342 3736 2434 3815 (et
2483 3742 2579 3797 est
2623 3736 2784 3798 ratio
2831 3736 2964 3798 haec
3010 3736 3212 3799 Procli
3260 3737 3459 3801 Plato-

109 3873 308 3911 ,ήκω
338 3839 579 3922 primu,
639 3836 904 3899 finalem
969 3835 1201 3898 animae
1259 3835 1719 3899 beatitudinem
1782 3835 1847 3898 in
1960 3835 2119 3915 nici)
2146 3835 2362 3896 anima
2393 3833 2533 3916 ipso
2571 3852 2712 3896 esse
2748 3835 2918 3915 quod
2956 3842 3073 3909 est,
3105 3835 3302 3897 vitam
3343 3836 3459 3898 lar-

338 3939 463 4000 hac
494 3937 627 3998 vita
656 3952 783 3997 non
816 3951 1001 4016 posse
1033 3933 1421 4012 consistere3
1453 3953 1595 4015 quae
1635 3941 1846 3997 tamen
1958 3935 2131 4016 gitur
2161 3932 2590 4016 participanti.
2627 3931 3022 4012 Cuicumque
3062 3933 3237 3995 enim
3275 3935 3456 3997 adfu-

336 4037 471 4099 sibi
522 4033 849 4116 possibilis
897 4040 994 4095 est
1044 4049 1059 4094 t
1112 4031 1461 4114 unicuique
1519 4033 1695 4095 enim
1742 4052 1851 4096 na·
1962 4035 2103 4106 erit,
2158 4034 2352 4095 vitam
2401 4031 2594 4092 tradit
2643 4049 2759 4094 suo
2807 4049 2987 4110 esse3
3035 4039 3099 4093 et
3147 4031 3201 4094 si
3261 4032 3456 4096 fuerit

337 4145 506 4198 turae
536 4131 845 4214 competit
873 4131 1161 4214 quiedam
1195 4130 1605 4206 felicitas,vel
1639 4132 1850 4214 potius
1964 4131 2354 4216 participans
2403 4129 2726 4202 idoneum,
2782 4147 2925 4191 mox
2973 4130 3326 4193 animatum
3377 4130 3456 4193 fit

338 4232 669 4316 quoddam
730 4230 995 4303 bonum,
1055 4228 1196 4310 ejus
1262 4230 1548 4292 naturale
1606 4230 1850 4293 deside·
1882 4225 1931 4289 D
1962 4237 2025 4292 et
2054 4229 2277 4292 vivens
2307 4246 2384 4290 ex
2415 4227 2646 4291 animae
2687 4227 3022 4308 praesentia
3057 4245 3072 4288 ε
3107 4245 3235 4290 non
3267 4228 3454 4291 ratio-

320 859 419 917 De
480 859 876 936 quibusdam
944 860 1337 930 ratiom‘buS,
1400 861 1637 940 quibus
1705 861 1827 919 etsi

400 949 567 1022 fides
611 950 1113 1008 resurrectionis
1150 969 1280 1008 non
1317 952 1823 1018 demonstretur,

340 4335 522 4395 rium
574 4329 865 4412 quietum
924 4327 1220 4390 efficiens
1280 4335 1343 4390 et
1400 4335 1773 4392 contentens
1833 4347 1847 4391 :
1960 4328 2213 4390 cinante
2243 4326 2477 4400 anima,
2511 4343 2720 4408 neque
2751 4344 2865 4407 per
2902 4325 3452 4392 ratiocinationem

86 4455 153 4502 m„
175 4459 205 4510 1,
227 4465 307 4504 m,
342 4451 495 4515 quae
536 4429 753 4492 omnia
794 4427 1191 4510 praeinducta
1232 4433 1399 4488 sunt.
1450 4427 1718 4490 Necesse
1756 4434 1853 4490 est
1960 4427 2235 4509 eligente
2293 4433 2364 4488 ut
2411 4425 2732 4500 vivificet,
2775 4425 2886 4487 sed
2946 4425 3086 4508 ipso
3143 4444 3281 4489 esse
3339 4445 3456 4491 suo

62 4532 147 4565 ¹⁸¹¹·
342 4547 525 4612 ergo,
558 4527 787 4591 animae
818 4524 1193 4588 felicitatem
1223 4527 1565 4608 quamdam
1596 4544 1849 4609 compe·
1961 4525 2270 4607 competit
2310 4524 2370 4587 ei
2412 4523 2717 4586 animare.
2758 4523 3133 4586 Nullatenus
3177 4543 3326 4607 ergo
3365 4545 3459 4590 re-

344 4638 507 4702 tere,
560 4644 689 4710 qua
734 4626 983 4708 adepta,
1034 4624 1318 4707 quiescat
1366 4631 1429 4687 et
1476 4623 1674 4688 sistat.
1728 4625 1849 4688 Sed
1964 4623 2250 4686 manebit
2278 4621 2416 4684 sine
2448 4621 2580 4684 fine
2611 4627 2918 4703 separata.
2954 4621 3045 4684 Ob
3076 4622 3241 4685 hanc
3271 4624 3456 4706 quip-

340 4729 515 4791 hanc
566 4727 705 4789 sine
753 4723 1038 4807 corporis
1082 4723 1537 4786 communione
1579 4723 1848 4806 adipisci
1960 4741 2041 4804 pe
2072 4722 2381 4784 rationem
2416 4719 2586 4782 Plato
2613 4727 2677 4782 et
2705 4719 2962 4782 Procius
2989 4719 3309 4796 dicebant,
3328 4739 3459 4784 om·

340 4847 481 4892 non
514 4833 724 4908 potest
756 4842 770 4887 ε
805 4825 975 4907 quod
1017 4824 1150 4904 jam
1196 4822 1455 4885 inducta
1498 4823 1657 4884 ratio
1700 4822 1850 4884 satis
1961 4839 2074 4884 nes
2114 4819 2360 4883 animas
2401 4817 2816 4890 immortaleS,
2858 4824 2922 4878 et
2959 4817 3225 4892 αὑτόζως,
3260 4819 3324 4881 id
3363 4827 3461 4883 est

340 4929 763 4990 demonstrat.
806 4923 983 4998 Quod
1031 4922 1205 4985 enim
1255 4920 1707 5002 imperfectum
1756 4929 1853 4983 est
1962 4939 2078 5003 per
2123 4938 2193 4981 se
2230 4917 2518 4980 viventes
2553 4915 2906 4998 :quoniam
2955 4934 3070 4997 per
3118 4917 3460 4981 substanti-

343 5027 412 5089 in
464 5043 603 5088 esse
648 5032 713 5086 et
754 5023 990 5105 specie,
1040 5021 1105 5083 in
1150 5020 1397 5102 operari
1442 5025 1505 5082 et
1548 5017 1851 5082 felicitate
1960 5039 2063 5082 am
2096 5016 2405 5099 competit
2445 5016 2676 5078 animae
2718 5032 2856 5076 esse
2893 5021 2959 5076 et
2985 5015 3224 5091 vivere,
3257 5035 3458 5098 quum

342 5124 714 5209 perfectum
756 5140 895 5184 esse
938 5121 1181 5202 nequit.
1962 5119 2046 5181 sit
2074 5118 2206 5181 vita
2235 5115 2520 5198 corporis
2551 5122 2614 5176 et
2653 5131 2720 5176 se
2761 5115 2899 5195 ipsa
2943 5112 3102 5176 illud
3146 5116 3451 5181 vivificet.

432 5223 511 5284 Et
540 5223 775 5284 iterum
818 5219 911 5282 sic
956 5218 1263 5301 probatur
1304 5234 1319 5278 :
1362 5218 1513 5300 quia
1557 5219 1853 5300 potentiae
1962 5217 2137 5280 Unde
2170 5215 2362 5277 etiam
2396 5213 2714 5286 dicebant,
2748 5210 3014 5273 cuilibet
3053 5213 3282 5278 animae
3321 5234 3456 5279 cor·

344 5321 647 5410 quaedam
690 5338 833 5401 quae
874 5318 955 5380 ab
998 5317 1211 5378 anima
1252 5315 1487 5393 fluunt,
1536 5317 1674 5379 sine
1718 5335 1853 5380 cor·
1963 5334 2085 5400 pus
2128 5313 2448 5396 quoddam
2488 5318 2894 5394 perpetuum,
2929 5309 3360 5390 ingenerabile
3394 5325 3457 5384 et
