4300 6259
796 465 918 532 348
1395 489 1475 535 nn
1515 489 1744 536 mun-m
1784 488 2165 535 cnms'nANAE
2206 487 2508 546 rumam,
2552 489 2727 537 nuum
2770 490 2808 536 1.
2856 508 2935 520 —
2976 491 3115 537 aar.
3161 489 3309 537 xcut

797 673 926 718 non
985 664 1154 721 esset
1209 660 1467 742 propria
1522 667 1588 723 et
1643 659 1952 723 naturalis
2009 659 2292 743 operatio
2319 658 2372 723 A
2404 666 2609 724 stante
2666 669 2729 723 et
2786 667 3075 744 separata
3120 659 3478 724 substantia
3532 661 3899 722 emanarent

796 753 1097 818 hominis.
1145 757 1472 832 Praeterea,
1515 759 1805 840 ejusdem
1849 767 1913 821 et
1957 758 2022 821 in
2069 760 2293 822 eodem
2405 760 2879 842 praenominatae
2915 761 3196 823 actiones
3232 778 3245 822 :
3280 779 3437 842 quas
3476 757 3693 820 nullus
3734 773 3903 818 sanae

795 861 948 916 sunt
1011 862 1189 918 actus
1260 856 1506 938 primus
1577 865 1642 919 et
1707 863 1885 920 actus
1953 857 2291 919 secundus.
2408 859 2639 921 mentis
2669 858 2917 921 dubitat
2946 858 3193 921 homini
3224 857 3585 921 convenire.

794 952 1306 1035 Unumquodque
1335 954 1510 1018 enim
1547 955 1678 1036 agit
1716 973 1832 1037 per
1871 955 1934 1016 id
1976 974 2090 1038 per
2128 955 2296 1036 quod
2486 957 2775 1038 Insuper,
2796 956 3173 1038 intelligere,
3196 957 3384 1031 velle,
3408 963 3470 1018 et
3500 951 3908 1037 sapientiales

795 1050 1387 1132 substantificatum
1437 1061 1501 1115 et
1557 1053 1742 1134 cujus
1800 1061 1898 1116 est
1953 1071 2114 1126 esse,
2157 1052 2299 1134 ejus
2410 1055 3003 1138 contemplationes,
3044 1063 3195 1117 sunt
3234 1055 3518 1117 actiones
3558 1053 3909 1114 immanen-

797 1157 894 1212 est
935 1157 998 1212 et
1038 1168 1246 1230 agere,
1289 1151 1456 1213 sicut
1495 1152 1702 1233 primo
1749 1152 1974 1214 Primae
2022 1150 2298 1234 philoso-
2412 1160 2506 1215 tes
2536 1160 2601 1214 et
2630 1153 3056 1235 perfectiones
3085 1153 3429 1236 operantis.
3455 1152 3521 1215 Si
3550 1169 3699 1232 ergo
3730 1147 3912 1211 intel·

799 1246 964 1329 phiae
995 1247 1248 1310 dicitur.
1285 1247 1348 1311 Si
1383 1249 1575 1329 igitur
1605 1249 2053 1313 intellectualis
2093 1248 2300 1312 forma
2414 1250 2701 1313 lectualis
2730 1251 2943 1314 anima
2972 1270 3099 1313 non
3130 1252 3213 1314 sit
3244 1251 3589 1314 intrinseca
3626 1247 3912 1330 corporis

797 1362 926 1408 non
958 1353 1126 1408 esset
1155 1345 1592 1408 substantialis
1622 1355 1801 1409 actus
1833 1346 2301 1419 hominis,nul-
2414 1348 2725 1431 perfectio
2782 1357 2845 1412 et
2894 1350 3123 1431 prima,
3174 1350 3284 1412 sed
3332 1347 3687 1412 substantia
3732 1364 3915 1428 sepa-

801 1443 1048 1506 latenus
1086 1443 1277 1507 homo
1317 1444 1722 1525 intelligeret,
1758 1464 1874 1507 nec
1914 1445 2079 1507 actio
2119 1444 2302 1506 intel·
2414 1455 2568 1522 rata,
2620 1455 2691 1509 ut
2741 1448 2927 1509 multi
2977 1447 3327 1522 finxerunt,
3377 1464 3706 1528 nunquam
3764 1462 3915 1507 vere

800 1541 1066 1622 ligibilis
1099 1542 1334 1605 inesset
1363 1543 1444 1616 ei,
1468 1543 1578 1605 sed
1609 1542 1831 1606 formae
1861 1543 1957 1605 illi
1988 1562 2128 1624 quae
2161 1542 2306 1605 sub·
2414 1546 2735 1609 diceretur
2798 1547 2991 1610 homo
3059 1546 3416 1626 intelligere
3470 1553 3581 1607 aut
3634 1550 3915 1606 contem·

802 1639 1238 1702 sistentialiter
1282 1640 1666 1721 (secundum
1714 1642 2180 1721 adversarium)
2225 1640 2304 1703 ab
2419 1644 2604 1727 plari,
2638 1645 2748 1707 sed
2782 1645 2891 1708 illa
2928 1650 3218 1727 separata
3257 1651 3482 1706 natura
3527 1643 3690 1704 intra
3728 1641 3921 1723 cujus

805 1737 1065 1800 homine
1111 1737 1490 1819 sejungitur.
1539 1740 1855 1821 AmpliuS‚
1902 1739 2072 1821 quod
2120 1739 2305 1801 adve-
2420 1742 2841 1805 substantiam
2896 1749 3230 1806 remanent
3278 1740 3725 1822 hujuscemodi
3774 1757 3924 1822 ope·

803 1835 900 1898 nit
929 1836 1060 1898 enti
1093 1837 1158 1898 in
1189 1837 1766 1910 actu,accidentale
1796 1846 1890 1900 est
1922 1846 1984 1900 et
2013 1838 2303 1900 substan·
2340 1837 2387 1900 B
2422 1841 2701 1905 rationes
2735 1859 2748 1902 :
2783 1842 2952 1922 quod
2984 1858 3112 1904 non
3144 1841 3313 1903 dicet
3342 1839 3467 1902 nisi
3499 1839 3553 1902 is
3592 1839 3701 1921 qui
3740 1838 3922 1901 omni

801 1935 956 1996 tiam
991 1952 1117 1998 non
1150 1935 1520 2015 ingreditur.
1537 1936 1600 1999 Si
1633 1936 1829 2018 igitur
1857 1936 2305 2000 intellectualis
2421 1938 2673 2002 veritati
2705 1938 2964 2000 rebellis
2994 1947 3109 2001 est.
3134 1937 3444 2020 Denique,
3475 1937 3685 1999 omnis
3712 1935 3925 1998 virtus

803 2032 1018 2094 anima
1059 2049 1185 2095 non
1224 2041 1393 2095 esset
1431 2035 1717 2116 corporis
1756 2033 1982 2108 forma,
2013 2034 2304 2096 acciden-
2419 2035 2847 2118 cognoscitiva
2905 2035 3073 2098 infra
3130 2035 3444 2100 rationem
3501 2053 3614 2098 seu
3671 2033 3927 2096 intelle-

804 2130 1014 2192 taliter
1043 2130 1306 2193 haberet
1335 2149 1402 2193 se
1431 2132 1506 2194 ad
1540 2132 1972 2206 hominem,et
2000 2151 2074 2195 ea
2103 2150 2306 2195 remo·
2421 2144 2594 2198 ctum
2644 2142 2709 2198 et
2757 2135 2961 2217 ipsam
3014 2136 3408 2198 voluntatem
3454 2152 3741 2206 manens,
3791 2152 3923 2195 ma-

805 2235 889 2301 ta,
941 2227 1132 2291 homo
1189 2237 1547 2292 remaneret
1595 2231 1804 2294 homo.
1860 2231 2002 2294 Haec
2048 2248 2306 2312 quoque

807 2325 1173 2408 praedicatio
1238 2326 1648 2390 accidentalis
1705 2335 1894 2403 esset,
1955 2329 2154 2392 Homo
2212 2336 2309 2391 est

807 2422 1133 2486 rationalis
1187 2442 1200 2486 :
1251 2426 1421 2506 quod
1471 2445 1664 2507 quam
1721 2426 2154 2489 abominabile
2204 2427 2305 2500 sit,

809 2522 1002 2584 etiam
1034 2522 1305 2586 indoctis
1349 2524 1709 2586 innotescit.
1745 2525 1860 2587 Per
1898 2525 2096 2587 solam
2137 2544 2311 2586 nam-

807 2639 934 2704 que
965 2621 1273 2684 rationem
1305 2641 1338 2683 a
1370 2623 1596 2685 ceteris
1629 2623 1988 2685 secernitur
2015 2623 2225 2686 homo.

889 2719 1214 2793 Praeterea,
1265 2719 1486 2783 formae
1544 2728 1641 2782 est
1696 2739 1904 2801 agere,
1955 2721 2311 2784 secundum

807 2817 1285 2898 Philosophum.
1321 2818 1541 2881 Omnis
1573 2818 1766 2898 igitur
1794 2819 1961 2882 actio
2005 2826 2065 2881 et
2107 2819 2313 2881 activa

809 2915 1092 2997 operatio
1149 2934 1186 2977 a
1243 2914 1449 2978 forma
1507 2917 1848 2998 egreditur.
1902 2917 2309 2979 Manifestum

2418 2233 2661 2296 terialis
2709 2241 2807 2296 est
2860 2240 2923 2295 et
2978 2232 3429 2296 sensitivarum
3489 2231 3923 2314 potentiarum

2420 2331 2710 2394 ordinem
2742 2351 2867 2394 non
2900 2331 3195 2394 evadens.
3232 2331 3296 2394 Si
3328 2330 3524 2413 igitur
3563 2349 3677 2412 per
3714 2329 3927 2412 perfe-

2422 2429 2700 2492 ctionem
2731 2430 2889 2491 citra
2929 2429 3426 2492 intellectualem
3464 2428 3731 2508 gradum
3774 2445 3926 2490 con·

2421 2528 2721 2590 stituatur
2768 2527 2959 2590 homo
3010 2527 3075 2590 in
3124 2527 3362 2609 specie,
3410 2544 3537 2588 non
3584 2526 3925 2606 intelliget,

2422 2626 2529 2688 sed
2582 2626 2792 2708 potius
2842 2624 3253 2706 intelligetur.
3304 2624 3463 2687 Nam
3514 2631 3586 2686 ut
3630 2623 3927 2686 habitum

2422 2731 2538 2797 est,
2572 2723 2740 2786 actio
2770 2723 3223 2786 intellectualis
3254 2722 3613 2803 subiective
3652 2722 3826 2784 sistit
3860 2723 3925 2784 in

2422 2829 2648 2884 natura
2686 2820 2909 2884 formae
2948 2839 3091 2904 quae
3134 2820 3641 2883 substantialiter
3680 2820 3931 2883 intelle·

2424 2919 2652 2981 ctualis
2692 2926 2809 2982 est.
2853 2919 2968 2981 Per
3010 2917 3131 2981 hoc
3174 2937 3326 3001 ergo
3375 2919 3544 3000 quod
3594 2925 3931 3000 separatus

809 3021 905 3076 est
947 3021 1160 3075 autem
1204 3013 1530 3076 hominem
1573 3014 2017 3096 contemplari,
2063 3032 2308 3096 sapere,
2348 3008 2391 3072 C
2425 3016 2788 3080 intellectus
2834 3016 3171 3098 copulatur
3214 3016 3484 3091 homini,
3532 3016 3933 3097 intelligetur

809 3118 873 3174 et
903 3112 1350 3174 universaliter
1378 3112 1752 3192 intelligere.
1790 3114 1859 3174 ln
1898 3112 2159 3174 homine
2199 3113 2310 3193 igi-

810 3217 916 3271 tur
959 3217 1056 3271 est
1105 3210 1333 3272 harum
1384 3210 1708 3273 actionum
1760 3211 2029 3274 formale
2078 3211 2312 3293 princi-

811 3307 1012 3390 pium.
1045 3307 1191 3371 Haec
1234 3315 1447 3371 autem
1481 3307 1687 3371 forma
1718 3308 1908 3372 hahet
1937 3327 2078 3372 esse
2108 3308 2315 3397 subsi-

809 3405 1191 3468 stentialiter
1218 3413 1580 3488 separatum
1611 3407 1692 3469 ab
1721 3407 2112 3479 homine,sic
2143 3408 2313 3488 qnod

811 3522 939 3567 non
969 3511 1066 3566 est
1096 3505 1442 3568 intrinseca
1484 3524 1629 3588 pars
1673 3506 1834 3586 ejuS,
1869 3512 1979 3568 aut
2022 3504 2315 3568 subsistit

811 3602 932 3666 sub
981 3621 1120 3666 esse
1165 3603 1360 3666 totius
1412 3603 1578 3666 sicut
1625 3604 2059 3667 substantialis
2108 3611 2309 3678 actuS,

813 3702 916 3764 vel
966 3708 1135 3764 certe
1183 3709 1279 3764 est
1326 3701 1533 3765 forma
1588 3702 2066 3764 accidentaliter
2123 3701 2315 3764 inhae-

814 3819 982 3862 rens.
1018 3800 1144 3862 Hoc
1191 3799 1447 3862 tertium
1491 3807 1704 3862 autem
1744 3820 1781 3862 a
1819 3800 1998 3863 nullo
2035 3800 2314 3862 admitti-

813 3906 941 3972 tur,
965 3898 1087 3960 nisi
1123 3897 1337 3961 forsan
1365 3898 1446 3960 ab
1471 3897 1823 3980 EpicureiS,
1848 3898 1960 3980 qui
1993 3897 2317 3980 ponebant

812 3997 1051 4062 formas
1099 4015 1312 4059 rerum
1351 3996 1524 4058 aliud
1570 4014 1696 4058 non
1741 4015 1879 4059 esse
1925 3996 2050 4058 nisi
2094 3997 2315 4058 modos

813 4095 1122 4179 quosdam
1167 4094 1466 4158 materiae.
1523 4093 1587 4156 Si
1636 4095 1992 4156 secundum
2040 4094 2311 4167 dicatur,

2424 3116 2616 3177 homo
2664 3115 2997 3176 dumtaxat
3047 3131 3061 3175 :
3113 3113 3421 3195 quoniam
3471 3113 3686 3196 ipsum
3744 3113 3935 3176 intel·

2425 3213 2622 3294 ligere
2682 3212 3041 3275 remanebit
3097 3211 3162 3273 in
3220 3211 3333 3273 tali
3392 3218 3683 3294 separato
3740 3211 3934 3274 intel·

2424 3311 2615 3374 lectu.

2782 3571 3273 3635 ARTICULUS
3320 3571 3563 3635 XCHI.

2426 3740 2514 3800 E't
2546 3747 2635 3797 est
2668 3738 3070 3797 introductio
3100 3739 3539 3816 quarumdam
3586 3739 3933 3798 subtilium

2508 3829 2845 3886 rationum
2893 3827 3131 3904 quibus
3172 3827 3457 3900 probare
3502 3827 3723 3885 conati
3774 3837 3939 3886 sunt

2507 3916 2708 3975 multi
2762 3916 3365 3990 Peripateticorum
3437 3923 3497 3974 et
3554 3917 3939 3976 Platonico-

2510 4025 2685 4075 rum,
2720 4005 3227 4063 intellectualem
3256 4005 3601 4064 essentiam
3634 4023 3765 4063 non
3786 4021 3941 4079 pos-

2506 4115 2570 4153 se
2600 4095 2781 4170 effici
2799 4094 3101 4168 primum
3143 4102 3205 4152 et
3250 4095 3684 4154 intrinsecum
3712 4102 3939 4153 aetum

813 4195 1000 4256 datur
1029 4193 1200 4274 quod
1231 4193 1602 4274 inquiritur,
1637 4193 1807 4275 quod
1851 4192 2098 4255 scilicet
2137 4192 2315 4254 intel·
2346 4189 2395 4251 D
2505 4185 2821 4258 corporis,
2854 4201 2965 4242 seu
3005 4184 3477 4258 informantem
3518 4203 3594 4242 ac
3634 4184 3939 4242 substan-

815 4290 1107 4353 lectualis
1140 4289 1342 4352 forma
1372 4289 1456 4351 sit
1495 4289 1742 4371 primus
1782 4297 1961 4352 actus
2005 4288 2309 4371 corporis,

812 4387 1097 4451 Primum
1129 4404 1279 4449 vero
1319 4394 1416 4448 est
1453 4386 1710 4469 penitus
1752 4386 2311 4449 absurdissimum.

813 4483 1219 4567 Impossibile
1259 4491 1353 4547 est
1393 4484 1566 4546 enim
1607 4503 1643 4546 a
1680 4484 1931 4548 duobus
1970 4484 2314 4546 substanti-

813 4585 999 4647 aliter
1028 4590 1091 4646 et
1120 4582 1600 4664 suppositaliter
1627 4583 1990 4664 segregatiS‚
2024 4583 2315 4644 eamdem

815 4682 1030 4763 egredi
1063 4680 1522 4763 operationem,
1559 4680 1706 4744 licet
1744 4681 1990 4764 possint
2035 4681 2100 4742 in
2144 4681 2317 4744 idem

817 4781 1144 4862 objectum
1204 4798 1414 4860 agere,
1475 4779 1643 4842 sicut
1697 4779 2022 4842 trahentes
2074 4779 2312 4842 navim.

817 4880 1096 4953 Quorum
1143 4878 1317 4939 enim
1362 4877 1715 4940 substantia
1753 4885 1817 4940 et
1857 4895 1997 4944 esse
2042 4885 2192 4939 sunt
2232 4877 2321 4939 di-

819 4995 1027 5048 versa,
1101 4975 1503 5056 operationes
1569 4975 1761 5037 etiam
1819 4975 2088 5038 diversae
2145 4982 2313 5036 sunt.

819 5073 954 5136 Nisi
999 5088 1150 5152 ergo
1193 5071 1646 5134 intellectualis
1693 5080 1918 5134 natura
1962 5079 2131 5134 esset
2174 5071 2321 5134 sub·

823 5169 1138 5233 stantialis
1168 5169 1374 5232 forma
1414 5177 1478 5232 et
1519 5170 1763 5251 primus
1801 5177 1980 5232 actus
2017 5169 2321 5244 hominiS,

823 5286 1158 5350 nunquam
1214 5267 1296 5329 ab
1355 5267 1636 5342 homine,
1686 5269 1796 5330 sed
1845 5288 1882 5331 a
1924 5267 2035 5330 tali
2085 5286 2201 5350 per
2257 5286 2325 5330 se

2508 4274 2729 4332 tialem
2776 4271 3063 4346 formam
3112 4271 3418 4331 homini&

2568 4483 2763 4547 ULLA
2811 4480 3169 4544 substantia
3210 4488 3381 4545 stans
3428 4501 3543 4564 per
3582 4483 3937 4546 essentiam
3968 4505 4093 4547 nmo
4118 4507 4157 4542 r.

2595 4600 2776 4643 suam
2836 4589 2901 4643 et
2960 4581 3024 4643 in
3083 4599 3151 4642 se
3214 4581 3351 4662 ipsa
3410 4581 3785 4654 subsistenS,
3834 4591 3941 4645 est

2429 4679 2866 4742 substantialis
2911 4697 3056 4760 pars
3102 4677 3475 4741 substantiae
3520 4678 3943 4743 subsistentis

2430 4787 2494 4842 et
2523 4779 2805 4842 innitens
2841 4777 3046 4840 alteri.
3080 4778 3227 4841 Haec
3269 4777 3444 4840 enim
3484 4777 3740 4859 penitus
3780 4797 3942 4843 con-

2429 4876 2774 4940 trariantur
2821 4874 2944 4938 sibi
2997 4874 3273 4937 invicem
3326 4891 3341 4936 :
3393 4875 3563 4956 quod
3612 4875 3785 4938 enim
3838 4886 3945 4940 est

2430 4973 2866 5036 substantialis
2909 4990 3055 5054 pars
3098 4971 3529 5045 subsistentis,
3576 4989 3704 5036 non
3748 4973 3813 5036 in
3870 4995 3943 5038 se

2434 5071 2573 5153 ipso
2618 5069 2931 5143 subsistit,
2988 5070 3098 5132 sed
3152 5068 3272 5131 sub
3324 5087 3466 5131 esse
3516 5070 3732 5132 totius.
3780 5071 3945 5166 1:2sse

2435 5169 2609 5231 enim
2658 5174 2721 5230 et
2768 5167 3117 5230 subsistere
3166 5166 3473 5248 competit
3517 5167 3636 5230 toti
3695 5177 3760 5231 et
3804 5189 3945 5234 non

2437 5265 2747 5350 partibuS,
2808 5265 2976 5328 sicut
3032 5263 3401 5347 frequenter
3457 5264 3645 5329 docet
3700 5267 3945 5333 Aristo-
