4300 6259
24 4450 93 4490 nrt.
109 4457 275 4489 mxxxvi.

926 505 1005 551 DE
1046 505 1274 552 Lunum
1316 503 1698 552 cnmsnANAE
1738 503 2039 562 THEORIAE,
2085 505 2262 553 LIBER
2305 508 2367 552 11.
2416 525 2495 536 ·—
2535 486 2672 555 AR'T.
2721 511 2836 555 va

3300 489 3420 553 465

324 672 496 735 natio
525 673 744 736 habita
771 679 889 749 est,
924 694 1095 737 nunc
1127 675 1458 739 sufficiant
1495 676 1631 740 haec
1670 694 1819 757 pau·
1846 675 1897 737 A
1926 676 2025 738 nis
2056 686 2268 740 autem
2302 681 2856 761 supercoelestium
2888 681 3234 763 spirituum
3259 685 3425 740 cate-

324 787 415 842 ca,
452 789 532 833 ne
578 771 867 852 ejusdem
908 774 1265 855 resumptio
1304 772 1815 855 superfluitatem

322 867 599 930 inducat.

696 1132 1185 1197 ARTICULUS
1230 1131 1437 1196 LXV.

324 1281 415 1340 De
455 1281 894 1356 descriptione
940 1282 1358 1351 hierarchice,
1404 1289 1467 1340 ec
1514 1283 1595 1340 de
1642 1283 1818 1340 ordi-

400 1369 599 1428 nibus
654 1372 1205 1445 supere-celestium
1254 1372 1628 1430 animorum
1671 1374 1815 1446 pri-

399 1477 524 1517 moe
570 1460 963 1520 hierarchice
1008 1469 1445 1536 supersanccoe
1494 1461 1822 1521 Trinitati

402 1549 841 1610 vicinissimoe.

470 1754 885 1818 IERARCHIA
922 1755 1198 1838 denique
1242 1764 1339 1819 est
1376 1765 1593 1820 sancta
1630 1759 1817 1821 ratio-

1925 792 2006 835 na
2035 792 2071 836 a
2105 776 2326 839 divino
2367 777 2771 841 illuminatur
2811 779 3078 851 lumine,
3113 784 3182 839 ut
3223 777 3421 840 Deum

1926 872 2412 954 contempletur,
2463 884 2527 937 et
2581 876 2782 939 divini
2833 876 3076 939 ordinis
3125 874 3426 957 cognitio-

1924 991 2071 1034 nem
2130 974 2422 1055 accipiat.
2477 975 2619 1050 Sed,
2668 983 2739 1037 ut
2787 983 3028 1038 tactum
3084 983 3202 1049 est,
3261 974 3425 1036 hanc

1925 1072 2453 1137 illuminationem
2523 1094 2649 1138 non
2721 1094 2944 1139 omnes
3015 1073 3426 1137 hierarchicae

1925 1187 2211 1251 personae
2261 1171 2668 1235 uniformiter
2712 1174 3052 1256 recipiunt.
3103 1171 3260 1234 Nam
3319 1172 3426 1233 de-

1925 1267 2221 1330 cliviores
2285 1277 2528 1332 mentes
2588 1289 2702 1352 per
2760 1290 2898 1333 eam
2952 1269 3272 1353 supremis
3329 1268 3422 1330 in-

1925 1364 2289 1428 tellectibus
2335 1368 2665 1430 confusius
2713 1369 3079 1450 intelligunt
3122 1384 3135 1429 :
3182 1368 3245 1430 in
3290 1375 3424 1428 tan·

1924 1471 2061 1525 tum
2103 1471 2174 1526 ut
2212 1464 2527 1528 humanus
2573 1466 2936 1530 intellectus
2983 1485 3060 1528 ex
3099 1471 3428 1528 concreata

1924 1560 2049 1623 sibi
2098 1562 2332 1626 divina)
2391 1563 2554 1626 lucis
2613 1564 3060 1638 illustrat-ione,
3115 1582 3241 1627 non
3300 1563 3424 1625 nisi

1926 1659 2314 1723 universalia
2363 1663 2650 1743 quaedam
2702 1663 3020 1745 principia
3076 1663 3422 1744 dignoscat.

1927 1757 2046 1820 Sed
2088 1766 2386 1840 purgant,
2431 1758 2751 1823 illustrant
2788 1767 2851 1822 et
2889 1759 3238 1843 perficiunt
3273 1759 3431 1822 emi-

498 1853 741 1916 nalium
774 1872 1191 1935 personarum
1222 1857 1647 1937 congregatiO,
1679 1875 1815 1937 gra·
1852 1853 1898 1916 B
1929 1855 2248 1918 nentiores
2289 1857 2651 1920 intellectus
2690 1875 2797 1920 eos
2838 1859 2949 1940 qui
2992 1858 3428 1921 submissioris

319 1952 509 2014 dibus
558 1959 622 2013 et
666 1950 904 2014 officiis
951 1952 1239 2016 ordinate
1296 1954 1617 2029 distincta,
1668 1974 1815 2018 cum

317 2051 587 2113 scientia
614 2069 687 2113 ac
718 2053 1083 2133 operatione
1114 2052 1236 2114 sibi
1281 2053 1815 2136 competentibuS,

316 2151 392 2212 ad
416 2150 530 2212 Dei
564 2150 1101 2224 conformitatem,
1128 2159 1317 2233 prout
1354 2152 1475 2214 sibi
1511 2154 1817 2235 possibile

314 2258 432 2323 est,
465 2249 842 2322 assimilata,
876 2269 990 2331 per
1020 2250 1521 2314 illuminationes
1560 2271 1817 2335 quoque

314 2349 631 2410 divinitus
700 2347 825 2409 sibi
885 2348 1184 2422 influan,
1245 2349 1428 2429 juxta
1492 2351 1813 2433 propriam

314 2446 835 2528 uniuscujusque
865 2447 1305 2528 capacitatem,
1329 2449 1405 2510 ad
1437 2447 1817 2512 deiformem

313 2545 739 2608 imitationem
770 2553 1187 2608 sursumacta.
1213 2544 1376 2608 Ordo
1400 2565 1633 2628 nempe
1654 2547 1821 2609 hier·

308 2645 549 2708 archiae
599 2651 719 2717 est,
780 2650 849 2705 ut
905 2643 1267 2724 superiores
1324 2651 1619 2726 purgent,
1676 2646 1819 2708 illu-

316 2745 569 2806 minent
630 2748 695 2804 et
747 2740 1086 2823 perficiant
1139 2740 1514 2822 inferiores;
1562 2742 1819 2806 inferio-

314 2859 548 2924 resque
590 2860 629 2902 a
673 2838 1115 2922 superioribus
1161 2849 1537 2922 purgentur,
1583 2841 1818 2904 illumi-

312 2947 553 3003 nentur
580 2945 646 3002 et
684 2935 1124 3019 perficiantur.
1158 2938 1317 3001 Nam
1357 2939 1819 3003 intellectuales

1928 1954 2172 2017 ordinis
2215 1965 2380 2018 sunt.

2008 2053 2117 2115 Est
2161 2053 2355 2136 igitur
2403 2058 2756 2118 secundum
2807 2056 3150 2139 Scripturae
3197 2064 3429 2120 sanctae

1927 2158 1989 2214 et
2037 2153 2290 2215 Patrum
2353 2156 2724 2229 sententias,
2776 2155 3094 2237 tripartita
3151 2175 3264 2219 seu
3321 2156 3429 2218 tri-

1928 2251 2153 2314 formis
2221 2253 2592 2335 angelorum
2662 2254 3022 2318 hierarchia
3082 2272 3097 2316 ε
3158 2273 3429 2336 quarum

1929 2350 2172 2432 quaevis
2233 2357 2358 2413 tres
2417 2352 2673 2414 ordines
2736 2352 3262 2414 intellectualium
3321 2353 3430 2436 hy·

1928 2449 2278 2531 postasium
2339 2450 2845 2530 comprehendit.
2907 2451 2976 2513 In
3039 2451 3248 2533 primo
3305 2450 3431 2514 col-

1930 2548 2129 2610 locata
2160 2555 2306 2609 sunt
2337 2547 2686 2629 Seraphim,
2703 2549 3050 2612 Cherubim
3081 2558 3144 2612 et
3172 2549 3426 2611 Throni.

1926 2646 2171 2708 Nomen
2215 2663 2364 2708 vero
2406 2645 2757 2726 cujuslibet
2799 2648 3042 2710 ordinis
3086 2648 3432 2710 hierarchi-

1928 2761 2149 2805 corum
2212 2744 2583 2825 spirituum,
2637 2746 3090 2827 proprietatem
3150 2745 3432 2827 aliquam

1928 2842 2207 2903 declarat
2236 2843 2478 2922 proprii
2511 2842 2776 2916 ordiniS,
2810 2842 3057 2906 scilicet
3085 2843 3302 2924 gratiae
3334 2843 3434 2905 vel

1928 2939 2156 3013 officii,
2200 2940 2298 3001 vel
2339 2939 2668 3020 dignitatis
2705 2948 2815 3002 aut
2851 2941 3238 3023 operationis
3284 2959 3298 3003 :
3342 2960 3434 3004 se-

314 3037 611 3101 essentiae
670 3055 783 3099 seu
833 3036 1339 3118 supermundani
1388 3036 1611 3111 animi,
1663 3039 1815 3100 dum
1854 3039 1895 3100 C
1928 3038 2210 3099 cundum
2243 3057 2432 3119 quam
2480 3039 2932 3121 proprietatem
2974 3041 3127 3103 ordo
3167 3040 3275 3102 ille
3307 3041 3436 3102 Deo

313 3143 615 3220 purgant,
648 3135 970 3197 illustrant
1007 3141 1072 3197 et
1109 3134 1459 3217 perficiunt
1498 3135 1819 3217 subjectas

312 3234 437 3297 sibi
472 3231 921 3316 phalangaS,ei
952 3230 1177 3314 utique
1208 3233 1316 3314 qui
1350 3233 1494 3296 fons
1524 3233 1821 3316 puritatis

314 3342 430 3406 est,
482 3351 601 3414 per
650 3331 869 3393 lumen
922 3329 1241 3394 luminum
1300 3331 1623 3414 totiusque
1682 3351 1820 3415 per-

312 3430 613 3494 fectionis
642 3428 891 3492 causale
932 3428 1322 3511 principium
1361 3430 1813 3494 assimilantur.

313 3531 561 3602 Denuo,
620 3535 685 3590 et
744 3534 989 3590 mentes
1045 3545 1187 3608 quae
1245 3535 1619 3609 purgantur,
1670 3529 1821 3591 irra-

313 3630 575 3691 diantur
629 3644 705 3687 ac
766 3624 1217 3707 perficiuntur,
1266 3626 1345 3688 ad
1404 3626 1515 3688 Dei
1576 3627 1821 3690 confor-

316 3729 607 3790 mitatem
688 3723 1222 3807 appropinquant.
1303 3724 1563 3806 Purgari
1642 3726 1815 3788 enim

315 3827 645 3895 dicuntur,
686 3840 813 3885 non
856 3841 894 3883 a
935 3822 1120 3884 sorde
1162 3839 1275 3884 seu
1322 3822 1591 3896 macula,
1634 3824 1743 3886 sed
1782 3843 1819 3885 a

312 3921 867 3986 dissimilitudinis
935 3918 1180 3992 habitu,
1241 3919 1819 4002 intellectualisque

316 4021 479 4084 lucis
512 4019 934 4082 minoratione
970 4035 985 4079 :
1018 4035 1091 4079 ac
1130 4035 1245 4099 per
1285 4017 1404 4079 hoc
1434 4020 1821 4101 superpleno

314 4118 510 4202 primi
542 4117 741 4180 fontis
773 4114 1002 4177 lumini
1034 4113 1538 4178 conformantur.

1929 3135 2382 3198 conformatur.
2437 3135 2558 3198 Sed
2608 3137 2930 3218 sapienter
2975 3139 3434 3202 attendendum

1928 3241 2025 3296 est
2082 3234 2251 3315 quod
2313 3233 2377 3296 B.
2443 3234 2781 3316 Gregorius
2837 3235 2945 3297 ait.
3001 3235 3104 3298 Sic
3163 3237 3430 3318 quippe,

1929 3332 2159 3415 inquit,
2223 3332 2288 3394 in
2337 3331 2446 3394 illa
2509 3351 2762 3396 summa
2829 3333 3085 3396 civitate
3142 3335 3432 3416 quaedam

1927 3430 2316 3513 quibusdam
2375 3429 2784 3511 singulariter
2839 3432 3300 3506 attribuuntur,
3361 3441 3434 3495 ut

1929 3538 2141 3591 tamen
2201 3528 2503 3592 omnibus
2554 3530 2921 3591 communia
2969 3529 3428 3612 intelligantur.

1928 3626 2264 3708 Seraphim
2323 3644 2600 3706 namque
2662 3626 3032 3688 incendium
3080 3627 3361 3690 dicimus
3414 3646 3428 3691 :

1928 3732 1992 3787 et
2039 3731 2250 3786 tamen
2301 3741 2518 3787 amore
2570 3723 2928 3786 Conditoris
2971 3723 3166 3786 simul
3207 3742 3431 3788 omnes

1928 3824 2170 3885 ardent.
2205 3822 2549 3885 Cherubim
2591 3839 2782 3903 porro
2822 3821 3290 3903 plenitudinem
3323 3842 3432 3886 no-

1932 3922 2252 3983 minamus
2290 3920 2570 3982 scientiae
2605 3935 2618 3980 :
2657 3927 2722 3981 et
2759 3927 2968 3981 tamen
3006 3920 3150 4001 quis
3190 3919 3281 3981 ibi
3315 3922 3427 3983 ali-

1928 4019 2084 4102 quid
2114 4019 2376 4092 nesciat,
2412 4016 2524 4078 ubi
2555 4016 2790 4097 singuli
2824 4016 3065 4078 fontem
3099 4017 3426 4099 sapientiae

1928 4117 2358 4180 contuentur?
2405 4114 2639 4176 Throni
2691 4113 2956 4194 insuper
3013 4115 3270 4196 agmina
3318 4116 3428 4179 illa

398 4217 589 4279 Porro
620 4233 699 4277 ex
728 4214 829 4276 his
857 4231 999 4294 quae
1029 4213 1107 4276 de
1136 4213 1472 4275 ordinibus
1506 4216 1820 4298 modoque
1848 4218 1897 4281 D
1927 4213 2230 4274 dicuntur
2282 4211 2518 4294 quibus
2557 4209 2858 4273 Conditor
2897 4211 3213 4292 praesidet,
3261 4220 3324 4276 et
3361 4213 3426 4276 in

313 4312 723 4394 intelligendi
770 4330 845 4373 ac
893 4310 1410 4392 intelligibilibus
1458 4311 1683 4376 formis
1726 4314 1821 4376 in-

313 4411 821 4493 telligentiarum
868 4409 931 4471 in
977 4409 1187 4491 primo
1228 4409 1445 4473 habita
1488 4420 1658 4486 sunt,
1700 4413 1819 4475 boc

314 4529 587 4596 prorsus
622 4508 951 4582 elucescit,
983 4508 1152 4589 quod
1190 4509 1554 4590 superiores
1592 4517 1655 4573 et
1692 4511 1819 4593 pri-

314 4633 443 4677 mae
484 4607 963 4692 superlimpidae
1012 4607 1212 4670 menti
1256 4607 1599 4672 viciniores
1643 4609 1821 4672 intel-

306 4715 547 4784 lectuS,
610 4706 1021 4791 paucioribus
1078 4707 1417 4788 speciebus
1475 4708 1820 4791 perfectius

302 4809 815 4890 distinctiusque
884 4805 1250 4887 intelligunt
1314 4807 1665 4890 suppositis
1732 4808 1823 4869 in-

303 4907 703 4974 tellectibus.
753 4905 999 4966 Primus
1042 4923 1321 4985 namque
1370 4913 1823 4987 super-sanctus

302 5005 708 5078 intellectuS,
756 5003 947 5064 unica
992 5019 1065 5064 ac
1114 5001 1347 5084 simpla
1394 5002 1631 5084 specie,
1682 5022 1823 5085 quae

306 5106 546 5188 utique
585 5102 728 5184 ejus
765 5100 1042 5163 essentia
1078 5108 1191 5173 est,
1225 5099 1441 5164 omnia
1469 5101 1657 5183 plene
1696 5101 1825 5163 sin·

302 5204 757 5289 gulariterque
813 5198 1121 5280 agnoscit,
1174 5206 1237 5262 et
1282 5199 1451 5261 sicut
1498 5208 1825 5262 ostensum

308 5312 441 5381 est,
464 5321 591 5366 non
625 5299 753 5363 nisi
784 5317 899 5381 per
929 5316 1183 5361 causam
1216 5305 1281 5360 et
1308 5297 1655 5380 exemplar.
1680 5298 1825 5362 Om-

572 5435 637 5487 T.
678 5435 753 5485 33.

1927 4310 2164 4394 quibus
2196 4307 2592 4390 conquiescit
2625 4325 2638 4370 :
2673 4316 2738 4370 et
2774 4317 2990 4372 tamen
3021 4310 3166 4393 quis
3205 4309 3428 4374 beatus

1927 4409 2069 4482 erit,
2104 4408 2157 4470 si
2191 4426 2317 4470 non
2351 4407 2606 4470 Creator
2635 4426 2789 4469 suns
2821 4407 2880 4468 ei
2914 4408 3130 4489 praesit
3170 4417 3234 4471 et
3270 4429 3428 4492 prae-

1927 4507 2176 4570 sideat?
2205 4508 2353 4581 Quae
2397 4523 2546 4587 ergo
2575 4505 2693 4586 (ait
2735 4505 3102 4586 Gregorius)
3129 4526 3206 4569 ex
3249 4517 3428 4590 parte

1927 4615 1989 4670 et
2020 4607 2236 4668 minus
2278 4605 2464 4687 plene
2505 4604 2584 4667 ab
2621 4603 2926 4667 omnibus
2965 4603 3302 4680 habentur,
3333 4607 3426 4670 eis

1928 4704 2189 4788 speciali
2249 4711 2440 4785 atque
2499 4703 2746 4784 privato
2795 4703 3055 4765 nomine
3109 4703 3430 4786 adscripta

1928 4811 2097 4876 sunt,
2143 4802 2254 4884 qui
2295 4801 2549 4883 plenius
2598 4809 2663 4863 et
2711 4800 2966 4862 totalius
3011 4801 3146 4864 haec
3194 4803 3429 4866 divinae

1933 4899 2309 4964 influxionis
2378 4899 2544 4961 dona
2613 4907 3012 4980 receperunt.
3074 4900 3189 4962 Per
3258 4901 3431 4965 hunc

1931 5018 2208 5081 namque
2255 4998 2537 5071 modum,
2581 4998 2748 5078 quod
2796 4997 3067 5079 quisque
3109 5019 3430 5082 supercoe·

1934 5097 2111 5161 lestis
2167 5097 2321 5159 ordo
2381 5097 2448 5158 in
2506 5115 2572 5158 se
2631 5094 2864 5176 partim
2923 5103 2986 5156 et
3043 5096 3430 5182 incomplete

1934 5198 2147 5271 habet,
2201 5196 2319 5259 hoc
2381 5196 2444 5258 in
2494 5195 2709 5276 aliquo
2757 5193 2981 5257 ordine
3029 5203 3231 5260 totum
3287 5220 3428 5282 pos·

1937 5297 2101 5360 sidet
2163 5313 2176 5356 :
2229 5295 2531 5378 quoniam
2591 5291 2710 5355 etsi
2765 5292 3023 5356 ordines
3078 5296 3277 5380 aliqui
3335 5301 3428 5364 sic

3119 5433 3181 5486 30
