4300 6259
551 767 614 811 De
627 761 844 811 consolat.

549 831 627 936 loib.
644 844 704 881 ιιι,
719 834 844 874 metr.

868 468 990 534 270
1469 487 1550 534 na
1590 485 1818 532 minum
1858 482 2243 532 cams‘rumr.
2283 479 2586 540 mnam,
2632 483 2809 531 uana
2850 485 2888 529 1.
2936 504 3014 514 —
3057 487 3196 533 Αιιτ.
3244 487 3369 532 xxx

873 659 1252 718 sentaneum
1299 662 1397 718 est
1443 655 1714 718 verbum
1753 652 1976 725 Boetii,
2023 651 2179 713 dum
2226 651 2312 712 ait
2348 667 2360 711 :
2395 649 2446 712 Α
2560 651 3001 727 Enimvero‚in
3026 655 3286 717 exordio
3308 654 3653 718 mundialis
3674 653 3965 716 instituti-

874 752 921 816 Ο
943 754 1052 834 qui
1083 761 1393 835 perpetua
1414 753 1724 817 mundum
1749 751 1991 813 ratione
2020 749 2362 830 gubernas,

955 851 1144 913 Porro
1192 850 1534 914 fabricator
1583 849 1805 912 mundi
1856 853 2086 910 cuncta
2145 865 2369 909 secun-

875 948 1029 1012 dum
1061 949 1351 1031 proprias
1383 949 1763 1031 capacitates
1794 946 2016 1009 volens
2057 963 2187 1007 suae
2227 944 2371 1006 bea-

874 1046 1166 1108 titudinis
1223 1065 1362 1109 esse
1429 1046 1707 1128 capacia,
1770 1045 2052 1126 primum
2113 1043 2371 1105 coeleste

872 1144 1107 1208 animal
1159 1145 1478 1226 produxit,
1539 1143 1896 1207 divinitatis
1955 1141 2244 1223 plenum,
2304 1139 2369 1201 in

870 1260 999 1324 quo
1046 1243 1255 1306 sidera
1301 1250 1602 1324 tanquam
1658 1260 1852 1324 parva
1899 1238 2203 1302 animalia
2250 1245 2371 1299 sta-

873 1341 1010 1402 tuit.
1045 1339 1298 1404 Etenim
1332 1341 1567 1404 coelum
1607 1338 1846 1402 animal
1877 1346 1975 1400 est
2007 1335 2371 1400 venerabile

871 1446 935 1502 et
976 1457 1302 1520 magnum,
1346 1439 1700 1502 secundum
1748 1438 2091 1500 Platonem.
2137 1435 2259 1497 Sed
2309 1440 2374 1496 et

869 1537 1078 1600 sidera
1125 1538 1405 1600 animata
1461 1545 1631 1609 sunt,
1686 1542 1750 1597 et
1799 1535 1863 1596 in
1915 1534 2076 1596 coelo
2136 1539 2369 1606 meant,

870 1635 1225 1698 secundum
1275 1636 1596 1698 eumdem.
1640 1633 1951 1715 Deinceps
2002 1631 2374 1694 calodaemo-

869 1751 984 1796 nes
1029 1733 1096 1794 in
1143 1733 1376 1797 aethere
1425 1731 1862 1804 mansitantes,
1906 1729 2057 1791 hinc
2107 1728 2371 1791 catodae-

2478 749 2618 812 onis
2661 752 2877 813 omnia
2916 753 3271 833 corporalia
3300 752 3566 815 confusa
3593 759 3658 815 et
3686 751 3969 813 indistin-

2479 855 2579 910 cta
2620 847 2841 922 fuisse,
2887 857 3077 930 atque
3116 853 3525 932 postmodum
3576 851 3641 912 in
3687 850 3967 912 ordinem

2477 947 2730 1008 redacta
2766 947 2872 1008 ait.
2917 948 3177 1023 Rursus,
3220 948 3523 1029 quoniam
3567 947 3791 1011 mundi
3832 963 3971 1008 con·

2478 1045 2832 1106 sistentiam
2881 1047 3166 1127 posuerit
3212 1046 3384 1109 Plato
3430 1045 3817 1117 aeternalem,
3870 1063 3973 1126 pu·

2480 1142 2743 1204 tandum
2802 1161 2929 1205 non
2976 1142 3231 1206 videtur
3282 1144 3441 1225 quin
3488 1144 3707 1206 omnia
3762 1160 3975 1204 secun-

2482 1240 2635 1302 dum
2667 1242 2948 1322 speciem
2980 1241 3174 1304 simul
3208 1243 3513 1324 producta
3540 1241 3829 1304 senserit.
3844 1239 3973 1302 Non

2484 1339 2655 1400 enim
2702 1339 2909 1421 potuit
2959 1339 3224 1402 materia
3269 1358 3409 1403 esse
3453 1358 3736 1422 unquam
3788 1337 3973 1400 infor-

2486 1436 2630 1509 miS,
2663 1444 2734 1498 ut
2763 1438 2855 1499 sic
2886 1454 2962 1499 ex
3003 1456 3077 1500 ea
3117 1438 3333 1500 omnia
3373 1455 3678 1520 corporea
3714 1436 3976 1499 formata

2484 1534 2712 1609 forent,
2756 1535 3051 1617 quamvis
3097 1536 3155 1597 id
3206 1536 3419 1618 ipsum
3461 1537 3753 1598 videatur
3792 1535 3974 1608 velle,

2483 1633 2637 1695 dum
2693 1633 2783 1695 ait
2837 1651 2849 1694 :
2904 1633 3105 1697 Omne
3162 1634 3418 1697 visibile
3476 1650 3977 1715 corporeumque

2485 1739 2659 1795 motu
2692 1732 3059 1814 importuno
3099 1732 3421 1795 fluctuans
3460 1751 3669 1814 neque
3698 1751 3977 1813 unquam

873 1848 1116 1904 mones,
1149 1839 1214 1893 et
1256 1838 1398 1912 post
1441 1830 1579 1904 hos,
1623 1828 2123 1901 cacodaemones,
2156 1826 2371 1889 omnia
2406 1823 2453 1886 B
2483 1830 2841 1912 quiescenS,
2896 1849 2973 1892 ex
3036 1829 3395 1892 inordinata
3448 1829 3793 1910 jactatione
3851 1829 3979 1892 red·

870 1929 1176 1992 animalia
1200 1927 1603 1991 rationabilia
1625 1935 1692 1990 et
1719 1925 2142 1988 immutabilia
2172 1923 2371 1986 factos

869 2046 1010 2090 esse
1040 2027 1210 2090 Plato
1243 2027 1726 2109 philosophatus
1767 2033 1882 2088 est.
1916 2025 2167 2106 Quippe
2208 2022 2372 2086 calo-

870 2126 1120 2188 daemon
1152 2124 1389 2187 animal
1419 2132 1516 2186 est
1554 2122 1953 2195 rationabile,
1987 2120 2370 2194 immortale,

873 2222 1584 2304 impassibilezetenim,
1618 2221 1770 2303 quia
1799 2220 2215 2283 inferioribus
2245 2236 2371 2281 non

873 2320 1306 2400 conjungitur,
1359 2320 1469 2382 sed
1519 2336 1774 2381 summo
1823 2336 2077 2399 semper
2122 2316 2373 2379 adsistit

874 2418 1176 2501 principi,
1226 2417 1622 2500 impassibile
1661 2416 1882 2479 fertur.
1929 2416 2216 2496 Denique
2266 2432 2373 2477 eos

872 2517 1193 2580 daemones
1223 2517 1334 2599 qui
1366 2515 1735 2579 hominibus
1769 2515 1830 2576 in
1862 2514 2047 2577 bonis
2079 2513 2373 2576 custodes

872 2615 1000 2678 dati
1062 2624 1231 2688 sunt,
1283 2615 1682 2697 superiorem
1743 2631 1955 2676 aerem
2016 2611 2373 2674 inhabitare

870 2714 958 2775 ait
989 2714 1143 2776 :hos
1173 2731 1326 2776 vero
1356 2712 1694 2795 passibiles
1724 2711 1814 2773 ait
1842 2711 2035 2783 Plato,
2069 2711 2372 2792 quoniam

872 2811 1042 2874 circa
1072 2829 1186 2874 nos
1217 2811 1616 2884 afficiuntur,
1641 2809 1827 2872 bonis
1859 2809 2092 2872 nostris
2113 2826 2374 2888 congra-

869 2909 1168 2972 tulantes.
1217 2909 1699 2972 Cacodaemones
1752 2925 2005 2988 nempe,
2056 2906 2370 2968 scelerum

2483 1929 2612 2008 egit
2651 1928 2717 1989 in
2767 1929 3080 2000 ordinem,
3122 1929 3333 1990 sciens
3372 1928 3813 1992 ordinatorum
3858 1927 3978 1990 for-

2485 2045 2655 2089 mam
2726 2025 3012 2089 confusis
3080 2026 3589 2108 inordinatisque
3658 2033 3974 2108 praestare.

2483 2125 2643 2186 Huic
2673 2142 2863 2206 porro
2891 2124 3166 2187 Platonis
3198 2125 3531 2188 sententiaa
3560 2124 3776 2186 favere
3812 2124 3977 2186 vide·

2483 2230 2587 2285 tur
2630 2223 2906 2295 BoetiuS‚
2940 2223 3093 2285 dum
3124 2223 3213 2284 ait
3244 2241 3257 2284 ε
3290 2221 3491 2296 Quem
3532 2240 3661 2285 non
3703 2231 3977 2286 externae
3997 2242 4221 2349 ιιιιὶαιωιι

4012 2309 4021 2318 “
4051 2321 4119 2352 .ιιι.
4134 2311 4221 2348 netr-

2487 2321 2873 2402 pepulerunt
2899 2320 3146 2401 fingere
3178 2339 3406 2394 causae,
3431 2320 3709 2383 materiae
3730 2319 3979 2382 fluitan-

2484 2418 2564 2480 tis
2596 2436 2757 2500 opus
2782 2435 2799 2497 3
2822 2436 3046 2480 verum
3080 2417 3270 2480 insita
3299 2417 3538 2479 summi
3568 2417 3781 2480 forma
3808 2417 3977 2492 boni,

2484 2516 2683 2579 livore
2723 2535 2967 2578 carens,

2564 2617 2826 2687 Rursus,
2860 2614 3330 2696 praeinductum
3372 2623 3492 2688 est,
3542 2614 3711 2696 quod
3762 2633 3981 2678 secun·

2484 2715 2637 2776 dum
2676 2713 3052 2785 PlatonicoS,
3083 2713 3571 2795 participatione
3611 2713 3841 2794 primae
3880 2712 3983 2775 bo-

2484 2813 2723 2885 nitatiS,
2759 2811 3051 2874 consistit
3092 2829 3283 2873 omne
3329 2810 3500 2891 quod
3538 2809 3983 2891 qualitercum-

2484 2929 2609 2991 que
2640 2909 2875 2972 bonum
2908 2915 3036 2986 est3
3062 2907 3325 2970 materia
3352 2925 3608 2989 quoque
3638 2907 3985 2970 secundum

872 3015 1235 3070 nostrorum
1293 3007 1645 3089 punitoreS,
1708 3005 2153 3085 malorumque
2219 3021 2371 3066 con·
2408 3003 2451 3068 C
2484 3027 2614 3084 οοε,
2658 3009 2775 3070 etsi
2826 3015 2923 3070 est
2967 3024 3093 3069 non
3138 3025 3275 3080 enS,
3328 3014 3428 3068 est
3476 3014 3690 3069 tamen
3742 3006 3981 3069 bonum

872 3105 1143 3167 sultores
1201 3104 1482 3186 appellat
1535 3122 1547 3166 :
1602 3104 1872 3184 ideoque
1921 3110 1984 3165 et
2033 3100 2371 3184 passibiles

872 3210 1042 3276 sunt,
1077 3209 1140 3266 et
1183 3202 1555 3264 humectum
1598 3219 1809 3264 aerem
1851 3200 2221 3263 incolentes
2256 3199 2372 3260 Ve-

874 3307 1235 3362 rumtamen
1293 3300 1370 3362 de
1439 3299 1540 3361 his
1601 3299 1787 3361 latius
1848 3298 2046 3380 loqui,
2109 3297 2371 3360 alterius

875 3399 1114 3479 negotii
1159 3404 1274 3460 est.

953 3497 1062 3559 His
1094 3496 1307 3579 itaque
1348 3495 1586 3558 divinis
1623 3502 1688 3557 et
1726 3493 2197 3557 immortalibus
2237 3493 2371 3555 ani-

874 3595 1152 3658 malibus
1211 3594 1304 3657 sic
1363 3594 1746 3668 constitutiS,
1797 3593 2003 3657 adhuc
2059 3593 2183 3655 tria
2237 3592 2371 3655 ani-

875 3693 1142 3758 malium
1193 3712 1427 3774 genera
1477 3693 1740 3756 deerant
1797 3691 2177 3775 perfectioni
2236 3691 2373 3753 uni-

871 3791 1042 3856 versi
1106 3810 1120 3854 :
1182 3791 1440 3855 volatile
1513 3790 1833 3862 videlicet,
1906 3788 2242 3870 gressibile
2310 3795 2376 3850 et

870 3891 1167 3973 aquatile.
1201 3891 1436 3954 Horum
1473 3890 1735 3971 insuper
1777 3888 2258 3970 productionem
2301 3906 2373 3949 ac

871 3988 1308 4071 gubernamen
1352 3989 1452 4069 (ut
1497 3988 1668 4050 Plato
1712 3986 1987 4066 inducit)
2032 3985 2377 4048 committit

873 4107 1165 4150 summus
1205 4087 1371 4150 Deus
1411 4086 1533 4148 diis
1575 4085 1860 4148 deorum.
1896 4085 2009 4146 Per
2047 4101 2209 4164 quos
2253 4083 2374 4145 uti·

2482 3107 2747 3190 aliquid,
2800 3106 3104 3187 quoniam
3160 3104 3407 3187 appetit
3449 3104 3715 3167 bonum.
3770 3106 3983 3186 ltaque

2483 3206 2835 3268 secundum
2866 3203 3213 3276 Platonem,
3248 3203 3393 3286 hyle
3432 3212 3716 3266 creatum
3760 3211 3878 3267 est.
3916 3203 3985 3264 Et

2481 3301 2601 3364 hoc
2632 3301 2889 3364 Proclus
2930 3300 3266 3363 manifeste
3305 3301 3602 3363 ostendit.
3638 3301 3985 3364 Causalitas

2481 3400 2654 3461 enim
2686 3399 2987 3461 autoboni
3021 3398 3443 3462 universalior
3478 3407 3596 3473 est,
3630 3400 3983 3462 secundum

2482 3517 2655 3570 eum,
2707 3497 3075 3559 causalitate
3130 3497 3470 3570 autoentiS,
3520 3498 3673 3579 quia
3728 3498 3811 3560 ad
3862 3516 3985 3560 non

2482 3615 2619 3670 ens,
2671 3595 2840 3677 quod
2890 3604 2988 3656 est
3036 3594 3323 3668 materia,
3374 3600 3446 3656 ut
3493 3594 3633 3676 ipse
3684 3596 3797 3668 ait,
3850 3614 3987 3678 per-

2483 3694 2689 3774 tingit.
2738 3693 2913 3755 Unde
2956 3693 3209 3755 videtur
3245 3692 3696 3772 hujuscemodi
3738 3694 3983 3756 dictum

2482 3791 2757 3855 Platonis
2804 3791 2883 3852 de
2934 3790 3437 3872 praeexsistentia
3484 3789 3631 3873 hyle
3678 3809 3795 3854 seu
3842 3809 3985 3854 con-

2485 3890 2609 3952 fusi
2662 3889 2874 3963 chaOS,
2926 3888 3375 3970 accipiendum
3434 3887 3569 3951 fore
3628 3889 3981 3952 secundum

2484 3987 3057 4051 considerationem
3086 3994 3389 4060 nostram,
3423 4006 3552 4068 qua
3587 3988 3985 4069 procedimus

2485 4088 2655 4169 ipsas
2713 4104 2814 4148 res
2864 4084 3327 4147 considerando
3385 4085 3739 4147 secundum
3798 4087 3988 4168 origi-

874 4206 998 4269 que
1043 4186 1252 4248 sidera
1279 4193 1344 4248 et
1371 4184 1559 4247 orbes
1601 4183 1773 4246 Plato
1812 4182 2114 4262 intelligit
2156 4182 2373 4264 praeci-
2404 4185 2453 4248 D
2485 4204 2632 4248 nem
2680 4182 3216 4265 compositionum
3261 4201 3541 4245 suarum.
3596 4183 3851 4247 Etenim
3894 4185 3985 4247 sic

873 4293 1108 4369 pue,ut
1139 4285 1200 4346 in
1227 4285 1464 4346 Timaeo
1493 4281 1817 4344 elucescit.
1840 4281 2013 4344 Unde
2046 4299 2373 4344 summum

874 4385 1074 4447 Deum
1106 4383 1185 4445 ad
1218 4383 1368 4445 deos
1407 4381 1773 4462 loquentem
1815 4379 2184 4450 introducit,
2219 4379 2373 4442 dum

875 4482 964 4545 ait
998 4500 1012 4544 :
1047 4482 1147 4544 Dii
1180 4481 1470 4553 deorum,
1504 4494 1776 4560 quorum
1817 4476 2033 4558 opifex
2068 4477 2237 4539 idem
2273 4497 2374 4560 pa-

873 4591 1098 4662 terque
1130 4595 1263 4660 ego.
1297 4577 1499 4660 Opera
1541 4575 1858 4658 siquidem
1901 4593 2011 4639 vos
2053 4594 2214 4649 mea,
2248 4577 2374 4638 dis-

873 4677 1172 4744 solubilia
1219 4684 1486 4754 natura3
1539 4693 1642 4738 me
1701 4682 1912 4736 tamen
1963 4674 2048 4736 ita
2096 4674 2370 4750 volente,

875 4777 1364 4843 indissolubilia.
1400 4777 1544 4840 Tria
1575 4794 1745 4837 nunc
1779 4773 2105 4837 motabilia
2141 4793 2376 4855 genera

875 4876 1272 4941 universitati
1307 4876 1553 4937 desunt.
1591 4873 1764 4936 Unde
1796 4892 1944 4936 vere
1973 4873 2172 4953 jubeo
2208 4891 2221 4934 ε
2256 4873 2373 4954 Ag-

875 4975 1253 5058 grediamini
1321 4973 1675 5036 secundum
1735 4979 2048 5044 naturam,
2102 4971 2373 5034 motabi-

879 5075 1038 5136 lium
1080 5091 1386 5153 generum
1428 5069 1918 5132 institutionem.
1951 5069 2153 5149 Hujus
2200 5088 2373 5131 nam-

878 5190 1004 5254 que
1050 5169 1303 5251 generis
1351 5175 1702 5231 sementem
1755 5167 2008 5240 faciam,
2060 5167 2373 5249 vobisque

878 5270 1122 5334 tradam
1146 5286 1163 5349 ;
1195 5285 1307 5331 vos
1334 5273 1550 5330 autem
1581 5273 1790 5328 cetera
1817 5265 2078 5347 exsequi
2109 5283 2227 5350 par
2254 5271 2367 5327 est.

2483 4283 2692 4346 omnis
2739 4281 3085 4363 corporalis
3131 4281 3508 4352 substantia,
3558 4283 3709 4364 quia
3758 4282 3987 4362 juncta

2484 4389 2600 4454 est,
2634 4388 2697 4442 et
2740 4398 2817 4442 ex
2862 4379 3008 4462 hyle
3053 4387 3243 4460 atque
3290 4379 3495 4443 forma
3537 4388 3859 4454 constans,
3894 4381 3985 4442 vi·

2484 4480 2669 4541 detur
2696 4478 2878 4558 quasi
2908 4494 2986 4537 ex
3024 4476 3298 4557 quodam
3340 4476 3530 4540 cbaos
3571 4476 3841 4540 confuso
3880 4497 3985 4541 ex·

2482 4583 2699 4648 tracta,
2720 4583 2782 4637 et
2814 4574 3017 4637 forma
3044 4581 3377 4636 exornata:
3400 4577 3751 4656 praesertim
3780 4596 3983 4658 quum

2484 4675 2566 4737 sit
2625 4674 2888 4737 materia
2946 4673 3301 4735 secundum
3352 4692 3418 4735 se
3468 4674 3982 4749 indeterminata,

2484 4780 2547 4836 et
2604 4771 2981 4834 indifferens
3040 4772 3391 4834 formarum
3440 4775 3979 4854 susceptaculum.

2484 4872 2934 4933 Verumtamen
2984 4887 3099 4951 per
3146 4877 3517 4950 tegumenta
3564 4878 3627 4934 et
3676 4872 3983 4935 obscuras

2484 4969 2940 5032 similitudines
2972 4967 3145 5049 loqui
3186 4969 3518 5031 consuevit
3548 4968 3740 5043 Plato,
3774 4989 3983 5053 neque

2483 5069 2561 5130 de
2593 5067 2763 5130 facili
2798 5067 2999 5128 scitur
3028 5085 3169 5147 quae
3209 5085 3339 5129 suae
3379 5067 3612 5130 mentis
3650 5069 3851 5132 fuerit
3890 5070 3985 5131 in-

2480 5167 2701 5228 tentio.
2754 5165 2881 5228 Hoc
2934 5165 3127 5245 igitur
3182 5165 3371 5228 modo
3428 5167 3505 5228 de
3564 5167 3981 5248 productione

2484 5264 2808 5328 sensibilis
2857 5263 3077 5326 mundi
3127 5263 3612 5346 philosophatus
3668 5273 3767 5328 est
3808 5267 3983 5332 Plato
