<?xml version="1.0" encoding="UTF-8"?>
<!DOCTYPE html PUBLIC "-//W3C//DTD XHTML 1.0 Transitional//EN"
    "http://www.w3.org/TR/xhtml1/DTD/xhtml1-transitional.dtd">
<html xmlns="http://www.w3.org/1999/xhtml" xml:lang="en" lang="en">
 <head>
  <title>
</title>
<meta http-equiv="Content-Type" content="text/html;charset=utf-8" />
  <meta name='ocr-system' content='tesseract 3.04.00' />
  <meta name='ocr-capabilities' content='ocr_page ocr_carea ocr_par ocr_line ocrx_word'/>
</head>
<body>
  <div class='ocr_page' id='page_1' title='image "./doctorisecstati05unkngoog_0227.png"; bbox 0 0 4300 6259; ppageno 0'>
   <div class='ocr_carea' id='block_1_1' title="bbox 1180 489 2745 542">
    <p class='ocr_par' dir='ltr' id='par_1_1' title="bbox 1180 489 2745 542">
     <span class='ocr_line' id='line_1_1' title="bbox 1180 489 2745 542; baseline -0.001 0"><span class='ocrx_word' id='word_1_1' title='bbox 1180 493 1602 542; x_wconf 67' lang='lat' dir='ltr'><strong>nummum</strong></span> <span class='ocrx_word' id='word_1_2' title='bbox 1641 489 2036 540; x_wconf 67' lang='lat' dir='ltr'><strong>vntommm.</strong></span> <span class='ocrx_word' id='word_1_3' title='bbox 2085 509 2165 520; x_wconf 89' lang='grc'><strong>--·</strong></span> <span class='ocrx_word' id='word_1_4' title='bbox 2205 491 2285 539; x_wconf 77' lang='lat' dir='ltr'><strong>DE</strong></span> <span class='ocrx_word' id='word_1_5' title='bbox 2326 492 2745 540; x_wconf 75' lang='lat' dir='ltr'><strong>SAanthTis</strong></span> 
     </span>
    </p>
   </div>
   <div class='ocr_carea' id='block_1_2' title="bbox 3396 475 3521 541">
    <p class='ocr_par' dir='ltr' id='par_1_2' title="bbox 3396 475 3521 541">
     <span class='ocr_line' id='line_1_2' title="bbox 3396 475 3521 541; baseline 0.008 -1"><span class='ocrx_word' id='word_1_6' title='bbox 3396 475 3521 541; x_wconf 74' lang='lat'><strong>209</strong></span> 
     </span>
    </p>
   </div>
   <div class='ocr_carea' id='block_1_3' title="bbox 403 658 3525 748">
    <p class='ocr_par' dir='ltr' id='par_1_3' title="bbox 403 658 3525 748">
     <span class='ocr_line' id='line_1_3' title="bbox 403 658 3525 748; baseline 0.001 -27"><span class='ocrx_word' id='word_1_7' title='bbox 403 658 706 726; x_wconf 84' lang='lat' dir='ltr'><strong>instituta</strong></span> <span class='ocrx_word' id='word_1_8' title='bbox 735 665 1090 728; x_wconf 89' lang='lat' dir='ltr'><strong>secundum</strong></span> <span class='ocrx_word' id='word_1_9' title='bbox 1123 664 1294 746; x_wconf 89' lang='lat' dir='ltr'><strong>quod</strong></span> <span class='ocrx_word' id='word_1_10' title='bbox 1324 671 1474 727; x_wconf 92' lang='lat' dir='ltr'><strong>sunt</strong></span> <span class='ocrx_word' id='word_1_11' title='bbox 1493 662 1792 726; x_wconf 75' lang='lat' dir='ltr'><strong>Ecclesiae</strong></span> <span class='ocrx_word' id='word_1_12' title='bbox 1823 680 1913 724; x_wconf 89' lang='lat' dir='ltr'><strong>sa·</strong></span> <span class='ocrx_word' id='word_1_13' title='bbox 1939 661 1992 726; x_wconf 80' lang='lat' dir='ltr'>A</span> <span class='ocrx_word' id='word_1_14' title='bbox 2022 661 2336 736; x_wconf 74' lang='lat' dir='ltr'><strong>fluminiS,</strong></span> <span class='ocrx_word' id='word_1_15' title='bbox 2373 663 2435 727; x_wconf 90' lang='lat' dir='ltr'><strong>id</strong></span> <span class='ocrx_word' id='word_1_16' title='bbox 2466 673 2563 728; x_wconf 93' lang='lat' dir='ltr'><strong>est</strong></span> <span class='ocrx_word' id='word_1_17' title='bbox 2602 683 2805 748; x_wconf 80' lang='lat' dir='ltr'><strong>aquae,</strong></span> <span class='ocrx_word' id='word_1_18' title='bbox 2838 664 2949 748; x_wconf 91' lang='lat' dir='ltr'><strong>qui</strong></span> <span class='ocrx_word' id='word_1_19' title='bbox 2990 663 3387 728; x_wconf 88' lang='lat' dir='ltr'><strong>necessarius</strong></span> <span class='ocrx_word' id='word_1_20' title='bbox 3426 667 3525 725; x_wconf 86' lang='lat' dir='ltr'><strong>est</strong></span> 
     </span>
    </p>
   </div>
   <div class='ocr_carea' id='block_1_4' title="bbox 399 759 1910 1812">
    <p class='ocr_par' dir='ltr' id='par_1_4' title="bbox 399 759 1910 1812">
     <span class='ocr_line' id='line_1_4' title="bbox 401 759 1910 844; baseline 0.001 -24"><span class='ocrx_word' id='word_1_21' title='bbox 401 769 756 836; x_wconf 84' lang='lat' dir='ltr'><strong>eramenta,</strong></span> <span class='ocrx_word' id='word_1_22' title='bbox 806 763 1022 844; x_wconf 81' lang='lat' dir='ltr'><strong>gratiae</strong></span> <span class='ocrx_word' id='word_1_23' title='bbox 1070 762 1456 836; x_wconf 80' lang='lat' dir='ltr'><strong>contentiva,</strong></span> <span class='ocrx_word' id='word_1_24' title='bbox 1487 759 1799 841; x_wconf 81' lang='lat' dir='ltr'><strong>signativa</strong></span> <span class='ocrx_word' id='word_1_25' title='bbox 1845 766 1910 822; x_wconf 86' lang='lat' dir='ltr'><strong>et</strong></span> 
     </span>
     <span class='ocr_line' id='line_1_5' title="bbox 399 856 1908 924; baseline -0.001 -6"><span class='ocrx_word' id='word_1_26' title='bbox 399 856 730 921; x_wconf 84' lang='lat' dir='ltr'><strong>effectiva.</strong></span> <span class='ocrx_word' id='word_1_27' title='bbox 757 896 837 906; x_wconf 96' lang='lat'><strong>—</strong></span> <span class='ocrx_word' id='word_1_28' title='bbox 859 861 1184 924; x_wconf 89' lang='lat' dir='ltr'><strong>Postremo</strong></span> <span class='ocrx_word' id='word_1_29' title='bbox 1213 866 1608 922; x_wconf 89' lang='lat' dir='ltr'><strong>sacramenta</strong></span> <span class='ocrx_word' id='word_1_30' title='bbox 1647 857 1766 918; x_wconf 88' lang='lat' dir='ltr'><strong>ista</strong></span> <span class='ocrx_word' id='word_1_31' title='bbox 1802 857 1908 918; x_wconf 92' lang='lat' dir='ltr'><strong>de·</strong></span> 
     </span>
     <span class='ocr_line' id='line_1_6' title="bbox 399 954 1908 1041; baseline -0.001 -25"><span class='ocrx_word' id='word_1_32' title='bbox 399 973 604 1036; x_wconf 89' lang='lat' dir='ltr'><strong>super</strong></span> <span class='ocrx_word' id='word_1_33' title='bbox 633 957 698 1019; x_wconf 92' lang='lat' dir='ltr'><strong>in</strong></span> <span class='ocrx_word' id='word_1_34' title='bbox 730 959 1094 1041; x_wconf 87' lang='lat' dir='ltr'><strong>septenario</strong></span> <span class='ocrx_word' id='word_1_35' title='bbox 1123 974 1394 1020; x_wconf 89' lang='lat' dir='ltr'><strong>numero</strong></span> <span class='ocrx_word' id='word_1_36' title='bbox 1433 954 1908 1038; x_wconf 88' lang='lat' dir='ltr'><strong>sapientissime</strong></span> 
     </span>
     <span class='ocr_line' id='line_1_7' title="bbox 401 1051 1909 1137; baseline -0.001 -23"><span class='ocrx_word' id='word_1_37' title='bbox 401 1061 558 1115; x_wconf 86' lang='lat' dir='ltr'><strong>sunt</strong></span> <span class='ocrx_word' id='word_1_38' title='bbox 601 1062 835 1118; x_wconf 77' lang='lat' dir='ltr'><strong>statuta</strong></span> <span class='ocrx_word' id='word_1_39' title='bbox 868 1073 883 1118; x_wconf 89' lang='lat'>:</span> <span class='ocrx_word' id='word_1_40' title='bbox 917 1075 1066 1118; x_wconf 89' lang='lat' dir='ltr'><strong>nam</strong></span> <span class='ocrx_word' id='word_1_41' title='bbox 1099 1063 1164 1118; x_wconf 93' lang='lat' dir='ltr'><strong>et</strong></span> <span class='ocrx_word' id='word_1_42' title='bbox 1191 1053 1555 1137; x_wconf 89' lang='lat' dir='ltr'><strong>septenario</strong></span> <span class='ocrx_word' id='word_1_43' title='bbox 1597 1051 1909 1116; x_wconf 91' lang='lat' dir='ltr'><strong>universi·</strong></span> 
     </span>
     <span class='ocr_line' id='line_1_8' title="bbox 399 1151 1906 1234; baseline -0.001 -22"><span class='ocrx_word' id='word_1_44' title='bbox 399 1157 502 1212; x_wconf 87' lang='lat' dir='ltr'><strong>tas</strong></span> <span class='ocrx_word' id='word_1_45' title='bbox 529 1151 916 1234; x_wconf 76' lang='lat' dir='ltr'><strong>designatur.</strong></span> <span class='ocrx_word' id='word_1_46' title='bbox 933 1153 1076 1218; x_wconf 76' lang='lat' dir='ltr'><strong>Haec</strong></span> <span class='ocrx_word' id='word_1_47' title='bbox 1105 1159 1320 1215; x_wconf 92' lang='lat' dir='ltr'><strong>autem</strong></span> <span class='ocrx_word' id='word_1_48' title='bbox 1351 1158 1748 1214; x_wconf 89' lang='lat' dir='ltr'><strong>sacramenta</strong></span> <span class='ocrx_word' id='word_1_49' title='bbox 1775 1156 1906 1211; x_wconf 90' lang='lat' dir='ltr'><strong>tam</strong></span> 
     </span>
     <span class='ocr_line' id='line_1_9' title="bbox 401 1249 1906 1333; baseline -0.001 -22"><span class='ocrx_word' id='word_1_50' title='bbox 401 1266 632 1330; x_wconf 82' lang='lat' dir='ltr'><strong>pauca,</strong></span> <span class='ocrx_word' id='word_1_51' title='bbox 665 1251 1116 1315; x_wconf 83' lang='lat' dir='ltr'><strong>universorum</strong></span> <span class='ocrx_word' id='word_1_52' title='bbox 1157 1249 1658 1333; x_wconf 84' lang='lat' dir='ltr'><strong>praecedentium</strong></span> <span class='ocrx_word' id='word_1_53' title='bbox 1705 1265 1906 1310; x_wconf 84' lang='lat' dir='ltr'><strong>sacra-</strong></span> 
     </span>
     <span class='ocr_line' id='line_1_10' title="bbox 401 1345 1902 1422; baseline -0.001 -15"><span class='ocrx_word' id='word_1_54' title='bbox 401 1355 768 1410; x_wconf 89' lang='lat' dir='ltr'><strong>mentorum</strong></span> <span class='ocrx_word' id='word_1_55' title='bbox 789 1348 1060 1410; x_wconf 89' lang='lat' dir='ltr'><strong>virtutes</strong></span> <span class='ocrx_word' id='word_1_56' title='bbox 1090 1355 1155 1410; x_wconf 93' lang='lat' dir='ltr'><strong>et</strong></span> <span class='ocrx_word' id='word_1_57' title='bbox 1183 1345 1510 1409; x_wconf 87' lang='lat' dir='ltr'><strong>efficacias</strong></span> <span class='ocrx_word' id='word_1_58' title='bbox 1539 1345 1902 1422; x_wconf 83' lang='lat' dir='ltr'><strong>continent3</strong></span> 
     </span>
     <span class='ocr_line' id='line_1_11' title="bbox 402 1441 1904 1528; baseline -0.003 -21"><span class='ocrx_word' id='word_1_59' title='bbox 402 1451 656 1527; x_wconf 87' lang='lat' dir='ltr'><strong>septem</strong></span> <span class='ocrx_word' id='word_1_60' title='bbox 685 1463 943 1528; x_wconf 88' lang='lat' dir='ltr'><strong>quoque</strong></span> <span class='ocrx_word' id='word_1_61' title='bbox 972 1446 1158 1510; x_wconf 92' lang='lat' dir='ltr'><strong>donis</strong></span> <span class='ocrx_word' id='word_1_62' title='bbox 1196 1444 1472 1526; x_wconf 83' lang='lat' dir='ltr'>Spiritus</span> <span class='ocrx_word' id='word_1_63' title='bbox 1515 1441 1728 1506; x_wconf 80' lang='lat' dir='ltr'>Sancti</span> <span class='ocrx_word' id='word_1_64' title='bbox 1769 1459 1904 1504; x_wconf 88' lang='lat' dir='ltr'><strong>cor-</strong></span> 
     </span>
     <span class='ocr_line' id='line_1_12' title="bbox 401 1539 1904 1626; baseline -0.002 -21"><span class='ocrx_word' id='word_1_65' title='bbox 401 1544 814 1625; x_wconf 78' lang='lat' dir='ltr'><strong>respondent,</strong></span> <span class='ocrx_word' id='word_1_66' title='bbox 856 1551 922 1606; x_wconf 91' lang='lat' dir='ltr'><strong>et</strong></span> <span class='ocrx_word' id='word_1_67' title='bbox 962 1551 1232 1626; x_wconf 80' lang='lat' dir='ltr'><strong>septem,</strong></span> <span class='ocrx_word' id='word_1_68' title='bbox 1276 1543 1408 1604; x_wconf 91' lang='lat' dir='ltr'><strong>imo</strong></span> <span class='ocrx_word' id='word_1_69' title='bbox 1451 1541 1750 1604; x_wconf 85' lang='lat' dir='ltr'><strong>universa</strong></span> <span class='ocrx_word' id='word_1_70' title='bbox 1789 1539 1904 1620; x_wconf 90' lang='lat' dir='ltr'><strong>eji-</strong></span> 
     </span>
     <span class='ocr_line' id='line_1_13' title="bbox 401 1640 1908 1726; baseline -0.001 -24"><span class='ocrx_word' id='word_1_71' title='bbox 401 1641 586 1704; x_wconf 88' lang='lat' dir='ltr'><strong>ciunt</strong></span> <span class='ocrx_word' id='word_1_72' title='bbox 614 1651 678 1704; x_wconf 90' lang='lat' dir='ltr'><strong>et</strong></span> <span class='ocrx_word' id='word_1_73' title='bbox 706 1642 1040 1726; x_wconf 88' lang='lat' dir='ltr'><strong>expellunt</strong></span> <span class='ocrx_word' id='word_1_74' title='bbox 1068 1640 1402 1714; x_wconf 77' lang='lat' dir='ltr'><strong>daemonia,</strong></span> <span class='ocrx_word' id='word_1_75' title='bbox 1427 1640 1491 1703; x_wconf 90' lang='lat' dir='ltr'><strong>id</strong></span> <span class='ocrx_word' id='word_1_76' title='bbox 1521 1647 1618 1702; x_wconf 89' lang='lat' dir='ltr'><strong>est</strong></span> <span class='ocrx_word' id='word_1_77' title='bbox 1647 1647 1908 1722; x_wconf 89' lang='lat' dir='ltr'><strong>peccata</strong></span> 
     </span>
     <span class='ocr_line' id='line_1_14' title="bbox 401 1741 1902 1812; baseline -0.003 -9"><span class='ocrx_word' id='word_1_78' title='bbox 401 1741 714 1803; x_wconf 83' lang='lat' dir='ltr'><strong>mortalia.</strong></span> <span class='ocrx_word' id='word_1_79' title='bbox 747 1741 1031 1804; x_wconf 91' lang='lat' dir='ltr'><strong>Primum</strong></span> <span class='ocrx_word' id='word_1_80' title='bbox 1063 1741 1294 1804; x_wconf 89' lang='lat' dir='ltr'><strong>horum</strong></span> <span class='ocrx_word' id='word_1_81' title='bbox 1336 1745 1902 1812; x_wconf 86' lang='lat' dir='ltr'><strong>sacramentorum,</strong></span> 
     </span>
    </p>
   </div>
   <div class='ocr_carea' id='block_1_5' title="bbox 2013 761 3523 1822">
    <p class='ocr_par' dir='ltr' id='par_1_5' title="bbox 2013 761 3523 1315">
     <span class='ocr_line' id='line_1_15' title="bbox 2019 761 3523 843; baseline -0.001 -21"><span class='ocrx_word' id='word_1_82' title='bbox 2019 761 2403 843; x_wconf 91' lang='lat' dir='ltr'><strong>simpliciter</strong></span> <span class='ocrx_word' id='word_1_83' title='bbox 2450 764 2733 826; x_wconf 92' lang='lat' dir='ltr'><strong>nondum</strong></span> <span class='ocrx_word' id='word_1_84' title='bbox 2783 762 3019 826; x_wconf 90' lang='lat' dir='ltr'><strong>adultis</strong></span> <span class='ocrx_word' id='word_1_85' title='bbox 3072 780 3086 824; x_wconf 74' lang='grc' dir='ltr'>ε</span> <span class='ocrx_word' id='word_1_86' title='bbox 3134 761 3257 824; x_wconf 91' lang='lat' dir='ltr'><strong>nisi</strong></span> <span class='ocrx_word' id='word_1_87' title='bbox 3308 761 3523 824; x_wconf 86' lang='lat' dir='ltr'><strong>forsan</strong></span> 
     </span>
     <span class='ocr_line' id='line_1_16' title="bbox 2019 855 3522 942; baseline -0.001 -23"><span class='ocrx_word' id='word_1_88' title='bbox 2019 876 2136 939; x_wconf 93' lang='lat' dir='ltr'><strong>pro</strong></span> <span class='ocrx_word' id='word_1_89' title='bbox 2174 857 2424 922; x_wconf 86' lang='lat' dir='ltr'><strong>Christo</strong></span> <span class='ocrx_word' id='word_1_90' title='bbox 2473 860 2946 924; x_wconf 79' lang='lat' dir='ltr'><strong>interficiantur</strong></span> <span class='ocrx_word' id='word_1_91' title='bbox 2987 879 3099 924; x_wconf 91' lang='lat' dir='ltr'><strong>seu</strong></span> <span class='ocrx_word' id='word_1_92' title='bbox 3146 865 3405 942; x_wconf 89' lang='lat' dir='ltr'><strong>propter</strong></span> <span class='ocrx_word' id='word_1_93' title='bbox 3448 855 3522 918; x_wconf 92' lang='lat' dir='ltr'><strong>fi-</strong></span> 
     </span>
     <span class='ocr_line' id='line_1_17' title="bbox 2017 951 3519 1038; baseline -0.002 -20"><span class='ocrx_word' id='word_1_94' title='bbox 2017 955 2187 1028; x_wconf 86' lang='lat' dir='ltr'><strong>dem,</strong></span> <span class='ocrx_word' id='word_1_95' title='bbox 2242 964 2313 1018; x_wconf 92' lang='lat' dir='ltr'><strong>ut</strong></span> <span class='ocrx_word' id='word_1_96' title='bbox 2355 957 2731 1020; x_wconf 88' lang='lat' dir='ltr'><strong>Innocentes</strong></span> <span class='ocrx_word' id='word_1_97' title='bbox 2780 957 2862 1021; x_wconf 88' lang='lat' dir='ltr'><strong>ab</strong></span> <span class='ocrx_word' id='word_1_98' title='bbox 2914 958 3159 1020; x_wconf 84' lang='lat' dir='ltr'><strong>Herode</strong></span> <span class='ocrx_word' id='word_1_99' title='bbox 3200 951 3519 1038; x_wconf 76' lang='lat' dir='ltr'><strong>perempti</strong></span> 
     </span>
     <span class='ocr_line' id='line_1_18' title="bbox 2013 1051 3519 1137; baseline -0.001 -21"><span class='ocrx_word' id='word_1_100' title='bbox 2013 1053 2203 1134; x_wconf 89' lang='lat' dir='ltr'><strong>(tales</strong></span> <span class='ocrx_word' id='word_1_101' title='bbox 2224 1072 2375 1135; x_wconf 83' lang='lat' dir='ltr'><strong>ergo</strong></span> <span class='ocrx_word' id='word_1_102' title='bbox 2392 1053 2721 1137; x_wconf 88' lang='lat' dir='ltr'><strong>Baptismo</strong></span> <span class='ocrx_word' id='word_1_103' title='bbox 2752 1055 3083 1136; x_wconf 82' lang='lat' dir='ltr'><strong>sanguinis</strong></span> <span class='ocrx_word' id='word_1_104' title='bbox 3107 1055 3279 1117; x_wconf 90' lang='lat' dir='ltr'><strong>fiunt</strong></span> <span class='ocrx_word' id='word_1_105' title='bbox 3308 1051 3519 1132; x_wconf 60' lang='lat' dir='ltr'><strong>salvo,</strong></span> 
     </span>
     <span class='ocr_line' id='line_1_19' title="bbox 2015 1152 3521 1236; baseline 0.001 -22"><span class='ocrx_word' id='word_1_106' title='bbox 2015 1159 2126 1214; x_wconf 86' lang='lat' dir='ltr'><strong>aut</strong></span> <span class='ocrx_word' id='word_1_107' title='bbox 2170 1153 2659 1216; x_wconf 74' lang='lat' dir='ltr'><strong>sanctificentur</strong></span> <span class='ocrx_word' id='word_1_108' title='bbox 2702 1154 2766 1217; x_wconf 92' lang='lat' dir='ltr'><strong>in</strong></span> <span class='ocrx_word' id='word_1_109' title='bbox 2812 1161 3015 1228; x_wconf 88' lang='lat' dir='ltr'><strong>utero,</strong></span> <span class='ocrx_word' id='word_1_110' title='bbox 3047 1154 3271 1236; x_wconf 87' lang='lat' dir='ltr'><strong>sicque</strong></span> <span class='ocrx_word' id='word_1_111' title='bbox 3311 1152 3521 1234; x_wconf 90' lang='lat' dir='ltr'><strong>Bapti-</strong></span> 
     </span>
     <span class='ocr_line' id='line_1_20' title="bbox 2015 1249 2975 1315; baseline 0.001 -3"><span class='ocrx_word' id='word_1_112' title='bbox 2015 1268 2156 1313; x_wconf 87' lang='lat' dir='ltr'><strong>smo</strong></span> <span class='ocrx_word' id='word_1_113' title='bbox 2198 1249 2485 1315; x_wconf 87' lang='lat' dir='ltr'><strong>flaminis</strong></span> <span class='ocrx_word' id='word_1_114' title='bbox 2525 1253 2975 1314; x_wconf 87' lang='lat' dir='ltr'><strong>emundantur.</strong></span> 
     </span>
    </p>

    <p class='ocr_par' dir='ltr' id='par_1_6' title="bbox 2013 1345 3523 1822">
     <span class='ocr_line' id='line_1_21' title="bbox 2097 1345 3519 1431; baseline 0 -21"><span class='ocrx_word' id='word_1_115' title='bbox 2097 1348 2165 1410; x_wconf 89' lang='lat' dir='ltr'><strong>ln</strong></span> <span class='ocrx_word' id='word_1_116' title='bbox 2214 1347 2541 1431; x_wconf 87' lang='lat' dir='ltr'><strong>Baptismo</strong></span> <span class='ocrx_word' id='word_1_117' title='bbox 2587 1368 2754 1431; x_wconf 89' lang='lat' dir='ltr'><strong>aqua</strong></span> <span class='ocrx_word' id='word_1_118' title='bbox 2811 1357 2909 1413; x_wconf 88' lang='lat' dir='ltr'><strong>est</strong></span> <span class='ocrx_word' id='word_1_119' title='bbox 2954 1348 3242 1424; x_wconf 89' lang='lat' dir='ltr'><strong>materia,</strong></span> <span class='ocrx_word' id='word_1_120' title='bbox 3292 1345 3519 1411; x_wconf 85' lang='lat' dir='ltr'><strong>saltem</strong></span> 
     </span>
     <span class='ocr_line' id='line_1_22' title="bbox 2014 1444 3519 1529; baseline -0.001 -21"><span class='ocrx_word' id='word_1_121' title='bbox 2014 1453 2298 1527; x_wconf 82' lang='lat' dir='ltr'><strong>remota3</strong></span> <span class='ocrx_word' id='word_1_122' title='bbox 2348 1454 2413 1509; x_wconf 88' lang='lat' dir='ltr'><strong>et</strong></span> <span class='ocrx_word' id='word_1_123' title='bbox 2470 1447 2610 1529; x_wconf 90' lang='lat' dir='ltr'><strong>ipsa</strong></span> <span class='ocrx_word' id='word_1_124' title='bbox 2658 1446 2904 1511; x_wconf 89' lang='lat' dir='ltr'><strong>ablutio</strong></span> <span class='ocrx_word' id='word_1_125' title='bbox 2952 1447 3053 1510; x_wconf 79' lang='lat' dir='ltr'><strong>vel</strong></span> <span class='ocrx_word' id='word_1_126' title='bbox 3105 1445 3403 1510; x_wconf 88' lang='lat' dir='ltr'><strong>intinctio</strong></span> <span class='ocrx_word' id='word_1_127' title='bbox 3452 1444 3519 1507; x_wconf 91' lang='lat' dir='ltr'><strong>in</strong></span> 
     </span>
     <span class='ocr_line' id='line_1_23' title="bbox 2013 1545 3521 1628; baseline 0 -22"><span class='ocrx_word' id='word_1_128' title='bbox 2013 1563 2201 1626; x_wconf 87' lang='lat' dir='ltr'><strong>aqua,</strong></span> <span class='ocrx_word' id='word_1_129' title='bbox 2264 1545 2529 1608; x_wconf 86' lang='lat' dir='ltr'><strong>materia</strong></span> <span class='ocrx_word' id='word_1_130' title='bbox 2584 1553 2681 1609; x_wconf 90' lang='lat' dir='ltr'><strong>est</strong></span> <span class='ocrx_word' id='word_1_131' title='bbox 2742 1545 3125 1628; x_wconf 87' lang='lat' dir='ltr'><strong>propinqua,</strong></span> <span class='ocrx_word' id='word_1_132' title='bbox 3181 1552 3373 1627; x_wconf 83' lang='lat' dir='ltr'><strong>atque</strong></span> <span class='ocrx_word' id='word_1_133' title='bbox 3424 1561 3521 1606; x_wconf 89' lang='lat' dir='ltr'><strong>re-</strong></span> 
     </span>
     <span class='ocr_line' id='line_1_24' title="bbox 2013 1642 3523 1727; baseline 0 -23"><span class='ocrx_word' id='word_1_134' title='bbox 2013 1642 2197 1706; x_wconf 87' lang='lat' dir='ltr'><strong>aliter</strong></span> <span class='ocrx_word' id='word_1_135' title='bbox 2226 1650 2290 1706; x_wconf 92' lang='lat' dir='ltr'><strong>et</strong></span> <span class='ocrx_word' id='word_1_136' title='bbox 2318 1643 2741 1706; x_wconf 87' lang='lat' dir='ltr'><strong>essentialiter</strong></span> <span class='ocrx_word' id='word_1_137' title='bbox 2784 1643 2919 1727; x_wconf 89' lang='lat' dir='ltr'><strong>ipse</strong></span> <span class='ocrx_word' id='word_1_138' title='bbox 2958 1642 3341 1725; x_wconf 81' lang='lat' dir='ltr'><strong>Baptismus.</strong></span> <span class='ocrx_word' id='word_1_139' title='bbox 3377 1642 3523 1705; x_wconf 86' lang='lat' dir='ltr'><strong>For-</strong></span> 
     </span>
     <span class='ocr_line' id='line_1_25' title="bbox 2017 1739 3522 1822; baseline 0 -18"><span class='ocrx_word' id='word_1_140' title='bbox 2017 1760 2121 1804; x_wconf 88' lang='lat' dir='ltr'><strong>ma</strong></span> <span class='ocrx_word' id='word_1_141' title='bbox 2170 1760 2321 1805; x_wconf 86' lang='lat' dir='ltr'><strong>vero</strong></span> <span class='ocrx_word' id='word_1_142' title='bbox 2371 1741 2491 1804; x_wconf 85' lang='lat' dir='ltr'><strong>ista</strong></span> <span class='ocrx_word' id='word_1_143' title='bbox 2539 1741 2907 1815; x_wconf 88' lang='lat' dir='ltr'><strong>verborum,</strong></span> <span class='ocrx_word' id='word_1_144' title='bbox 2962 1741 3091 1822; x_wconf 78' lang='lat' dir='ltr'><strong>Ego</strong></span> <span class='ocrx_word' id='word_1_145' title='bbox 3147 1749 3209 1804; x_wconf 94' lang='lat' dir='ltr'><strong>te</strong></span> <span class='ocrx_word' id='word_1_146' title='bbox 3268 1739 3522 1822; x_wconf 87' lang='lat' dir='ltr'><strong>baptizo</strong></span> 
     </span>
    </p>
   </div>
   <div class='ocr_carea' id='block_1_6' title="bbox 401 1836 3519 1922">
    <p class='ocr_par' dir='ltr' id='par_1_7' title="bbox 401 1836 3519 1922">
     <span class='ocr_line' id='line_1_26' title="bbox 401 1836 3519 1922; baseline -0.001 -21"><span class='ocrx_word' id='word_1_147' title='bbox 401 1847 560 1921; x_wconf 85' lang='lat' dir='ltr'><strong>puta</strong></span> <span class='ocrx_word' id='word_1_148' title='bbox 603 1839 990 1922; x_wconf 78' lang='lat' dir='ltr'><strong>Baptismus,</strong></span> <span class='ocrx_word' id='word_1_149' title='bbox 1035 1846 1134 1903; x_wconf 91' lang='lat' dir='ltr'><strong>est</strong></span> <span class='ocrx_word' id='word_1_150' title='bbox 1180 1838 1642 1902; x_wconf 88' lang='lat' dir='ltr'><strong>introeuntium</strong></span> <span class='ocrx_word' id='word_1_151' title='bbox 1693 1836 1904 1900; x_wconf 87' lang='lat' dir='ltr'><strong>Eccle-</strong></span> <span class='ocrx_word' id='word_1_152' title='bbox 1936 1838 1984 1902; x_wconf 91' lang='lat' dir='ltr'><strong>B</strong></span> <span class='ocrx_word' id='word_1_153' title='bbox 2019 1837 2081 1900; x_wconf 89' lang='lat' dir='ltr'><strong>in</strong></span> <span class='ocrx_word' id='word_1_154' title='bbox 2111 1839 2373 1902; x_wconf 90' lang='lat' dir='ltr'><strong>nomine</strong></span> <span class='ocrx_word' id='word_1_155' title='bbox 2401 1839 2599 1901; x_wconf 86' lang='lat' dir='ltr'><strong>Patris</strong></span> <span class='ocrx_word' id='word_1_156' title='bbox 2630 1846 2693 1900; x_wconf 91' lang='lat' dir='ltr'><strong>et</strong></span> <span class='ocrx_word' id='word_1_157' title='bbox 2720 1839 2861 1902; x_wconf 82' lang='lat' dir='ltr'><strong>Filii</strong></span> <span class='ocrx_word' id='word_1_158' title='bbox 2894 1846 2959 1901; x_wconf 88' lang='lat' dir='ltr'><strong>et</strong></span> <span class='ocrx_word' id='word_1_159' title='bbox 2982 1838 3256 1921; x_wconf 91' lang='lat' dir='ltr'><strong>Spiritus</strong></span> <span class='ocrx_word' id='word_1_160' title='bbox 3282 1837 3519 1912; x_wconf 88' lang='lat' dir='ltr'><strong>Sancti,</strong></span> 
     </span>
    </p>
   </div>
   <div class='ocr_carea' id='block_1_7' title="bbox 397 1936 1908 3008">
    <p class='ocr_par' dir='ltr' id='par_1_8' title="bbox 397 1936 1908 3008">
     <span class='ocr_line' id='line_1_27' title="bbox 399 1936 1904 2012; baseline -0.001 -13"><span class='ocrx_word' id='word_1_161' title='bbox 399 1938 566 2000; x_wconf 87' lang='lat' dir='ltr'><strong>siam</strong></span> <span class='ocrx_word' id='word_1_162' title='bbox 597 1938 1000 2002; x_wconf 70' lang='lat' dir='ltr'><strong>militantem.</strong></span> <span class='ocrx_word' id='word_1_163' title='bbox 1033 1939 1423 2012; x_wconf 86' lang='lat' dir='ltr'><strong>Secundum,</strong></span> <span class='ocrx_word' id='word_1_164' title='bbox 1457 1945 1528 2000; x_wconf 91' lang='lat' dir='ltr'><strong>ut</strong></span> <span class='ocrx_word' id='word_1_165' title='bbox 1555 1936 1904 2001; x_wconf 90' lang='lat' dir='ltr'><strong>Confirma-</strong></span> 
     </span>
     <span class='ocr_line' id='line_1_28' title="bbox 403 2037 1903 2120; baseline -0.002 -21"><span class='ocrx_word' id='word_1_166' title='bbox 403 2037 516 2108; x_wconf 90' lang='lat' dir='ltr'><strong>ti0,</strong></span> <span class='ocrx_word' id='word_1_167' title='bbox 585 2045 683 2100; x_wconf 89' lang='lat' dir='ltr'><strong>est</strong></span> <span class='ocrx_word' id='word_1_168' title='bbox 751 2037 1180 2120; x_wconf 76' lang='lat' dir='ltr'><strong>praeliantium</strong></span> <span class='ocrx_word' id='word_1_169' title='bbox 1251 2039 1315 2100; x_wconf 89' lang='lat' dir='ltr'><strong>in</strong></span> <span class='ocrx_word' id='word_1_170' title='bbox 1387 2037 1610 2100; x_wconf 90' lang='lat' dir='ltr'><strong>eadem</strong></span> <span class='ocrx_word' id='word_1_171' title='bbox 1682 2043 1903 2098; x_wconf 89' lang='lat' dir='ltr'><strong>contra</strong></span> 
     </span>
     <span class='ocr_line' id='line_1_29' title="bbox 397 2133 1902 2218; baseline -0.001 -22"><span class='ocrx_word' id='word_1_172' title='bbox 397 2134 798 2198; x_wconf 87' lang='lat' dir='ltr'><strong>adversarios</strong></span> <span class='ocrx_word' id='word_1_173' title='bbox 827 2155 958 2200; x_wconf 78' lang='lat' dir='ltr'><strong>suae</strong></span> <span class='ocrx_word' id='word_1_174' title='bbox 987 2136 1232 2200; x_wconf 70' lang='lat' dir='ltr'><strong>salutis</strong></span> <span class='ocrx_word' id='word_1_175' title='bbox 1267 2136 1572 2210; x_wconf 86' lang='lat' dir='ltr'><strong>Tertium,</strong></span> <span class='ocrx_word' id='word_1_176' title='bbox 1599 2142 1754 2218; x_wconf 91' lang='lat' dir='ltr'><strong>puta</strong></span> <span class='ocrx_word' id='word_1_177' title='bbox 1781 2133 1902 2196; x_wconf 91' lang='lat' dir='ltr'><strong>Eu-</strong></span> 
     </span>
     <span class='ocr_line' id='line_1_30' title="bbox 401 2231 1902 2316; baseline 0 -22"><span class='ocrx_word' id='word_1_178' title='bbox 401 2231 727 2306; x_wconf 83' lang='lat' dir='ltr'><strong>charistia,</strong></span> <span class='ocrx_word' id='word_1_179' title='bbox 771 2233 956 2298; x_wconf 89' lang='lat' dir='ltr'><strong>cibus</strong></span> <span class='ocrx_word' id='word_1_180' title='bbox 993 2241 1092 2298; x_wconf 92' lang='lat' dir='ltr'><strong>est</strong></span> <span class='ocrx_word' id='word_1_181' title='bbox 1135 2242 1328 2316; x_wconf 87' lang='lat' dir='ltr'><strong>atque</strong></span> <span class='ocrx_word' id='word_1_182' title='bbox 1375 2234 1682 2296; x_wconf 82' lang='lat' dir='ltr'><strong>viaticum</strong></span> <span class='ocrx_word' id='word_1_183' title='bbox 1736 2240 1902 2294; x_wconf 90' lang='lat' dir='ltr'><strong>utro-</strong></span> 
     </span>
     <span class='ocr_line' id='line_1_31' title="bbox 401 2331 1905 2414; baseline -0.001 -22"><span class='ocrx_word' id='word_1_184' title='bbox 401 2347 698 2414; x_wconf 84' lang='lat' dir='ltr'><strong>rumque.</strong></span> <span class='ocrx_word' id='word_1_185' title='bbox 746 2331 1074 2407; x_wconf 85' lang='lat' dir='ltr'><strong>Quartum,</strong></span> <span class='ocrx_word' id='word_1_186' title='bbox 1117 2331 1183 2394; x_wconf 92' lang='lat' dir='ltr'><strong>id</strong></span> <span class='ocrx_word' id='word_1_187' title='bbox 1229 2339 1326 2394; x_wconf 91' lang='lat' dir='ltr'><strong>est</strong></span> <span class='ocrx_word' id='word_1_188' title='bbox 1362 2331 1762 2404; x_wconf 85' lang='lat' dir='ltr'><strong>Poenitentia,</strong></span> <span class='ocrx_word' id='word_1_189' title='bbox 1807 2337 1905 2392; x_wconf 89' lang='lat' dir='ltr'><strong>est</strong></span> 
     </span>
     <span class='ocr_line' id='line_1_32' title="bbox 401 2431 1900 2513; baseline -0.001 -20"><span class='ocrx_word' id='word_1_190' title='bbox 401 2431 928 2494; x_wconf 84' lang='lat' dir='ltr'><strong>reviviscentium</strong></span> <span class='ocrx_word' id='word_1_191' title='bbox 956 2449 1032 2494; x_wconf 87' lang='lat' dir='ltr'><strong>ac</strong></span> <span class='ocrx_word' id='word_1_192' title='bbox 1061 2431 1532 2512; x_wconf 83' lang='lat' dir='ltr'><strong>resurgentium</strong></span> <span class='ocrx_word' id='word_1_193' title='bbox 1558 2449 1595 2492; x_wconf 93' lang='lat' dir='ltr'><strong>a</strong></span> <span class='ocrx_word' id='word_1_194' title='bbox 1625 2436 1900 2513; x_wconf 85' lang='lat' dir='ltr'><strong>peccato.</strong></span> 
     </span>
     <span class='ocr_line' id='line_1_33' title="bbox 399 2530 1904 2606; baseline -0.002 -13"><span class='ocrx_word' id='word_1_195' title='bbox 399 2531 734 2606; x_wconf 81' lang='lat' dir='ltr'><strong>Quintum,</strong></span> <span class='ocrx_word' id='word_1_196' title='bbox 793 2531 1094 2594; x_wconf 87' lang='lat' dir='ltr'><strong>videlicet</strong></span> <span class='ocrx_word' id='word_1_197' title='bbox 1151 2531 1448 2594; x_wconf 89' lang='lat' dir='ltr'><strong>Extrema</strong></span> <span class='ocrx_word' id='word_1_198' title='bbox 1505 2530 1748 2603; x_wconf 88' lang='lat' dir='ltr'><strong>Unctio‚</strong></span> <span class='ocrx_word' id='word_1_199' title='bbox 1807 2535 1904 2591; x_wconf 88' lang='lat' dir='ltr'><strong>est</strong></span> 
     </span>
     <span class='ocr_line' id='line_1_34' title="bbox 400 2626 1906 2712; baseline -0.003 -20"><span class='ocrx_word' id='word_1_200' title='bbox 400 2630 780 2692; x_wconf 85' lang='lat' dir='ltr'><strong>exeuntium</strong></span> <span class='ocrx_word' id='word_1_201' title='bbox 811 2647 1088 2712; x_wconf 75' lang='lat' dir='ltr'><strong>proesens</strong></span> <span class='ocrx_word' id='word_1_202' title='bbox 1115 2629 1438 2692; x_wconf 83' lang='lat' dir='ltr'><strong>exsilium.</strong></span> <span class='ocrx_word' id='word_1_203' title='bbox 1471 2628 1756 2702; x_wconf 86' lang='lat' dir='ltr'><strong>Sextum,</strong></span> <span class='ocrx_word' id='word_1_204' title='bbox 1787 2626 1906 2690; x_wconf 89' lang='lat' dir='ltr'><strong>sci-</strong></span> 
     </span>
     <span class='ocr_line' id='line_1_35' title="bbox 405 2723 1906 2801; baseline -0.001 -13"><span class='ocrx_word' id='word_1_205' title='bbox 405 2727 564 2790; x_wconf 88' lang='lat' dir='ltr'><strong>licet</strong></span> <span class='ocrx_word' id='word_1_206' title='bbox 605 2725 792 2801; x_wconf 89' lang='lat' dir='ltr'><strong>Ordo,</strong></span> <span class='ocrx_word' id='word_1_207' title='bbox 833 2733 931 2789; x_wconf 91' lang='lat' dir='ltr'><strong>est</strong></span> <span class='ocrx_word' id='word_1_208' title='bbox 971 2726 1474 2789; x_wconf 83' lang='lat' dir='ltr'><strong>ministrantium</strong></span> <span class='ocrx_word' id='word_1_209' title='bbox 1515 2725 1580 2787; x_wconf 97' lang='lat' dir='ltr'><strong>in</strong></span> <span class='ocrx_word' id='word_1_210' title='bbox 1623 2723 1906 2788; x_wconf 91' lang='lat' dir='ltr'><strong>Ecclesia</strong></span> 
     </span>
     <span class='ocr_line' id='line_1_36' title="bbox 403 2823 1908 2890; baseline -0.005 0"><span class='ocrx_word' id='word_1_211' title='bbox 403 2845 478 2890; x_wconf 82' lang='lat' dir='ltr'><strong>ae</strong></span> <span class='ocrx_word' id='word_1_212' title='bbox 519 2826 1106 2890; x_wconf 82' lang='lat' dir='ltr'><strong>administrantium</strong></span> <span class='ocrx_word' id='word_1_213' title='bbox 1155 2825 1300 2888; x_wconf 88' lang='lat' dir='ltr'><strong>aliis</strong></span> <span class='ocrx_word' id='word_1_214' title='bbox 1347 2823 1778 2888; x_wconf 85' lang='lat' dir='ltr'><strong>ecclesiastica</strong></span> <span class='ocrx_word' id='word_1_215' title='bbox 1815 2839 1908 2884; x_wconf 89' lang='lat' dir='ltr'><strong>sa-</strong></span> 
     </span>
     <span class='ocr_line' id='line_1_37' title="bbox 401 2920 1904 3008; baseline -0.005 -19"><span class='ocrx_word' id='word_1_216' title='bbox 401 2934 752 2988; x_wconf 81' lang='lat' dir='ltr'><strong>cramenta.</strong></span> <span class='ocrx_word' id='word_1_217' title='bbox 805 2925 1188 3008; x_wconf 89' lang='lat' dir='ltr'><strong>Septimum,</strong></span> <span class='ocrx_word' id='word_1_218' title='bbox 1245 2933 1344 2986; x_wconf 88' lang='lat' dir='ltr'><strong>est</strong></span> <span class='ocrx_word' id='word_1_219' title='bbox 1401 2920 1904 3006; x_wconf 87' lang='lat' dir='ltr'><strong>prolificantium</strong></span> 
     </span>
    </p>
   </div>
   <div class='ocr_carea' id='block_1_8' title="bbox 2015 1935 3525 2802">
    <p class='ocr_par' dir='ltr' id='par_1_9' title="bbox 2015 1935 3525 2802">
     <span class='ocr_line' id='line_1_38' title="bbox 2015 1935 3521 2019; baseline -0.001 -19"><span class='ocrx_word' id='word_1_220' title='bbox 2015 1944 2113 2000; x_wconf 90' lang='lat' dir='ltr'><strong>est</strong></span> <span class='ocrx_word' id='word_1_221' title='bbox 2143 1936 2350 1999; x_wconf 89' lang='lat' dir='ltr'><strong>forma</strong></span> <span class='ocrx_word' id='word_1_222' title='bbox 2378 1938 2759 2000; x_wconf 88' lang='lat' dir='ltr'><strong>sacramenti</strong></span> <span class='ocrx_word' id='word_1_223' title='bbox 2794 1937 2995 2000; x_wconf 91' lang='lat' dir='ltr'><strong>istius.</strong></span> <span class='ocrx_word' id='word_1_224' title='bbox 3016 1935 3257 2019; x_wconf 89' lang='lat' dir='ltr'><strong>Nempe</strong></span> <span class='ocrx_word' id='word_1_225' title='bbox 3291 1935 3355 1998; x_wconf 90' lang='lat' dir='ltr'><strong>in</strong></span> <span class='ocrx_word' id='word_1_226' title='bbox 3387 1951 3521 1998; x_wconf 90' lang='lat' dir='ltr'><strong>om-</strong></span> 
     </span>
     <span class='ocr_line' id='line_1_39' title="bbox 2015 2033 3520 2116; baseline 0 -20"><span class='ocrx_word' id='word_1_227' title='bbox 2015 2034 2082 2096; x_wconf 91' lang='lat' dir='ltr'><strong>ni</strong></span> <span class='ocrx_word' id='word_1_228' title='bbox 2129 2041 2531 2098; x_wconf 87' lang='lat' dir='ltr'><strong>sacramento</strong></span> <span class='ocrx_word' id='word_1_229' title='bbox 2588 2052 2768 2099; x_wconf 86' lang='lat' dir='ltr'><strong>novae</strong></span> <span class='ocrx_word' id='word_1_230' title='bbox 2828 2035 2985 2116; x_wconf 80' lang='lat' dir='ltr'><strong>legis</strong></span> <span class='ocrx_word' id='word_1_231' title='bbox 3045 2042 3195 2097; x_wconf 88' lang='lat' dir='ltr'><strong>sunt</strong></span> <span class='ocrx_word' id='word_1_232' title='bbox 3254 2033 3520 2097; x_wconf 88' lang='lat' dir='ltr'><strong>materia</strong></span> 
     </span>
     <span class='ocr_line' id='line_1_40' title="bbox 2015 2131 3521 2214; baseline 0 -20"><span class='ocrx_word' id='word_1_233' title='bbox 2015 2139 2080 2194; x_wconf 88' lang='lat' dir='ltr'><strong>et</strong></span> <span class='ocrx_word' id='word_1_234' title='bbox 2109 2131 2337 2207; x_wconf 89' lang='lat' dir='ltr'><strong>forma,</strong></span> <span class='ocrx_word' id='word_1_235' title='bbox 2371 2151 2485 2196; x_wconf 90' lang='lat' dir='ltr'><strong>seu</strong></span> <span class='ocrx_word' id='word_1_236' title='bbox 2513 2132 2761 2214; x_wconf 89' lang='lat' dir='ltr'><strong>aliquid</strong></span> <span class='ocrx_word' id='word_1_237' title='bbox 2796 2132 3123 2195; x_wconf 88' lang='lat' dir='ltr'><strong>materiale</strong></span> <span class='ocrx_word' id='word_1_238' title='bbox 3168 2139 3232 2196; x_wconf 94' lang='lat' dir='ltr'><strong>et</strong></span> <span class='ocrx_word' id='word_1_239' title='bbox 3272 2131 3521 2213; x_wconf 89' lang='lat' dir='ltr'><strong>aliquid</strong></span> 
     </span>
     <span class='ocr_line' id='line_1_41' title="bbox 2017 2230 3523 2314; baseline -0.001 -21"><span class='ocrx_word' id='word_1_240' title='bbox 2017 2230 2303 2294; x_wconf 90' lang='lat' dir='ltr'><strong>formale.</strong></span> <span class='ocrx_word' id='word_1_241' title='bbox 2340 2231 2649 2314; x_wconf 89' lang='lat' dir='ltr'><strong>Denique,</strong></span> <span class='ocrx_word' id='word_1_242' title='bbox 2684 2237 3047 2313; x_wconf 79' lang='lat' dir='ltr'><strong>praetactam</strong></span> <span class='ocrx_word' id='word_1_243' title='bbox 3082 2230 3355 2293; x_wconf 86' lang='lat' dir='ltr'><strong>formam</strong></span> <span class='ocrx_word' id='word_1_244' title='bbox 3386 2249 3523 2293; x_wconf 86' lang='lat' dir='ltr'><strong>ver·</strong></span> 
     </span>
     <span class='ocr_line' id='line_1_42' title="bbox 2017 2328 3523 2411; baseline 0.001 -20"><span class='ocrx_word' id='word_1_245' title='bbox 2017 2328 2246 2392; x_wconf 89' lang='lat' dir='ltr'><strong>borum</strong></span> <span class='ocrx_word' id='word_1_246' title='bbox 2279 2346 2408 2391; x_wconf 92' lang='lat' dir='ltr'><strong>non</strong></span> <span class='ocrx_word' id='word_1_247' title='bbox 2440 2329 2591 2393; x_wconf 89' lang='lat' dir='ltr'><strong>licet</strong></span> <span class='ocrx_word' id='word_1_248' title='bbox 2622 2335 2869 2392; x_wconf 88' lang='lat' dir='ltr'><strong>mutare</strong></span> <span class='ocrx_word' id='word_1_249' title='bbox 2918 2329 3058 2392; x_wconf 90' lang='lat' dir='ltr'><strong>sine</strong></span> <span class='ocrx_word' id='word_1_250' title='bbox 3103 2328 3523 2411; x_wconf 88' lang='lat' dir='ltr'><strong>dispensatio·</strong></span> 
     </span>
     <span class='ocr_line' id='line_1_43' title="bbox 2018 2425 3525 2508; baseline 0.001 -20"><span class='ocrx_word' id='word_1_251' title='bbox 2018 2445 2098 2490; x_wconf 91' lang='lat' dir='ltr'><strong>ne</strong></span> <span class='ocrx_word' id='word_1_252' title='bbox 2137 2425 2377 2501; x_wconf 88' lang='lat' dir='ltr'><strong>divina,</strong></span> <span class='ocrx_word' id='word_1_253' title='bbox 2419 2446 2532 2490; x_wconf 91' lang='lat' dir='ltr'><strong>seu</strong></span> <span class='ocrx_word' id='word_1_254' title='bbox 2575 2426 2877 2490; x_wconf 77' lang='lat' dir='ltr'><strong>familiari</strong></span> <span class='ocrx_word' id='word_1_255' title='bbox 2928 2427 3199 2490; x_wconf 86' lang='lat' dir='ltr'><strong>consilio</strong></span> <span class='ocrx_word' id='word_1_256' title='bbox 3248 2426 3525 2508; x_wconf 85' lang='lat' dir='ltr'><strong>Spiritus</strong></span> 
     </span>
     <span class='ocr_line' id='line_1_44' title="bbox 2019 2524 3523 2608; baseline -0.001 -20"><span class='ocrx_word' id='word_1_257' title='bbox 2019 2525 2231 2588; x_wconf 90' lang='lat' dir='ltr'><strong>Sancti</strong></span> <span class='ocrx_word' id='word_1_258' title='bbox 2253 2542 2267 2588; x_wconf 76' lang='grc' dir='ltr'><strong><em>ε</em></strong></span> <span class='ocrx_word' id='word_1_259' title='bbox 2288 2525 2457 2588; x_wconf 89' lang='lat' dir='ltr'><strong>sicut</strong></span> <span class='ocrx_word' id='word_1_260' title='bbox 2487 2525 2553 2588; x_wconf 89' lang='lat' dir='ltr'><strong>in</strong></span> <span class='ocrx_word' id='word_1_261' title='bbox 2584 2525 2912 2608; x_wconf 88' lang='lat' dir='ltr'><strong>primitiva</strong></span> <span class='ocrx_word' id='word_1_262' title='bbox 2935 2524 3219 2588; x_wconf 87' lang='lat' dir='ltr'><strong>Ecclesia</strong></span> <span class='ocrx_word' id='word_1_263' title='bbox 3240 2524 3523 2607; x_wconf 86' lang='lat' dir='ltr'><strong>Apostoli</strong></span> 
     </span>
     <span class='ocr_line' id='line_1_45' title="bbox 2019 2621 3525 2706; baseline 0.001 -21"><span class='ocrx_word' id='word_1_264' title='bbox 2019 2630 2081 2685; x_wconf 89' lang='lat' dir='ltr'><strong>et</strong></span> <span class='ocrx_word' id='word_1_265' title='bbox 2119 2622 2229 2686; x_wconf 94' lang='lat' dir='ltr'><strong>alii</strong></span> <span class='ocrx_word' id='word_1_266' title='bbox 2275 2623 2537 2705; x_wconf 87' lang='lat' dir='ltr'><strong>quidam</strong></span> <span class='ocrx_word' id='word_1_267' title='bbox 2584 2624 2663 2686; x_wconf 93' lang='lat' dir='ltr'><strong>ad</strong></span> <span class='ocrx_word' id='word_1_268' title='bbox 2714 2631 2970 2705; x_wconf 88' lang='lat' dir='ltr'><strong>tempus</strong></span> <span class='ocrx_word' id='word_1_269' title='bbox 3012 2621 3419 2706; x_wconf 85' lang='lat' dir='ltr'><strong>baptizabant</strong></span> <span class='ocrx_word' id='word_1_270' title='bbox 3457 2621 3525 2686; x_wconf 87' lang='lat' dir='ltr'><strong>in</strong></span> 
     </span>
     <span class='ocr_line' id='line_1_46' title="bbox 2019 2719 3525 2802; baseline 0 -19"><span class='ocrx_word' id='word_1_271' title='bbox 2019 2721 2281 2784; x_wconf 89' lang='lat' dir='ltr'><strong>nomine</strong></span> <span class='ocrx_word' id='word_1_272' title='bbox 2311 2720 2567 2796; x_wconf 89' lang='lat' dir='ltr'><strong>Christi,</strong></span> <span class='ocrx_word' id='word_1_273' title='bbox 2588 2728 2660 2784; x_wconf 93' lang='lat' dir='ltr'><strong>ut</strong></span> <span class='ocrx_word' id='word_1_274' title='bbox 2687 2739 2923 2785; x_wconf 88' lang='lat' dir='ltr'><strong>nomen</strong></span> <span class='ocrx_word' id='word_1_275' title='bbox 2956 2721 3097 2802; x_wconf 77' lang='lat' dir='ltr'><strong>ejus</strong></span> <span class='ocrx_word' id='word_1_276' title='bbox 3129 2721 3295 2783; x_wconf 88' lang='lat' dir='ltr'><strong>inter</strong></span> <span class='ocrx_word' id='word_1_277' title='bbox 3324 2719 3525 2785; x_wconf 88' lang='lat' dir='ltr'><strong>homi·</strong></span> 
     </span>
    </p>
   </div>
   <div class='ocr_carea' id='block_1_9' title="bbox 1999 2809 3524 2900">
    <p class='ocr_par' dir='ltr' id='par_1_10' title="bbox 1999 2809 3524 2900">
     <span class='ocr_line' id='line_1_47' title="bbox 1999 2809 3524 2900; baseline 0 -18"><span class='ocrx_word' id='word_1_278' title='bbox 1999 2809 2132 2882; x_wconf 60' lang='lat' dir='ltr'><strong>⁸nes</strong></span> <span class='ocrx_word' id='word_1_279' title='bbox 2180 2818 2552 2882; x_wconf 78' lang='lat' dir='ltr'><strong>efficeretur</strong></span> <span class='ocrx_word' id='word_1_280' title='bbox 2608 2817 2945 2882; x_wconf 88' lang='lat' dir='ltr'><strong>celebrius.</strong></span> <span class='ocrx_word' id='word_1_281' title='bbox 3009 2817 3209 2882; x_wconf 79' lang='lat' dir='ltr'><strong>Graeci</strong></span> <span class='ocrx_word' id='word_1_282' title='bbox 3266 2835 3524 2900; x_wconf 89' lang='lat' dir='ltr'><strong>quoque</strong></span> 
     </span>
    </p>
   </div>
   <div class='ocr_carea' id='block_1_10' title="bbox 2017 2915 3523 3000">
    <p class='ocr_par' dir='ltr' id='par_1_11' title="bbox 2017 2915 3523 3000">
     <span class='ocr_line' id='line_1_48' title="bbox 2017 2915 3523 3000; baseline 0 -20"><span class='ocrx_word' id='word_1_283' title='bbox 2017 2916 2344 3000; x_wconf 88' lang='lat' dir='ltr'><strong>baptizant</strong></span> <span class='ocrx_word' id='word_1_284' title='bbox 2382 2917 2504 2980; x_wconf 89' lang='lat' dir='ltr'><strong>sub</strong></span> <span class='ocrx_word' id='word_1_285' title='bbox 2548 2917 2667 2980; x_wconf 87' lang='lat' dir='ltr'><strong>hac</strong></span> <span class='ocrx_word' id='word_1_286' title='bbox 2712 2915 2917 2980; x_wconf 88' lang='lat' dir='ltr'><strong>forma</strong></span> <span class='ocrx_word' id='word_1_287' title='bbox 2951 2934 2965 2978; x_wconf 92' lang='lat'>:</span> <span class='ocrx_word' id='word_1_288' title='bbox 3001 2916 3367 2999; x_wconf 84' lang='lat' dir='ltr'><strong>Baptizetur</strong></span> <span class='ocrx_word' id='word_1_289' title='bbox 3392 2935 3523 2980; x_wconf 90' lang='lat' dir='ltr'><strong>ser·</strong></span> 
     </span>
    </p>
   </div>
   <div class='ocr_carea' id='block_1_11' title="bbox 401 3014 3525 3108">
    <p class='ocr_par' dir='ltr' id='par_1_12' title="bbox 401 3014 3525 3108">
     <span class='ocr_line' id='line_1_49' title="bbox 401 3014 3525 3108; baseline -0.003 -21"><span class='ocrx_word' id='word_1_290' title='bbox 401 3025 484 3086; x_wconf 82' lang='lat' dir='ltr'><strong>ad</strong></span> <span class='ocrx_word' id='word_1_291' title='bbox 531 3024 1049 3108; x_wconf 84' lang='lat' dir='ltr'><strong>participandum</strong></span> <span class='ocrx_word' id='word_1_292' title='bbox 1089 3029 1482 3086; x_wconf 87' lang='lat' dir='ltr'><strong>sacramenta</strong></span> <span class='ocrx_word' id='word_1_293' title='bbox 1520 3020 1801 3103; x_wconf 62' lang='lat' dir='ltr'><strong>praefata,</strong></span> <span class='ocrx_word' id='word_1_294' title='bbox 1835 3027 1906 3081; x_wconf 89' lang='lat' dir='ltr'><strong>ut</strong></span> <span class='ocrx_word' id='word_1_295' title='bbox 1937 3023 1981 3087; x_wconf 85' lang='lat' dir='ltr'>c</span> <span class='ocrx_word' id='word_1_296' title='bbox 2019 3034 2137 3078; x_wconf 87' lang='lat' dir='ltr'><strong>vus</strong></span> <span class='ocrx_word' id='word_1_297' title='bbox 2188 3014 2421 3080; x_wconf 89' lang='lat' dir='ltr'><strong>Christi</strong></span> <span class='ocrx_word' id='word_1_298' title='bbox 2470 3017 2537 3078; x_wconf 89' lang='lat' dir='ltr'><strong>in</strong></span> <span class='ocrx_word' id='word_1_299' title='bbox 2589 3015 2849 3080; x_wconf 89' lang='lat' dir='ltr'><strong>nomine</strong></span> <span class='ocrx_word' id='word_1_300' title='bbox 2897 3016 3095 3078; x_wconf 87' lang='lat' dir='ltr'><strong>Patris</strong></span> <span class='ocrx_word' id='word_1_301' title='bbox 3146 3022 3211 3079; x_wconf 92' lang='lat' dir='ltr'><strong>et</strong></span> <span class='ocrx_word' id='word_1_302' title='bbox 3258 3014 3401 3078; x_wconf 85' lang='lat' dir='ltr'><strong>Filii</strong></span> <span class='ocrx_word' id='word_1_303' title='bbox 3459 3023 3525 3078; x_wconf 94' lang='lat' dir='ltr'><strong>et</strong></span> 
     </span>
    </p>
   </div>
   <div class='ocr_carea' id='block_1_12' title="bbox 399 3118 1832 3204">
    <p class='ocr_par' dir='ltr' id='par_1_13' title="bbox 399 3118 1832 3204">
     <span class='ocr_line' id='line_1_50' title="bbox 399 3118 1832 3204; baseline -0.003 -20"><span class='ocrx_word' id='word_1_304' title='bbox 399 3123 906 3198; x_wconf 71' lang='lat' dir='ltr'><strong>Matrimonium,</strong></span> <span class='ocrx_word' id='word_1_305' title='bbox 939 3139 1070 3204; x_wconf 92' lang='lat' dir='ltr'><strong>quo</strong></span> <span class='ocrx_word' id='word_1_306' title='bbox 1097 3127 1556 3185; x_wconf 83' lang='lat' dir='ltr'><strong>conservantur</strong></span> <span class='ocrx_word' id='word_1_307' title='bbox 1584 3118 1832 3181; x_wconf 90' lang='lat' dir='ltr'><strong>fideles.</strong></span> 
     </span>
    </p>
   </div>
   <div class='ocr_carea' id='block_1_13' title="bbox 687 3337 1624 3404">
    <p class='ocr_par' dir='ltr' id='par_1_14' title="bbox 687 3337 1624 3404">
     <span class='ocr_line' id='line_1_51' title="bbox 687 3337 1624 3404; baseline 0.002 -2"><span class='ocrx_word' id='word_1_308' title='bbox 687 3337 1206 3403; x_wconf 85' lang='lat' dir='ltr'><strong>PROPOSITIO</strong></span> <span class='ocrx_word' id='word_1_309' title='bbox 1252 3337 1624 3404; x_wconf 88' lang='lat' dir='ltr'><strong>CXXXIII.</strong></span> 
     </span>
    </p>
   </div>
   <div class='ocr_carea' id='block_1_14' title="bbox 397 3503 1904 3682">
    <p class='ocr_par' dir='ltr' id='par_1_15' title="bbox 397 3503 1904 3682">
     <span class='ocr_line' id='line_1_52' title="bbox 486 3503 1904 3586; baseline -0.001 -14"><span class='ocrx_word' id='word_1_310' title='bbox 486 3503 952 3586; x_wconf 71' lang='lat' dir='ltr'><strong>Baptismus</strong></span> <span class='ocrx_word' id='word_1_311' title='bbox 979 3507 1104 3570; x_wconf 86' lang='lat' dir='ltr'><strong>est</strong></span> <span class='ocrx_word' id='word_1_312' title='bbox 1135 3505 1634 3584; x_wconf 74' lang='lat' dir='ltr'><strong>regeneratio</strong></span> <span class='ocrx_word' id='word_1_313' title='bbox 1673 3505 1904 3586; x_wconf 75' lang='lat' dir='ltr'><strong>spu-1-</strong></span> 
     </span>
     <span class='ocr_line' id='line_1_53' title="bbox 397 3601 1902 3682; baseline 0.001 -16"><span class='ocrx_word' id='word_1_314' title='bbox 397 3601 682 3681; x_wconf 68' lang='lat' dir='ltr'><strong>tuam,</strong></span> <span class='ocrx_word' id='word_1_315' title='bbox 732 3602 815 3666; x_wconf 92' lang='lat' dir='ltr'><strong>et</strong></span> <span class='ocrx_word' id='word_1_316' title='bbox 863 3601 1310 3667; x_wconf 86' lang='lat' dir='ltr'><strong>ceterorum</strong></span> <span class='ocrx_word' id='word_1_317' title='bbox 1361 3601 1606 3682; x_wconf 72' lang='lat' dir='ltr'><strong>janua</strong></span> <span class='ocrx_word' id='word_1_318' title='bbox 1651 3615 1902 3668; x_wconf 84' lang='lat' dir='ltr'><strong>saera-</strong></span> 
     </span>
    </p>
   </div>
   <div class='ocr_carea' id='block_1_15' title="bbox 397 3701 1904 3877">
    <p class='ocr_par' dir='ltr' id='par_1_16' title="bbox 397 3701 1904 3877">
     <span class='ocr_line' id='line_1_54' title="bbox 397 3701 882 3767; baseline 0.004 -2"><span class='ocrx_word' id='word_1_319' title='bbox 397 3701 882 3767; x_wconf 66' lang='lat' dir='ltr'><strong>mentorum.</strong></span> 
     </span>
     <span class='ocr_line' id='line_1_55' title="bbox 483 3794 1904 3877; baseline 0.001 -19"><span class='ocrx_word' id='word_1_320' title='bbox 483 3795 668 3870; x_wconf 84' lang='lat' dir='ltr'><strong>Quod</strong></span> <span class='ocrx_word' id='word_1_321' title='bbox 695 3802 812 3869; x_wconf 92' lang='lat' dir='ltr'><strong>est,</strong></span> <span class='ocrx_word' id='word_1_322' title='bbox 847 3794 1150 3877; x_wconf 87' lang='lat' dir='ltr'><strong>quoniam</strong></span> <span class='ocrx_word' id='word_1_323' title='bbox 1179 3794 1346 3857; x_wconf 87' lang='lat' dir='ltr'><strong>sicut</strong></span> <span class='ocrx_word' id='word_1_324' title='bbox 1377 3795 1440 3858; x_wconf 91' lang='lat' dir='ltr'><strong>in</strong></span> <span class='ocrx_word' id='word_1_325' title='bbox 1469 3797 1600 3860; x_wconf 89' lang='lat' dir='ltr'><strong>vita</strong></span> <span class='ocrx_word' id='word_1_326' title='bbox 1631 3797 1904 3860; x_wconf 87' lang='lat' dir='ltr'><strong>naturali</strong></span> 
     </span>
    </p>
   </div>
   <div class='ocr_carea' id='block_1_16' title="bbox 397 3893 1906 4174">
    <p class='ocr_par' dir='ltr' id='par_1_17' title="bbox 397 3893 1906 4174">
     <span class='ocr_line' id='line_1_56' title="bbox 397 3893 1906 3977; baseline 0.001 -20"><span class='ocrx_word' id='word_1_327' title='bbox 397 3903 470 3958; x_wconf 89' lang='lat' dir='ltr'><strong>et</strong></span> <span class='ocrx_word' id='word_1_328' title='bbox 499 3893 818 3977; x_wconf 87' lang='lat' dir='ltr'><strong>corporali</strong></span> <span class='ocrx_word' id='word_1_329' title='bbox 849 3893 1060 3976; x_wconf 89' lang='lat' dir='ltr'><strong>primo</strong></span> <span class='ocrx_word' id='word_1_330' title='bbox 1089 3901 1338 3976; x_wconf 89' lang='lat' dir='ltr'><strong>oportet</strong></span> <span class='ocrx_word' id='word_1_331' title='bbox 1367 3912 1502 3958; x_wconf 91' lang='lat' dir='ltr'><strong>rem</strong></span> <span class='ocrx_word' id='word_1_332' title='bbox 1533 3896 1612 3958; x_wconf 94' lang='lat' dir='ltr'><strong>de</strong></span> <span class='ocrx_word' id='word_1_333' title='bbox 1642 3913 1770 3958; x_wconf 90' lang='lat' dir='ltr'><strong>non</strong></span> <span class='ocrx_word' id='word_1_334' title='bbox 1809 3915 1906 3959; x_wconf 91' lang='lat' dir='ltr'><strong>es-</strong></span> 
     </span>
     <span class='ocr_line' id='line_1_57' title="bbox 401 3991 1906 4073; baseline 0.001 -18"><span class='ocrx_word' id='word_1_335' title='bbox 401 4012 476 4056; x_wconf 86' lang='lat' dir='ltr'><strong>se</strong></span> <span class='ocrx_word' id='word_1_336' title='bbox 520 3993 602 4054; x_wconf 86' lang='lat' dir='ltr'><strong>ad</strong></span> <span class='ocrx_word' id='word_1_337' title='bbox 645 4010 786 4054; x_wconf 87' lang='lat' dir='ltr'><strong>esse</strong></span> <span class='ocrx_word' id='word_1_338' title='bbox 829 3998 1072 4056; x_wconf 81' lang='lat' dir='ltr'><strong>naturae</strong></span> <span class='ocrx_word' id='word_1_339' title='bbox 1114 3991 1501 4073; x_wconf 84' lang='lat' dir='ltr'><strong>procedere3</strong></span> <span class='ocrx_word' id='word_1_340' title='bbox 1535 3993 1623 4056; x_wconf 89' lang='lat' dir='ltr'><strong>ita</strong></span> <span class='ocrx_word' id='word_1_341' title='bbox 1665 3994 1730 4056; x_wconf 93' lang='lat' dir='ltr'><strong>in</strong></span> <span class='ocrx_word' id='word_1_342' title='bbox 1775 3994 1906 4057; x_wconf 79' lang='lat' dir='ltr'><strong>vita</strong></span> 
     </span>
     <span class='ocr_line' id='line_1_58' title="bbox 401 4089 1902 4174; baseline 0.001 -20"><span class='ocrx_word' id='word_1_343' title='bbox 401 4090 732 4174; x_wconf 84' lang='lat' dir='ltr'><strong>spirituali</strong></span> <span class='ocrx_word' id='word_1_344' title='bbox 776 4089 1052 4171; x_wconf 77' lang='lat' dir='ltr'><strong>gratuita</strong></span> <span class='ocrx_word' id='word_1_345' title='bbox 1107 4108 1369 4153; x_wconf 88' lang='lat' dir='ltr'><strong>necesse</strong></span> <span class='ocrx_word' id='word_1_346' title='bbox 1425 4098 1523 4154; x_wconf 88' lang='lat' dir='ltr'><strong>est</strong></span> <span class='ocrx_word' id='word_1_347' title='bbox 1575 4091 1902 4156; x_wconf 88' lang='lat' dir='ltr'><strong>hominem</strong></span> 
     </span>
    </p>
   </div>
   <div class='ocr_carea' id='block_1_17' title="bbox 2017 3114 3525 3690">
    <p class='ocr_par' dir='ltr' id='par_1_18' title="bbox 2017 3114 3525 3690">
     <span class='ocr_line' id='line_1_59' title="bbox 2021 3114 3522 3198; baseline 0 -20"><span class='ocrx_word' id='word_1_348' title='bbox 2021 3114 2295 3197; x_wconf 87' lang='lat' dir='ltr'><strong>Spiritus</strong></span> <span class='ocrx_word' id='word_1_349' title='bbox 2353 3114 2587 3177; x_wconf 87' lang='lat' dir='ltr'><strong>Sancti.</strong></span> <span class='ocrx_word' id='word_1_350' title='bbox 2645 3115 2934 3197; x_wconf 83' lang='lat' dir='ltr'><strong>Insuper,</strong></span> <span class='ocrx_word' id='word_1_351' title='bbox 2986 3116 3064 3177; x_wconf 90' lang='lat' dir='ltr'><strong>ad</strong></span> <span class='ocrx_word' id='word_1_352' title='bbox 3122 3114 3522 3198; x_wconf 89' lang='lat' dir='ltr'><strong>Baptismum</strong></span> 
     </span>
     <span class='ocr_line' id='line_1_60' title="bbox 2018 3212 3525 3296; baseline 0.001 -22"><span class='ocrx_word' id='word_1_353' title='bbox 2018 3212 2345 3276; x_wconf 89' lang='lat' dir='ltr'><strong>concurrit</strong></span> <span class='ocrx_word' id='word_1_354' title='bbox 2373 3212 2543 3274; x_wconf 89' lang='lat' dir='ltr'><strong>trina</strong></span> <span class='ocrx_word' id='word_1_355' title='bbox 2574 3212 2639 3275; x_wconf 91' lang='lat' dir='ltr'><strong>in</strong></span> <span class='ocrx_word' id='word_1_356' title='bbox 2668 3231 2901 3294; x_wconf 90' lang='lat' dir='ltr'><strong>aquam</strong></span> <span class='ocrx_word' id='word_1_357' title='bbox 2933 3212 3283 3288; x_wconf 89' lang='lat' dir='ltr'><strong>immersio,</strong></span> <span class='ocrx_word' id='word_1_358' title='bbox 3305 3231 3525 3296; x_wconf 87' lang='lat' dir='ltr'><strong>quam-</strong></span> 
     </span>
     <span class='ocr_line' id='line_1_61' title="bbox 2019 3309 3523 3384; baseline 0.001 -11"><span class='ocrx_word' id='word_1_359' title='bbox 2019 3310 2116 3374; x_wconf 88' lang='lat' dir='ltr'><strong>vis</strong></span> <span class='ocrx_word' id='word_1_360' title='bbox 2139 3328 2257 3373; x_wconf 92' lang='lat' dir='ltr'><strong>nec</strong></span> <span class='ocrx_word' id='word_1_361' title='bbox 2290 3309 2640 3384; x_wconf 90' lang='lat' dir='ltr'><strong>immersio,</strong></span> <span class='ocrx_word' id='word_1_362' title='bbox 2664 3329 2781 3373; x_wconf 94' lang='lat' dir='ltr'><strong>nec</strong></span> <span class='ocrx_word' id='word_1_363' title='bbox 2815 3310 3244 3374; x_wconf 88' lang='lat' dir='ltr'><strong>immersionis</strong></span> <span class='ocrx_word' id='word_1_364' title='bbox 3272 3311 3523 3374; x_wconf 83' lang='lat' dir='ltr'><strong>trinitas</strong></span> 
     </span>
     <span class='ocr_line' id='line_1_62' title="bbox 2020 3409 3523 3492; baseline 0.001 -20"><span class='ocrx_word' id='word_1_365' title='bbox 2020 3409 2377 3473; x_wconf 89' lang='lat' dir='ltr'><strong>necessario</strong></span> <span class='ocrx_word' id='word_1_366' title='bbox 2408 3409 2789 3492; x_wconf 89' lang='lat' dir='ltr'><strong>requiratur,</strong></span> <span class='ocrx_word' id='word_1_367' title='bbox 2806 3409 2937 3472; x_wconf 91' lang='lat' dir='ltr'><strong>imo</strong></span> <span class='ocrx_word' id='word_1_368' title='bbox 2964 3409 3324 3491; x_wconf 81' lang='lat' dir='ltr'><strong>superfusio</strong></span> <span class='ocrx_word' id='word_1_369' title='bbox 3349 3428 3523 3492; x_wconf 65' lang='lat' dir='ltr'><strong>aquai</strong></span> 
     </span>
     <span class='ocr_line' id='line_1_63' title="bbox 2017 3508 3525 3573; baseline 0 -1"><span class='ocrx_word' id='word_1_370' title='bbox 2017 3509 2305 3572; x_wconf 87' lang='lat' dir='ltr'><strong>sufficiat</strong></span> <span class='ocrx_word' id='word_1_371' title='bbox 2351 3527 2365 3572; x_wconf 89' lang='lat'>:</span> <span class='ocrx_word' id='word_1_372' title='bbox 2407 3516 2685 3572; x_wconf 86' lang='lat' dir='ltr'><strong>attamen</strong></span> <span class='ocrx_word' id='word_1_373' title='bbox 2736 3510 2874 3572; x_wconf 90' lang='lat' dir='ltr'><strong>sine</strong></span> <span class='ocrx_word' id='word_1_374' title='bbox 2922 3508 3284 3573; x_wconf 89' lang='lat' dir='ltr'><strong>rationabili</strong></span> <span class='ocrx_word' id='word_1_375' title='bbox 3332 3527 3525 3572; x_wconf 86' lang='lat' dir='ltr'><strong>causa</strong></span> 
     </span>
     <span class='ocr_line' id='line_1_64' title="bbox 2020 3607 3525 3690; baseline -0.001 -20"><span class='ocrx_word' id='word_1_376' title='bbox 2020 3625 2146 3670; x_wconf 90' lang='lat' dir='ltr'><strong>non</strong></span> <span class='ocrx_word' id='word_1_377' title='bbox 2186 3607 2377 3671; x_wconf 88' lang='lat' dir='ltr'><strong>debet</strong></span> <span class='ocrx_word' id='word_1_378' title='bbox 2422 3608 2697 3690; x_wconf 88' lang='lat' dir='ltr'><strong>quisque</strong></span> <span class='ocrx_word' id='word_1_379' title='bbox 2746 3607 3073 3689; x_wconf 87' lang='lat' dir='ltr'><strong>baptizans</strong></span> <span class='ocrx_word' id='word_1_380' title='bbox 3122 3607 3525 3670; x_wconf 91' lang='lat' dir='ltr'><strong>consuetudi-</strong></span> 
     </span>
    </p>
   </div>
   <div class='ocr_carea' id='block_1_18' title="bbox 1971 3704 3518 3788">
    <p class='ocr_par' dir='ltr' id='par_1_19' title="bbox 1971 3704 3518 3788">
     <span class='ocr_line' id='line_1_65' title="bbox 1971 3704 3518 3788; baseline -0.001 -19"><span class='ocrx_word' id='word_1_381' title='bbox 1971 3724 2169 3786; x_wconf 53' lang='lat' dir='ltr'><strong>‚nem</strong></span> <span class='ocrx_word' id='word_1_382' title='bbox 2218 3713 2283 3769; x_wconf 89' lang='lat' dir='ltr'><strong>et</strong></span> <span class='ocrx_word' id='word_1_383' title='bbox 2330 3706 2526 3769; x_wconf 88' lang='lat' dir='ltr'><strong>ritum</strong></span> <span class='ocrx_word' id='word_1_384' title='bbox 2587 3704 2888 3768; x_wconf 87' lang='lat' dir='ltr'><strong>Ecclesiae</strong></span> <span class='ocrx_word' id='word_1_385' title='bbox 2946 3723 3077 3768; x_wconf 82' lang='lat' dir='ltr'><strong>suae</strong></span> <span class='ocrx_word' id='word_1_386' title='bbox 3135 3704 3518 3788; x_wconf 86' lang='lat' dir='ltr'><strong>relinquere.</strong></span> 
     </span>
    </p>
   </div>
   <div class='ocr_carea' id='block_1_19' title="bbox 2018 3801 3523 4180">
    <p class='ocr_par' dir='ltr' id='par_1_20' title="bbox 2018 3801 3523 4180">
     <span class='ocr_line' id='line_1_66' title="bbox 2021 3801 3519 3885; baseline -0.002 -18"><span class='ocrx_word' id='word_1_387' title='bbox 2021 3803 2311 3885; x_wconf 81' lang='lat' dir='ltr'><strong>Exigitur</strong></span> <span class='ocrx_word' id='word_1_388' title='bbox 2361 3804 2515 3866; x_wconf 90' lang='lat' dir='ltr'><strong>item</strong></span> <span class='ocrx_word' id='word_1_389' title='bbox 2576 3809 2750 3866; x_wconf 88' lang='lat' dir='ltr'><strong>recta</strong></span> <span class='ocrx_word' id='word_1_390' title='bbox 2798 3801 3069 3864; x_wconf 89' lang='lat' dir='ltr'><strong>intentio</strong></span> <span class='ocrx_word' id='word_1_391' title='bbox 3118 3801 3519 3884; x_wconf 87' lang='lat' dir='ltr'><strong>baptizantis,</strong></span> 
     </span>
     <span class='ocr_line' id='line_1_67' title="bbox 2018 3898 3523 3984; baseline -0.001 -19"><span class='ocrx_word' id='word_1_392' title='bbox 2018 3901 2138 3965; x_wconf 89' lang='lat' dir='ltr'><strong>hoc</strong></span> <span class='ocrx_word' id='word_1_393' title='bbox 2180 3907 2277 3964; x_wconf 92' lang='lat' dir='ltr'><strong>est</strong></span> <span class='ocrx_word' id='word_1_394' title='bbox 2321 3901 2590 3964; x_wconf 88' lang='lat' dir='ltr'><strong>intentio</strong></span> <span class='ocrx_word' id='word_1_395' title='bbox 2626 3899 2923 3984; x_wconf 89' lang='lat' dir='ltr'><strong>specialis</strong></span> <span class='ocrx_word' id='word_1_396' title='bbox 2955 3918 3029 3962; x_wconf 91' lang='lat' dir='ltr'><strong>ac</strong></span> <span class='ocrx_word' id='word_1_397' title='bbox 3067 3898 3345 3981; x_wconf 83' lang='lat' dir='ltr'><strong>propria,</strong></span> <span class='ocrx_word' id='word_1_398' title='bbox 3380 3919 3523 3982; x_wconf 81' lang='lat' dir='ltr'><strong>quae</strong></span> 
     </span>
     <span class='ocr_line' id='line_1_68' title="bbox 2019 3997 3521 4081; baseline -0.001 -18"><span class='ocrx_word' id='word_1_399' title='bbox 2019 4007 2116 4063; x_wconf 90' lang='lat' dir='ltr'><strong>est</strong></span> <span class='ocrx_word' id='word_1_400' title='bbox 2156 3999 2611 4081; x_wconf 85' lang='lat' dir='ltr'><strong>baptizandum</strong></span> <span class='ocrx_word' id='word_1_401' title='bbox 2649 3999 2726 4061; x_wconf 93' lang='lat' dir='ltr'><strong>ad</strong></span> <span class='ocrx_word' id='word_1_402' title='bbox 2764 4016 2948 4060; x_wconf 90' lang='lat' dir='ltr'><strong>suam</strong></span> <span class='ocrx_word' id='word_1_403' title='bbox 2992 3997 3313 4081; x_wconf 88' lang='lat' dir='ltr'><strong>baptizare</strong></span> <span class='ocrx_word' id='word_1_404' title='bbox 3356 3998 3521 4061; x_wconf 90' lang='lat' dir='ltr'><strong>salu·</strong></span> 
     </span>
     <span class='ocr_line' id='line_1_69' title="bbox 2021 4095 3523 4180; baseline 0 -19"><span class='ocrx_word' id='word_1_405' title='bbox 2021 4106 2195 4177; x_wconf 82' lang='lat' dir='ltr'><strong>tem3</strong></span> <span class='ocrx_word' id='word_1_406' title='bbox 2238 4097 2339 4161; x_wconf 85' lang='lat' dir='ltr'><strong>vel</strong></span> <span class='ocrx_word' id='word_1_407' title='bbox 2390 4097 2615 4160; x_wconf 88' lang='lat' dir='ltr'><strong>saltem</strong></span> <span class='ocrx_word' id='word_1_408' title='bbox 2663 4095 2935 4160; x_wconf 90' lang='lat' dir='ltr'><strong>intentio</strong></span> <span class='ocrx_word' id='word_1_409' title='bbox 2980 4095 3318 4177; x_wconf 78' lang='lat' dir='ltr'><strong>generalis,</strong></span> <span class='ocrx_word' id='word_1_410' title='bbox 3368 4104 3523 4180; x_wconf 87' lang='lat' dir='ltr'><strong>puta</strong></span> 
     </span>
    </p>
   </div>
   <div class='ocr_carea' id='block_1_20' title="bbox 399 4187 3523 4277">
    <p class='ocr_par' dir='ltr' id='par_1_21' title="bbox 399 4187 3523 4277">
     <span class='ocr_line' id='line_1_70' title="bbox 399 4187 3523 4277; baseline 0.002 -24"><span class='ocrx_word' id='word_1_411' title='bbox 399 4189 698 4253; x_wconf 88' lang='lat' dir='ltr'><strong>nondum</strong></span> <span class='ocrx_word' id='word_1_412' title='bbox 737 4187 1156 4272; x_wconf 87' lang='lat' dir='ltr'><strong>spiritualiter</strong></span> <span class='ocrx_word' id='word_1_413' title='bbox 1196 4189 1634 4264; x_wconf 89' lang='lat' dir='ltr'><strong>exsistentem,</strong></span> <span class='ocrx_word' id='word_1_414' title='bbox 1666 4208 1806 4253; x_wconf 90' lang='lat' dir='ltr'><strong>esse</strong></span> <span class='ocrx_word' id='word_1_415' title='bbox 1833 4209 1906 4254; x_wconf 86' lang='lat' dir='ltr'><strong>ac</strong></span> <span class='ocrx_word' id='word_1_416' title='bbox 1939 4196 1988 4259; x_wconf 90' lang='lat' dir='ltr'>D</span> <span class='ocrx_word' id='word_1_417' title='bbox 2025 4195 2236 4260; x_wconf 89' lang='lat' dir='ltr'><strong>facere</strong></span> <span class='ocrx_word' id='word_1_418' title='bbox 2266 4195 2437 4277; x_wconf 90' lang='lat' dir='ltr'><strong>quod</strong></span> <span class='ocrx_word' id='word_1_419' title='bbox 2470 4194 2622 4257; x_wconf 90' lang='lat' dir='ltr'><strong>facit</strong></span> <span class='ocrx_word' id='word_1_420' title='bbox 2652 4193 2955 4257; x_wconf 87' lang='lat' dir='ltr'><strong>Ecclesia.</strong></span> <span class='ocrx_word' id='word_1_421' title='bbox 2986 4194 3177 4257; x_wconf 92' lang='lat' dir='ltr'><strong>Porro</strong></span> <span class='ocrx_word' id='word_1_422' title='bbox 3206 4193 3273 4256; x_wconf 91' lang='lat' dir='ltr'><strong>in</strong></span> <span class='ocrx_word' id='word_1_423' title='bbox 3303 4213 3523 4259; x_wconf 84' lang='lat' dir='ltr'><strong>neces-</strong></span> 
     </span>
    </p>
   </div>
   <div class='ocr_carea' id='block_1_21' title="bbox 387 4285 1914 5368">
    <p class='ocr_par' dir='ltr' id='par_1_22' title="bbox 387 4285 1914 5368">
     <span class='ocr_line' id='line_1_71' title="bbox 396 4285 1911 4370; baseline 0.001 -20"><span class='ocrx_word' id='word_1_424' title='bbox 396 4287 628 4351; x_wconf 77' lang='lat' dir='ltr'><strong>vivere</strong></span> <span class='ocrx_word' id='word_1_425' title='bbox 653 4285 984 4369; x_wconf 90' lang='lat' dir='ltr'><strong>spirituale</strong></span> <span class='ocrx_word' id='word_1_426' title='bbox 1010 4286 1342 4369; x_wconf 88' lang='lat' dir='ltr'><strong>acquirere</strong></span> <span class='ocrx_word' id='word_1_427' title='bbox 1361 4303 1376 4348; x_wconf 73' lang='grc' dir='ltr'><strong>ε</strong></span> <span class='ocrx_word' id='word_1_428' title='bbox 1395 4288 1566 4370; x_wconf 89' lang='lat' dir='ltr'><strong>quod</strong></span> <span class='ocrx_word' id='word_1_429' title='bbox 1589 4287 1665 4350; x_wconf 90' lang='lat' dir='ltr'><strong>fit</strong></span> <span class='ocrx_word' id='word_1_430' title='bbox 1692 4287 1911 4370; x_wconf 89' lang='lat' dir='ltr'><strong>primi-</strong></span> 
     </span>
     <span class='ocr_line' id='line_1_72' title="bbox 397 4383 1910 4468; baseline 0 -19"><span class='ocrx_word' id='word_1_431' title='bbox 397 4395 512 4449; x_wconf 78' lang='lat' dir='ltr'><strong>tus</strong></span> <span class='ocrx_word' id='word_1_432' title='bbox 547 4385 612 4448; x_wconf 90' lang='lat' dir='ltr'><strong>in</strong></span> <span class='ocrx_word' id='word_1_433' title='bbox 643 4383 988 4468; x_wconf 85' lang='lat' dir='ltr'><strong>Baptismo,</strong></span> <span class='ocrx_word' id='word_1_434' title='bbox 1019 4383 1120 4446; x_wconf 84' lang='lat' dir='ltr'><strong>vel</strong></span> <span class='ocrx_word' id='word_1_435' title='bbox 1159 4383 1414 4446; x_wconf 87' lang='lat' dir='ltr'><strong>realiter</strong></span> <span class='ocrx_word' id='word_1_436' title='bbox 1451 4393 1516 4447; x_wconf 88' lang='lat' dir='ltr'><strong>et</strong></span> <span class='ocrx_word' id='word_1_437' title='bbox 1543 4386 1910 4449; x_wconf 87' lang='lat' dir='ltr'><strong>exsecutive</strong></span> 
     </span>
     <span class='ocr_line' id='line_1_73' title="bbox 395 4483 1910 4569; baseline -0.002 -18"><span class='ocrx_word' id='word_1_438' title='bbox 395 4493 732 4569; x_wconf 86' lang='lat' dir='ltr'><strong>suscepto,</strong></span> <span class='ocrx_word' id='word_1_439' title='bbox 765 4490 875 4548; x_wconf 87' lang='lat' dir='ltr'><strong>aut</strong></span> <span class='ocrx_word' id='word_1_440' title='bbox 911 4491 1124 4546; x_wconf 89' lang='lat' dir='ltr'><strong>mente</strong></span> <span class='ocrx_word' id='word_1_441' title='bbox 1165 4483 1408 4546; x_wconf 88' lang='lat' dir='ltr'><strong>intento</strong></span> <span class='ocrx_word' id='word_1_442' title='bbox 1449 4503 1520 4546; x_wconf 99' lang='lat' dir='ltr'><strong>ac</strong></span> <span class='ocrx_word' id='word_1_443' title='bbox 1565 4485 1910 4548; x_wconf 86' lang='lat' dir='ltr'><strong>voluntatis</strong></span> 
     </span>
     <span class='ocr_line' id='line_1_74' title="bbox 401 4581 1910 4666; baseline -0.003 -15"><span class='ocrx_word' id='word_1_444' title='bbox 401 4587 657 4650; x_wconf 83' lang='lat' dir='ltr'><strong>affeetu</strong></span> <span class='ocrx_word' id='word_1_445' title='bbox 685 4591 876 4666; x_wconf 89' lang='lat' dir='ltr'><strong>atque</strong></span> <span class='ocrx_word' id='word_1_446' title='bbox 907 4582 1235 4666; x_wconf 89' lang='lat' dir='ltr'><strong>proposito</strong></span> <span class='ocrx_word' id='word_1_447' title='bbox 1259 4581 1392 4662; x_wconf 84' lang='lat' dir='ltr'><strong>jam</strong></span> <span class='ocrx_word' id='word_1_448' title='bbox 1425 4592 1774 4666; x_wconf 86' lang='lat' dir='ltr'><strong>assumpto.</strong></span> <span class='ocrx_word' id='word_1_449' title='bbox 1811 4583 1910 4647; x_wconf 89' lang='lat' dir='ltr'><strong>Et-</strong></span> 
     </span>
     <span class='ocr_line' id='line_1_75' title="bbox 397 4682 1912 4766; baseline -0.004 -16"><span class='ocrx_word' id='word_1_450' title='bbox 397 4685 588 4750; x_wconf 84' lang='lat' dir='ltr'><strong>enim</strong></span> <span class='ocrx_word' id='word_1_451' title='bbox 631 4685 696 4748; x_wconf 91' lang='lat' dir='ltr'><strong>in</strong></span> <span class='ocrx_word' id='word_1_452' title='bbox 736 4682 994 4756; x_wconf 71' lang='lat' dir='ltr'><strong>adultis„</strong></span> <span class='ocrx_word' id='word_1_453' title='bbox 1037 4699 1187 4745; x_wconf 89' lang='lat' dir='ltr'><strong>mox</strong></span> <span class='ocrx_word' id='word_1_454' title='bbox 1236 4689 1308 4744; x_wconf 93' lang='lat' dir='ltr'><strong>ut</strong></span> <span class='ocrx_word' id='word_1_455' title='bbox 1352 4683 1663 4745; x_wconf 85' lang='lat' dir='ltr'><strong>veraciter</strong></span> <span class='ocrx_word' id='word_1_456' title='bbox 1711 4683 1912 4766; x_wconf 87' lang='lat' dir='ltr'><strong>poeni-</strong></span> 
     </span>
     <span class='ocr_line' id='line_1_76' title="bbox 399 4781 1911 4866; baseline -0.003 -18"><span class='ocrx_word' id='word_1_457' title='bbox 399 4793 570 4858; x_wconf 83' lang='lat' dir='ltr'><strong>tent,</strong></span> <span class='ocrx_word' id='word_1_458' title='bbox 621 4789 956 4866; x_wconf 86' lang='lat' dir='ltr'><strong>peccatum</strong></span> <span class='ocrx_word' id='word_1_459' title='bbox 1013 4799 1204 4845; x_wconf 91' lang='lat' dir='ltr'><strong>omne</strong></span> <span class='ocrx_word' id='word_1_460' title='bbox 1250 4781 1590 4863; x_wconf 87' lang='lat' dir='ltr'><strong>(quantum</strong></span> <span class='ocrx_word' id='word_1_461' title='bbox 1643 4782 1722 4844; x_wconf 90' lang='lat' dir='ltr'><strong>ad</strong></span> <span class='ocrx_word' id='word_1_462' title='bbox 1781 4782 1911 4844; x_wconf 90' lang='lat' dir='ltr'><strong>cul-</strong></span> 
     </span>
     <span class='ocr_line' id='line_1_77' title="bbox 395 4880 1909 4970; baseline -0.004 -21"><span class='ocrx_word' id='word_1_463' title='bbox 395 4885 592 4970; x_wconf 82' lang='lat' dir='ltr'><strong>pam)</strong></span> <span class='ocrx_word' id='word_1_464' title='bbox 627 4881 994 4954; x_wconf 87' lang='lat' dir='ltr'><strong>dimittitur,</strong></span> <span class='ocrx_word' id='word_1_465' title='bbox 1034 4898 1162 4944; x_wconf 92' lang='lat' dir='ltr'><strong>non</strong></span> <span class='ocrx_word' id='word_1_466' title='bbox 1209 4881 1350 4943; x_wconf 88' lang='lat' dir='ltr'><strong>sine</strong></span> <span class='ocrx_word' id='word_1_467' title='bbox 1395 4880 1612 4962; x_wconf 71' lang='lat' dir='ltr'><strong>gratim</strong></span> <span class='ocrx_word' id='word_1_468' title='bbox 1655 4887 1909 4962; x_wconf 79' lang='lat' dir='ltr'><strong>gratum</strong></span> 
     </span>
     <span class='ocr_line' id='line_1_78' title="bbox 393 4980 1914 5064; baseline -0.004 -15"><span class='ocrx_word' id='word_1_469' title='bbox 393 4984 706 5048; x_wconf 81' lang='lat' dir='ltr'><strong>facientis</strong></span> <span class='ocrx_word' id='word_1_470' title='bbox 755 4981 1100 5055; x_wconf 89' lang='lat' dir='ltr'><strong>infusione,</strong></span> <span class='ocrx_word' id='word_1_471' title='bbox 1141 4980 1488 5044; x_wconf 89' lang='lat' dir='ltr'><strong>dummodo</strong></span> <span class='ocrx_word' id='word_1_472' title='bbox 1530 4980 1668 5064; x_wconf 87' lang='lat' dir='ltr'><strong>ipsa</strong></span> <span class='ocrx_word' id='word_1_473' title='bbox 1713 4999 1914 5044; x_wconf 87' lang='lat' dir='ltr'><strong>sacra·</strong></span> 
     </span>
     <span class='ocr_line' id='line_1_79' title="bbox 398 5081 1910 5164; baseline -0.005 -14"><span class='ocrx_word' id='word_1_474' title='bbox 398 5092 632 5150; x_wconf 87' lang='lat' dir='ltr'><strong>menta</strong></span> <span class='ocrx_word' id='word_1_475' title='bbox 669 5082 968 5146; x_wconf 83' lang='lat' dir='ltr'><strong>Ecclesiae</strong></span> <span class='ocrx_word' id='word_1_476' title='bbox 1007 5081 1298 5164; x_wconf 86' lang='lat' dir='ltr'><strong>accipere</strong></span> <span class='ocrx_word' id='word_1_477' title='bbox 1346 5089 1634 5163; x_wconf 87' lang='lat' dir='ltr'><strong>tempore</strong></span> <span class='ocrx_word' id='word_1_478' title='bbox 1681 5099 1910 5164; x_wconf 87' lang='lat' dir='ltr'><strong>oppor-</strong></span> 
     </span>
     <span class='ocr_line' id='line_1_80' title="bbox 391 5180 1912 5268; baseline -0.005 -17"><span class='ocrx_word' id='word_1_479' title='bbox 391 5197 572 5252; x_wconf 81' lang='lat' dir='ltr'><strong>tuno</strong></span> <span class='ocrx_word' id='word_1_480' title='bbox 617 5182 882 5268; x_wconf 88' lang='lat' dir='ltr'><strong>cupiant</strong></span> <span class='ocrx_word' id='word_1_481' title='bbox 925 5200 1000 5244; x_wconf 90' lang='lat' dir='ltr'><strong>ac</strong></span> <span class='ocrx_word' id='word_1_482' title='bbox 1049 5187 1422 5263; x_wconf 88' lang='lat' dir='ltr'><strong>proponant.</strong></span> <span class='ocrx_word' id='word_1_483' title='bbox 1471 5181 1633 5243; x_wconf 85' lang='lat' dir='ltr'><strong>Hinc</strong></span> <span class='ocrx_word' id='word_1_484' title='bbox 1677 5180 1912 5263; x_wconf 88' lang='lat' dir='ltr'><strong>triplex</strong></span> 
     </span>
     <span class='ocr_line' id='line_1_81' title="bbox 387 5279 1912 5368; baseline -0.004 -18"><span class='ocrx_word' id='word_1_485' title='bbox 387 5285 774 5368; x_wconf 69' lang='lat' dir='ltr'><strong>assignatur</strong></span> <span class='ocrx_word' id='word_1_486' title='bbox 799 5281 1185 5364; x_wconf 89' lang='lat' dir='ltr'><strong>Baptismus,</strong></span> <span class='ocrx_word' id='word_1_487' title='bbox 1208 5279 1528 5354; x_wconf 86' lang='lat' dir='ltr'><strong>videlicet,</strong></span> <span class='ocrx_word' id='word_1_488' title='bbox 1547 5280 1912 5364; x_wconf 85' lang='lat' dir='ltr'><strong>Baptismus</strong></span> 
     </span>
    </p>
   </div>
   <div class='ocr_carea' id='block_1_22' title="bbox 665 5416 848 5468">
    <p class='ocr_par' dir='ltr' id='par_1_23' title="bbox 665 5416 848 5468">
     <span class='ocr_line' id='line_1_82' title="bbox 665 5416 848 5468; baseline -0.022 0"><span class='ocrx_word' id='word_1_489' title='bbox 665 5417 730 5468; x_wconf 89' lang='lat' dir='ltr'><strong>T.</strong></span> <span class='ocrx_word' id='word_1_490' title='bbox 769 5416 848 5468; x_wconf 81' lang='lat'><strong>33.</strong></span> 
     </span>
    </p>
   </div>
   <div class='ocr_carea' id='block_1_23' title="bbox 2018 4291 3525 5362">
    <p class='ocr_par' dir='ltr' id='par_1_24' title="bbox 2018 4291 3525 5362">
     <span class='ocr_line' id='line_1_83' title="bbox 2020 4291 3522 4374; baseline 0.001 -17"><span class='ocrx_word' id='word_1_491' title='bbox 2020 4294 2232 4368; x_wconf 88' lang='lat' dir='ltr'><strong>sitate,</strong></span> <span class='ocrx_word' id='word_1_492' title='bbox 2266 4293 2660 4374; x_wconf 89' lang='lat' dir='ltr'><strong>quicumque</strong></span> <span class='ocrx_word' id='word_1_493' title='bbox 2698 4291 2913 4367; x_wconf 89' lang='lat' dir='ltr'><strong>homo,</strong></span> <span class='ocrx_word' id='word_1_494' title='bbox 2942 4291 3077 4355; x_wconf 83' lang='lat' dir='ltr'><strong>sive</strong></span> <span class='ocrx_word' id='word_1_495' title='bbox 3121 4292 3206 4354; x_wconf 89' lang='lat' dir='ltr'><strong>sit</strong></span> <span class='ocrx_word' id='word_1_496' title='bbox 3246 4292 3348 4355; x_wconf 81' lang='lat' dir='ltr'><strong>vir</strong></span> <span class='ocrx_word' id='word_1_497' title='bbox 3386 4293 3522 4358; x_wconf 85' lang='lat' dir='ltr'><strong>sive</strong></span> 
     </span>
     <span class='ocr_line' id='line_1_84' title="bbox 2021 4389 3521 4473; baseline 0.001 -18"><span class='ocrx_word' id='word_1_498' title='bbox 2021 4393 2105 4456; x_wconf 91' lang='lat' dir='ltr'><strong>sit</strong></span> <span class='ocrx_word' id='word_1_499' title='bbox 2151 4391 2403 4465; x_wconf 89' lang='lat' dir='ltr'><strong>mulier,</strong></span> <span class='ocrx_word' id='word_1_500' title='bbox 2448 4391 2682 4473; x_wconf 90' lang='lat' dir='ltr'><strong>poterit</strong></span> <span class='ocrx_word' id='word_1_501' title='bbox 2727 4389 3069 4472; x_wconf 88' lang='lat' dir='ltr'><strong>baptizare,</strong></span> <span class='ocrx_word' id='word_1_502' title='bbox 3102 4408 3178 4454; x_wconf 92' lang='lat' dir='ltr'><strong>eo</strong></span> <span class='ocrx_word' id='word_1_503' title='bbox 3216 4392 3387 4472; x_wconf 89' lang='lat' dir='ltr'><strong>quod</strong></span> <span class='ocrx_word' id='word_1_504' title='bbox 3426 4411 3521 4456; x_wconf 86' lang='lat' dir='ltr'><strong>sa-</strong></span> 
     </span>
     <span class='ocr_line' id='line_1_85' title="bbox 2021 4489 3523 4572; baseline 0.001 -18"><span class='ocrx_word' id='word_1_505' title='bbox 2021 4490 2329 4554; x_wconf 88' lang='lat' dir='ltr'><strong>cramenti</strong></span> <span class='ocrx_word' id='word_1_506' title='bbox 2372 4490 2565 4572; x_wconf 83' lang='lat' dir='ltr'><strong>hujus</strong></span> <span class='ocrx_word' id='word_1_507' title='bbox 2606 4489 2929 4572; x_wconf 88' lang='lat' dir='ltr'><strong>susceptio</strong></span> <span class='ocrx_word' id='word_1_508' title='bbox 2970 4489 3056 4552; x_wconf 91' lang='lat' dir='ltr'><strong>sit</strong></span> <span class='ocrx_word' id='word_1_509' title='bbox 3094 4491 3387 4555; x_wconf 81' lang='lat' dir='ltr'><strong>maximae</strong></span> <span class='ocrx_word' id='word_1_510' title='bbox 3418 4510 3523 4556; x_wconf 80' lang='lat' dir='ltr'><strong>ne·</strong></span> 
     </span>
     <span class='ocr_line' id='line_1_86' title="bbox 2021 4588 3524 4669; baseline 0.002 -17"><span class='ocrx_word' id='word_1_511' title='bbox 2021 4589 2357 4653; x_wconf 87' lang='lat' dir='ltr'><strong>cessitatis.</strong></span> <span class='ocrx_word' id='word_1_512' title='bbox 2405 4589 2579 4652; x_wconf 89' lang='lat' dir='ltr'><strong>Unde</strong></span> <span class='ocrx_word' id='word_1_513' title='bbox 2620 4595 2683 4650; x_wconf 90' lang='lat' dir='ltr'><strong>et</strong></span> <span class='ocrx_word' id='word_1_514' title='bbox 2731 4588 2995 4651; x_wconf 87' lang='lat' dir='ltr'><strong>materia</strong></span> <span class='ocrx_word' id='word_1_515' title='bbox 3040 4588 3182 4669; x_wconf 90' lang='lat' dir='ltr'><strong>ejus</strong></span> <span class='ocrx_word' id='word_1_516' title='bbox 3230 4596 3327 4652; x_wconf 90' lang='lat' dir='ltr'><strong>est</strong></span> <span class='ocrx_word' id='word_1_517' title='bbox 3374 4609 3524 4655; x_wconf 86' lang='lat' dir='ltr'><strong>vera</strong></span> 
     </span>
     <span class='ocr_line' id='line_1_87' title="bbox 2020 4685 3522 4770; baseline 0 -18"><span class='ocrx_word' id='word_1_518' title='bbox 2020 4697 2086 4752; x_wconf 92' lang='lat' dir='ltr'><strong>et</strong></span> <span class='ocrx_word' id='word_1_519' title='bbox 2127 4687 2402 4770; x_wconf 86' lang='lat' dir='ltr'><strong>simplex</strong></span> <span class='ocrx_word' id='word_1_520' title='bbox 2439 4705 2625 4768; x_wconf 86' lang='lat' dir='ltr'><strong>aqua,</strong></span> <span class='ocrx_word' id='word_1_521' title='bbox 2660 4703 2787 4749; x_wconf 90' lang='lat' dir='ltr'><strong>non</strong></span> <span class='ocrx_word' id='word_1_522' title='bbox 2834 4685 3054 4760; x_wconf 87' lang='lat' dir='ltr'><strong>mixta,</strong></span> <span class='ocrx_word' id='word_1_523' title='bbox 3087 4706 3229 4769; x_wconf 82' lang='lat' dir='ltr'><strong>quae</strong></span> <span class='ocrx_word' id='word_1_524' title='bbox 3267 4687 3522 4752; x_wconf 85' lang='lat' dir='ltr'><strong>facilius</strong></span> 
     </span>
     <span class='ocr_line' id='line_1_88' title="bbox 2023 4783 3525 4870; baseline 0.001 -21"><span class='ocrx_word' id='word_1_525' title='bbox 2023 4793 2232 4870; x_wconf 90' lang='lat' dir='ltr'><strong>potest</strong></span> <span class='ocrx_word' id='word_1_526' title='bbox 2276 4784 2517 4867; x_wconf 90' lang='lat' dir='ltr'><strong>ubique</strong></span> <span class='ocrx_word' id='word_1_527' title='bbox 2559 4783 2799 4846; x_wconf 89' lang='lat' dir='ltr'><strong>haberi.</strong></span> <span class='ocrx_word' id='word_1_528' title='bbox 2834 4783 3382 4857; x_wconf 86' lang='lat' dir='ltr'><strong>Quemadmodum</strong></span> <span class='ocrx_word' id='word_1_529' title='bbox 3420 4787 3525 4850; x_wconf 89' lang='lat' dir='ltr'><strong>de·</strong></span> 
     </span>
     <span class='ocr_line' id='line_1_89' title="bbox 2023 4881 3523 4967; baseline 0.001 -19"><span class='ocrx_word' id='word_1_530' title='bbox 2023 4903 2203 4948; x_wconf 93' lang='lat' dir='ltr'><strong>mum</strong></span> <span class='ocrx_word' id='word_1_531' title='bbox 2237 4883 2303 4946; x_wconf 91' lang='lat' dir='ltr'><strong>in</strong></span> <span class='ocrx_word' id='word_1_532' title='bbox 2332 4883 2475 4946; x_wconf 87' lang='lat' dir='ltr'><strong>aliis</strong></span> <span class='ocrx_word' id='word_1_533' title='bbox 2504 4881 2943 4955; x_wconf 80' lang='lat' dir='ltr'><strong>sacramentiS,</strong></span> <span class='ocrx_word' id='word_1_534' title='bbox 2977 4881 3070 4944; x_wconf 90' lang='lat' dir='ltr'><strong>sic</strong></span> <span class='ocrx_word' id='word_1_535' title='bbox 3100 4882 3167 4944; x_wconf 90' lang='lat' dir='ltr'><strong>in</strong></span> <span class='ocrx_word' id='word_1_536' title='bbox 3196 4883 3523 4967; x_wconf 88' lang='lat' dir='ltr'><strong>Baptismo</strong></span> 
     </span>
     <span class='ocr_line' id='line_1_90' title="bbox 2021 4979 3525 5066; baseline 0.001 -20"><span class='ocrx_word' id='word_1_537' title='bbox 2021 4983 2311 5066; x_wconf 70' lang='lat' dir='ltr'><strong>quaedam</strong></span> <span class='ocrx_word' id='word_1_538' title='bbox 2352 4988 2504 5044; x_wconf 89' lang='lat' dir='ltr'><strong>sunt</strong></span> <span class='ocrx_word' id='word_1_539' title='bbox 2540 4981 2617 5043; x_wconf 93' lang='lat' dir='ltr'><strong>de</strong></span> <span class='ocrx_word' id='word_1_540' title='bbox 2660 4979 3038 5043; x_wconf 89' lang='lat' dir='ltr'><strong>necessitate</strong></span> <span class='ocrx_word' id='word_1_541' title='bbox 3078 4988 3270 5065; x_wconf 87' lang='lat' dir='ltr'><strong>atque</strong></span> <span class='ocrx_word' id='word_1_542' title='bbox 3314 5002 3525 5048; x_wconf 89' lang='lat' dir='ltr'><strong>essen·</strong></span> 
     </span>
     <span class='ocr_line' id='line_1_91' title="bbox 2018 5078 3520 5164; baseline -0.001 -19"><span class='ocrx_word' id='word_1_543' title='bbox 2018 5082 2110 5145; x_wconf 92' lang='lat' dir='ltr'><strong>tia</strong></span> <span class='ocrx_word' id='word_1_544' title='bbox 2140 5081 2368 5164; x_wconf 90' lang='lat' dir='ltr'><strong>ipsius,</strong></span> <span class='ocrx_word' id='word_1_545' title='bbox 2403 5087 2472 5140; x_wconf 91' lang='lat' dir='ltr'><strong>ut</strong></span> <span class='ocrx_word' id='word_1_546' title='bbox 2502 5078 2707 5142; x_wconf 90' lang='lat' dir='ltr'><strong>forma</strong></span> <span class='ocrx_word' id='word_1_547' title='bbox 2748 5084 2813 5140; x_wconf 91' lang='lat' dir='ltr'><strong>et</strong></span> <span class='ocrx_word' id='word_1_548' title='bbox 2854 5079 3117 5142; x_wconf 88' lang='lat' dir='ltr'><strong>materia</strong></span> <span class='ocrx_word' id='word_1_549' title='bbox 3154 5080 3317 5161; x_wconf 83' lang='lat' dir='ltr'><strong>ejuS‚</strong></span> <span class='ocrx_word' id='word_1_550' title='bbox 3351 5091 3471 5146; x_wconf 92' lang='lat' dir='ltr'><strong>etc.</strong></span> <span class='ocrx_word' id='word_1_551' title='bbox 3502 5098 3520 5164; x_wconf 89' lang='lat'>;</span> 
     </span>
     <span class='ocr_line' id='line_1_92' title="bbox 2022 5177 3523 5264; baseline 0.003 -22"><span class='ocrx_word' id='word_1_552' title='bbox 2022 5181 2313 5264; x_wconf 80' lang='lat' dir='ltr'><strong>quaedam</strong></span> <span class='ocrx_word' id='word_1_553' title='bbox 2381 5195 2533 5242; x_wconf 88' lang='lat' dir='ltr'><strong>vero</strong></span> <span class='ocrx_word' id='word_1_554' title='bbox 2598 5183 2889 5259; x_wconf 85' lang='lat' dir='ltr'><strong>spectant</strong></span> <span class='ocrx_word' id='word_1_555' title='bbox 2938 5177 3017 5239; x_wconf 91' lang='lat' dir='ltr'><strong>ad</strong></span> <span class='ocrx_word' id='word_1_556' title='bbox 3076 5178 3523 5246; x_wconf 87' lang='lat' dir='ltr'><strong>solennitatem</strong></span> 
     </span>
     <span class='ocr_line' id='line_1_93' title="bbox 2025 5274 3521 5362; baseline 0.003 -20"><span class='ocrx_word' id='word_1_557' title='bbox 2025 5279 2319 5362; x_wconf 82' lang='lat' dir='ltr'><strong>ejusdem</strong></span> <span class='ocrx_word' id='word_1_558' title='bbox 2355 5295 2371 5340; x_wconf 79' lang='lat' dir='ltr'><strong>t</strong></span> <span class='ocrx_word' id='word_1_559' title='bbox 2405 5285 2476 5340; x_wconf 91' lang='lat' dir='ltr'><strong>ut</strong></span> <span class='ocrx_word' id='word_1_560' title='bbox 2503 5277 2673 5360; x_wconf 92' lang='lat' dir='ltr'><strong>quod</strong></span> <span class='ocrx_word' id='word_1_561' title='bbox 2706 5275 2821 5339; x_wconf 85' lang='lat' dir='ltr'><strong>fiat</strong></span> <span class='ocrx_word' id='word_1_562' title='bbox 2852 5275 2919 5338; x_wconf 91' lang='lat' dir='ltr'><strong>in</strong></span> <span class='ocrx_word' id='word_1_563' title='bbox 2949 5274 3089 5342; x_wconf 87' lang='grc'>1000</span> <span class='ocrx_word' id='word_1_564' title='bbox 3118 5297 3319 5355; x_wconf 80' lang='lat' dir='ltr'><strong>sacro,</strong></span> <span class='ocrx_word' id='word_1_565' title='bbox 3350 5289 3416 5344; x_wconf 86' lang='lat' dir='ltr'><strong>et</strong></span> <span class='ocrx_word' id='word_1_566' title='bbox 3454 5282 3521 5348; x_wconf 85' lang='lat' dir='ltr'><strong>in</strong></span> 
     </span>
    </p>
   </div>
   <div class='ocr_carea' id='block_1_24' title="bbox 3208 5413 3265 5463">
    <p class='ocr_par' dir='ltr' id='par_1_25' title="bbox 3208 5413 3265 5463">
     <span class='ocr_line' id='line_1_94' title="bbox 3208 5413 3265 5463; baseline 0.018 -1"><span class='ocrx_word' id='word_1_567' title='bbox 3208 5413 3265 5463; x_wconf 76' lang='lat'><strong>14</strong></span> 
     </span>
    </p>
   </div>
   <div class='ocr_carea' id='block_1_25' title="bbox 3638 0 4245 1">
    <p class='ocr_par' dir='ltr' id='par_1_26' title="bbox 3638 0 4245 1">
     <span class='ocr_line' id='line_1_95' title="bbox 3638 0 4245 1; baseline 0 0"><span class='ocrx_word' id='word_1_568' title='bbox 3638 0 4245 1; x_wconf 95' lang='lat' dir='ltr'><strong> </strong></span> 
     </span>
    </p>
   </div>
  </div>
 </body>
</html>
