4300 6259
1568 475 1859 526 tmsrom
1898 474 2370 524 nunnoni-oum
3397 457 3518 523 109

386 649 645 715 sedulo
702 652 839 717 tuis
890 652 1101 717 utitur
1153 651 1691 734 prudentissimis
1746 649 2066 730 consiliis,
2106 652 2172 716 te
2223 649 2443 715 feriari
2480 648 2586 714 vel
2637 649 2720 714 ad
2774 648 3158 715 suffuratam
3209 649 3512 714 horulam

386 759 787 840 eontigerit,
818 777 953 824 non
980 761 1045 824 te
1068 759 1415 842 poenitebit
1451 759 1697 837 forsan,
1726 761 1879 842 post
1908 759 2075 823 alios
2103 758 2648 840 praeolarissimos
2685 759 3007 838 anatome,
3038 757 3280 839 quibus
3316 756 3518 822 refer-

384 862 673 930 tissima
711 868 826 931 tua
862 865 1263 931 bibliotheca
1310 867 1518 930 scatet
1564 884 1731 949 pene
1780 866 2173 946 innumeri3‚
2218 866 2422 948 hujus
2458 865 2747 930 auctoris
2798 881 2996 947 opera
3041 864 3255 929 obiter
3301 865 3518 948 perlu-

384 975 681 1038 strasse.
723 975 863 1038 Nee
908 974 1235 1038 deterreat
1275 975 1340 1036 te
1375 975 1513 1037 stili
1552 973 1787 1038 levitas
1830 995 1845 1036 ε
1886 973 2424 1056 quandoquidem
2465 973 2708 1037 veritas
2749 973 2894 1054 ipsa
2938 971 3290 1036 verborum
3329 971 3518 1036 leno-

386 1081 585 1145 cinio
636 1098 772 1145 non
827 1083 1037 1162 egeat,
1079 1083 1145 1145 et
1179 1082 1253 1144 tu
1314 1081 1511 1145 malis
1566 1081 1701 1144 alta
1755 1081 1965 1144 divini
2022 1080 2312 1161 Spiritus
2361 1096 2555 1143 sensa
2600 1078 2727 1143 sub
2779 1078 3090 1142 familiari
3137 1079 3403 1160 eloquio
3456 1081 3522 1142 et

382 1187 637 1270 phrasi
666 1187 1031 1267 communi,
1063 1204 1265 1268 quam
1302 1189 1594 1252 comatas
1622 1189 1765 1252 sine
1804 1187 2021 1252 fructu
2052 1187 2382 1250 orationes
2413 1185 2592 1248 foliis
2619 1185 3018 1248 simillimas,
3053 1185 3246 1258 Quod
3282 1186 3340 1248 si
3377 1186 3520 1250 haec

382 1312 517 1376 pro
568 1297 693 1360 tua
739 1295 1151 1360 humanitate
1186 1295 1343 1358 boni
1396 1294 1727 1374 consulas»,
1768 1295 2065 1359 animum
2116 1293 2286 1357 mihi
2325 1293 2527 1356 facies
2572 1294 2648 1357 ut
2689 1293 2991 1357 studeam
3040 1295 3406 1375 opportune
3449 1293 3516 1355 in

382 1402 779 1484 majoribus
814 1401 937 1465 tibi
974 1401 1501 1484 gratificandum.
1526 1401 1713 1466 Vale.
1754 1403 1857 1466 Ex
1904 1401 2160 1466 aedihus
2195 1400 2714 1466 Praedieatorum
2753 1401 2822 1464 in
2859 1399 3156 1480 Colonia,
3198 1401 3305 1464 die
3341 1401 3516 1464 lunae

380 1510 859 1574 sextadecima
892 1509 1215 1590 samarii,
1252 1527 1425 1574 anno
1462 1511 1615 1592 post
1652 1512 1883 1574 natum
1920 1509 2332 1575 salvatorem
2365 1509 2748 1572 MDXXXI.
