4300 6259
856 517 936 564 Da
977 517 1204 564 Lunum
1244 515 1630 562 cnnls'rlarffl
1669 515 1974 574 Tnnomae,
2017 517 2196 564 uasa
2238 517 2277 562 1.
2324 533 2403 544 —·-
2446 517 2583 563 ΛΒΤ.
2629 517 2859 562 Lxxvtu

3282 495 3401 560 32⁷

333 707 494 752 cesse
549 706 782 770 nempe
837 697 936 751 est
991 687 1488 750 instrumentum
1552 704 1810 769 propor-
1837 685 1890 750 A
1917 705 2090 762 vero,
2123 689 2295 770 quod
2334 688 2424 750 rei
2464 688 2763 752 convenit
2800 695 3019 752 contra
3056 686 3409 750 naturalem

331 788 626 850 tinuatum
655 786 792 850 l'ore
829 794 894 849 et
929 787 1140 868 agenti
1179 795 1244 850 et
1279 795 1420 850 acto
1459 804 1573 848 seu
1613 793 1804 848 moto.

333 887 520 960 Quum
567 893 780 948 autem
828 885 1122 949 voluntas
1168 893 1234 948 et
1280 885 1640 950 intellectus
1683 884 1810 946 sint

335 984 582 1046 virtutes
637 983 1088 1046 immateriales
1147 991 1212 1046 et
1277 983 1680 1063 inorganicae,
1743 991 1814 1044 ut

333 1083 508 1144 etiam
550 1081 872 1144 Avicenna
913 1088 1268 1154 attestatur,
1312 1082 1479 1144 actio
1523 1080 1810 1162 corporei

334 1179 720 1242 instrumenti
751 1196 876 1242 non
909 1179 1148 1242 directe
1177 1179 1432 1260 attingit
1459 1197 1812 1261 eas,neque

335 1279 642 1360 corporale
700 1279 1200 1340 instrumentum
1261 1277 1810 1360 proportionatum

333 1385 426 1439 est
475 1377 578 1440 tali
635 1376 942 1439 immixtas
998 1382 1063 1438 et
1120 1375 1508 1457 incorporeas
1564 1375 1806 1438 virtuti.

334 1475 496 1537 Unde
523 1475 708 1537 etiam
740 1475 1064 1537 cernimus
1093 1475 1263 1556 apud
1301 1491 1438 1546 neS,
1471 1473 1640 1555 quod
1679 1473 1811 1536 ani-

337 1593 434 1634 ma
477 1573 658 1634 unius
705 1572 990 1654 corporis
1037 1572 1130 1634 nil
1181 1571 1400 1654 pandit
1441 1579 1552 1634 aut
1594 1571 1814 1632 influit

332 1671 578 1733 alterius
633 1669 920 1752 corporis
983 1669 1235 1742 animm,
1297 1669 1420 1731 nisi
1489 1668 1810 1731 mediante

333 1767 624 1850 corporali
664 1767 912 1830 actione
947 1784 960 1828 :
995 1787 1136 1850 quae
1175 1785 1386 1848 neque
1423 1766 1663 1829 directe
1703 1785 1810 1828 ne-

1919 785 2018 848 sui
2079 785 2583 860 inclinationem,
2633 786 2986 850 violentum
3034 792 3133 848 est
3180 803 3195 848 :
3246 785 3416 848 sicut

1918 882 2074 946 ferri
2121 885 2443 958 deorsum,
2492 884 2773 948 violente
2822 884 3129 967 competit
3173 883 3305 965 igni
3353 889 3419 945 et

1919 982 2096 1045 omni
2153 983 2299 1046 levi.
2346 983 2667 1046 Voluntati
2722 991 2936 1046 autem
2988 981 3277 1045 naturale
3324 988 3422 1044 est

1921 1088 1994 1142 ut
2029 1100 2066 1143 a
2106 1099 2175 1143 se
2218 1081 2357 1164 ipsa
2398 1089 2699 1162 operetur
2738 1089 2803 1144 et
2847 1080 3045 1144 libere
3082 1086 3227 1162 agat
3258 1097 3271 1141 ε
3308 1097 3423 1160 per

1923 1179 2042 1243 hoc
2073 1197 2351 1262 namque
2380 1178 2603 1242 differt
2638 1198 2675 1241 a
2714 1187 2955 1242 natura.
2991 1177 3267 1241 Omnino
3307 1178 3420 1258 igi-

1921 1286 2027 1340 tur
2081 1277 2437 1340 violentum
2486 1277 2609 1340 erit
2655 1277 2738 1351 ei,
2790 1277 2845 1340 si
2895 1276 3139 1342 coelesti
3186 1276 3423 1340 virtute

1923 1376 2379 1440 inevitabiliter
2419 1377 2666 1459 operari
2712 1385 2993 1458 cogatur.

2003 1475 2351 1556 Eapropter
2389 1475 2611 1558 utique
2640 1474 3093 1539 irrationabilis
3132 1480 3231 1536 est
3268 1491 3421 1555 prae·

1921 1572 2183 1634 inducta
2226 1573 2565 1636 Avicennae
2596 1581 2660 1636 et
2686 1573 2956 1636 aliorum
2998 1571 3229 1655 positio
3262 1588 3275 1632 :
3310 1587 3419 1632 ne-

1921 1688 2046 1752 que
2076 1670 2377 1752 equidem
2420 1679 2709 1734 recenter
2746 1672 2827 1733 ab
2864 1672 2959 1734 eis
3000 1671 3259 1732 inventa
3296 1677 3413 1744 est,

1921 1768 2225 1849 quoniam
2268 1769 2701 1850 antiquissimi
2743 1768 3104 1850 philosophi
3146 1785 3285 1830 eam
3328 1767 3419 1828 in-

333 1885 448 1948 que
479 1867 838 1930 immediate
869 1866 1038 1928 cadit
1067 1866 1132 1927 in
1175 1865 1644 1947 incorporalem
1674 1864 1808 1927 vim
1839 1863 1888 1927 Β
1921 1867 2262 1929 duxerunt.
2326 1866 2695 1930 Aristoteles
2748 1883 2923 1940 νει-ο,
2979 1865 3419 1948 Peripatetico-

331 1965 567 2037 animae‚
615 1965 726 2026 sed
777 1982 892 2046 per
941 1962 1282 2026 sensibiles
1329 1963 1498 2026 vires
1555 1962 1811 2024 vehitur

331 2064 402 2125 ad
431 2062 812 2125 voluntatem
843 2070 908 2124 et
936 2061 1358 2124 intellectum.
1384 2061 1506 2124 Sed
1541 2068 1609 2122 ut
1639 2061 1812 2122 Plato

335 2163 394 2224 iu
433 2161 734 2224 Phaedone
777 2166 1188 2232 contestatur,
1223 2158 1388 2222 sicut
1429 2165 1526 2222 est
1570 2159 1634 2220 in
1683 2177 1812 2222 ma-

329 2259 440 2340 jori
483 2258 741 2329 mundo,
773 2258 867 2320 sic
909 2265 1008 2320 est
1047 2263 1112 2320 et
1160 2257 1226 2318 in
1271 2257 1512 2319 mundo
1555 2256 1806 2319 minori.

331 2357 452 2420 Non
483 2372 629 2436 ergo
659 2355 1078 2418 necessitatur
1107 2355 1322 2419 anima
1361 2356 1812 2420 intellectualis

331 2454 558 2518 coelesti
589 2452 967 2526 influxione,
1003 2454 1139 2517 sive
1169 2454 1254 2517 sit
1296 2461 1506 2517 motus
1544 2455 1688 2518 coeli
1729 2455 1811 2517 ab

328 2553 547 2626 anima,
598 2559 668 2614 ut
718 2551 1086 2614 Aristoteles
1141 2559 1204 2614 et
1265 2552 1436 2615 Plato
1492 2560 1556 2614 et
1613 2554 1809 2615 ceteri

329 2651 672 2722 voluerunt,
733 2650 868 2713 sive
923 2650 1005 2711 ab
1065 2650 1510 2732 intelligentia,
1573 2659 1644 2712 ut
1697 2651 1808 2712 alii

329 2749 554 2812 dicunt.
611 2748 796 2810 Nulla
852 2768 1128 2831 namque
1187 2757 1400 2812 creata
1456 2749 1810 2812 substantia

329 2847 552 2910 directe
607 2855 812 2929 potest
859 2865 1046 2910 causa
1103 2866 1244 2910 esse
1300 2847 1688 2910 electionum
1747 2855 1810 2910 et

329 2946 708 3008 voluntatum
767 2953 1145 3008 nostrarum.
1209 2946 1396 3009 Nulla
1451 2946 1625 3008 enim
1684 2945 1808 3007 vir-

1923 1982 2066 2026 rum
2099 1963 2506 2047 princeps,in
2536 1964 2819 2027 secundo
2835 1963 3247 2047 physicorum
3276 1981 3419 2026 eam

1923 2062 2147 2144 tangit,
2181 2071 2247 2124 et
2275 2063 2341 2125 in
2372 2069 2551 2125 sexto
2580 2061 3021 2145 Metaphysicae
3062 2060 3351 2124 destruit.

2217 2330 2707 2396 ARTICULUS
2754 2327 3125 2394 LXXVIII.

1919 2475 2017 2534 De
2077 2471 2403 2546 positione
2459 2469 2766 2531 Platonis
2829 2475 2889 2526 et
2954 2465 3186 2528 Procli
3247 2464 3425 2522 circa

1995 2560 2491 2636 providentiam
2562 2559 2688 2620 Dei
2752 2565 2811 2616 et
2886 2554 3423 2632 yubernationem

2001 2667 2321 2709 umversz.

2043 2845 2361 2921 lQUlDEM
2391 2865 2557 2908 unus
2587 2845 2871 2914 αὐτόθεος,
2906 2840 2969 2902 id
3000 2847 3097 2902 est
3134 2857 3211 2901 ex
3250 2855 3319 2900 se
3356 2844 3421 2900 et

2073 2964 2187 3027 per
2228 2963 2297 3006 se
2340 2945 2529 3016 Deus,
2560 2943 2741 3023 juxta
2783 2939 3075 3002 Proclum
3118 2955 3133 2999 ε
3174 2942 3239 2999 et
3281 2935 3419 3016 qui-

331 3052 424 3106 tus
453 3051 738 3106 movetur
777 3044 1068 3125 proxime
1108 3043 1232 3106 nisi
1273 3063 1310 3106 a
1349 3061 1465 3106 suo
1505 3043 1758 3123 objecto
1791 3061 1805 3106 ε
1847 3043 1891 3108 C
1922 3044 2066 3106 dem
2115 3042 2223 3104 hic
2262 3042 2429 3104 Deus
2468 3047 2565 3102 est
2604 3039 2810 3120 prima
2849 3053 3040 3098 causa
3082 3041 3147 3096 et
3184 3031 3421 3095 fontale

329 3141 614 3222 quoniam
655 3140 962 3202 naturalis
1011 3141 1166 3204 ordo
1212 3141 1330 3204 hoc
1391 3141 1688 3224 postulat,
1743 3149 1812 3204 ut

329 3239 814 3320 unumquodque
843 3257 880 3301 a
921 3239 1212 3320 proxima
1251 3257 1442 3302 causa
1479 3257 1552 3301 ac
1587 3240 1808 3301 imme-

325 3337 484 3400 diato
541 3337 858 3420 principio
905 3337 1082 3418 prius
1131 3345 1196 3401 et
1251 3337 1619 3400 immediate
1677 3355 1808 3400 mo-

327 3444 555 3498 veatur.
588 3436 950 3499 Proximum
989 3443 1202 3498 autem
1242 3437 1411 3518 quod
1451 3445 1546 3498 est
1587 3436 1808 3499 volun-

329 3534 462 3596 tatis
511 3534 840 3607 motivum,
890 3541 988 3596 est
1034 3533 1276 3596 bonum
1337 3533 1733 3597 intellectum
1790 3552 1803 3596 ε

329 3633 436 3694 hoc
491 3633 726 3696 etenim
778 3639 874 3695 est
919 3631 1247 3712 objectum
1297 3631 1456 3712 ejus.
1510 3633 1610 3695 Nil
1659 3651 1808 3712 ergo

331 3738 528 3793 movet
561 3730 948 3794 voluntatem
989 3730 1111 3792 nisi
1153 3730 1472 3792 mediante
1513 3729 1680 3792 bono
1721 3731 1809 3791 in·

327 3829 584 3892 tellecto.
649 3830 776 3894 Hoc
832 3845 984 3892 vero
1052 3836 1150 3890 est
1215 3829 1570 3890 secundum
1639 3829 1808 3910 quod

329 3927 506 3991 offert
551 3928 862 3992 voluntati
907 3927 1152 4008 aliquid
1197 3935 1496 4009 tanquam
1543 3926 1808 4007 dignum

329 4027 398 4088 ad
438 4027 866 4110 appetendum
909 4043 924 4087 :
971 4025 1140 4106 quod
1187 4024 1418 4086 iterum
1463 4023 1636 4086 aliud
1683 4042 1807 4086 non

329 4133 416 4188 est
450 4125 568 4188 nisi
609 4125 990 4207 persuadere
1033 4131 1098 4185 et
1135 4139 1261 4184 non
1311 4124 1674 4185 necessario
1721 4123 1811 4184 in·

1924 3140 2319 3223 principium
2364 3138 2559 3201 totius
2604 3134 2905 3199 bonitatis
2963 3130 3423 3211 deiformisque

1923 3237 2371 3323 proprietatis3
2414 3243 2479 3299 et
2518 3235 2719 3318 ipsius
2760 3231 3127 3294 immediata
3170 3227 3425 3310 partici-

1925 3339 2179 3421 patione
2218 3335 2695 3398 constituuntur
2732 3331 2823 3394 dii
2860 3329 3288 3392 secundorum
3328 3343 3424 3388 or-

1923 3436 2167 3498 dinum.
2204 3435 2321 3508 Qui
2357 3432 2595 3494 idcirco
2632 3429 2721 3492 dii
2760 3429 3083 3499 dicuntur,
3117 3425 3419 3507 quoniam

1925 3533 1988 3594 in
2020 3530 2257 3594 causali
2291 3530 2573 3593 bonitate
2612 3524 3191 3610 providentialique
3228 3523 3419 3585 soler—

1905 3617 2010 3693 ‘tia
2059 3645 2317 3691 summo
2363 3628 2490 3690 Deo
2542 3625 2873 3708 potissime
2920 3621 3353 3684 assimilantur
3401 3638 3414 3682 :

1921 3729 2165 3812 quippe
2216 3725 2553 3789 causalitas
2610 3732 2675 3786 et
2731 3721 3153 3804 providentia,
3215 3719 3416 3782 divini

1921 3826 2088 3889 entis
2137 3841 2475 3904 congeneae
2520 3822 2938 3904 proprietates
2980 3825 3148 3882 sunt.
3196 3817 3417 3880 Omnis

1922 3925 2136 4007 itaque
2193 3923 2410 3984 divina
2458 3919 2813 3982 substantia
2864 3924 3217 3980 ceterorum
3280 3933 3419 3998 pro·

1921 4023 2179 4086 ductiva
2220 4030 2285 4083 et
2328 4019 2586 4090 rectiva‚
2627 4018 2785 4080 deus
2828 4016 3089 4097 quidem
3130 4013 3417 4076 nomina-

1921 4129 2044 4184 tur.
2079 4118 2357 4183 Ponebat
2389 4116 2653 4199 proinde
2681 4115 2855 4178 Plato
2882 4112 3415 4196 quadripartitum

329 4224 570 4286 clinare.
625 4223 884 4286 Nullum
934 4240 1086 4303 ergo
1131 4229 1416 4284 creatum
1465 4239 1657 4302 agens
1715 4229 1811 4284 est
1843 4217 1891 4279 D
1921 4220 2212 4284 ordinem
2262 4218 2627 4280 divinorum
2674 4215 2920 4277 entium
2971 4231 2986 4275 ε
3040 4213 3249 4295 primo
3298 4219 3417 4274 sta·

329 4322 658 4384 voluntatis
716 4329 780 4384 et
837 4320 1170 4383 electionis
1227 4339 1439 4394 causa,
1491 4319 1613 4382 nisi
1675 4328 1808 4381 tan-

329 4439 506 4500 quam
549 4420 842 4484 suadens.

397 4518 719 4592 Praeterea,
771 4517 942 4599 quod
999 4524 1240 4580 naturae
1297 4517 1630 4579 essentiale
1690 4524 1807 4590 est,

327 4617 438 4680 hoc
476 4616 897 4700 inseparabile
935 4623 1050 4678 est.
1085 4615 1406 4678 Voluntati
1443 4624 1656 4676 autem
1699 4635 1812 4698 per

328 4735 390 4778 se
429 4725 490 4780 et
532 4715 956 4780 essentialiter
997 4713 1298 4777 convenit
1343 4721 1414 4774 ut
1461 4713 1544 4774 sit
1586 4712 1804 4774 libera.

329 4815 556 4888 Denuo,
599 4814 874 4878 liberum
924 4818 1042 4884 est,
1086 4811 1150 4873 in
1199 4827 1326 4892 quo
1372 4818 1466 4872 est
1515 4829 1701 4891 agere
1750 4817 1814 4872 et

329 4931 444 4974 non
499 4931 684 4994 agere
747 4929 760 4972 :
817 4911 1082 4974 omnino
1139 4925 1290 4990 ergo
1352 4907 1693 4970 indelebile
1751 4917 1816 4970 et

331 5009 742 5092 inseparabile
809 5016 906 5071 est
959 5026 996 5069 a
1050 5007 1398 5080 voluntate,
1459 5008 1813 5070 secundum

331 5109 488 5188 quod
517 5109 808 5171 voluntas
838 5105 1020 5187 quasi
1053 5112 1504 5186 repraesentato
1543 5105 1667 5167 sibi
1705 5105 1814 5167 ob·

333 5204 492 5284 jecto
555 5223 672 5268 suo
739 5211 990 5268 vertere
1053 5221 1122 5264 se
1189 5203 1329 5285 quit
1395 5221 1525 5286 quo
1581 5203 1737 5266 velit
1799 5221 1813 5265 t

1921 4327 2108 4381 tuens
2137 4317 2426 4379 ordinem
2462 4314 2770 4386 idearum,
2804 4331 2961 4394 quas
3000 4312 3151 4374 deos
3181 4318 3365 4373 vocat
3398 4327 3411 4371 :

1921 4419 2000 4480 de
2048 4434 2179 4497 quo
2226 4432 2418 4495 supra
2477 4412 2598 4474 late
2654 4411 2896 4473 dictum
2956 4417 3071 4471 est.
3124 4408 3415 4471 Secundo
3462 4446 3487 4475 .

1921 4513 2165 4577 addidit
2191 4512 2475 4574 ordinem
2508 4509 2943 4570 intellectuum
2972 4515 3413 4589 separatorum,
3440 4509 3495 4538 ¹¹

1923 4631 2082 4696 quos
2141 4609 2597 4689 intelligentias
2645 4607 2939 4669 dicimus.
2994 4606 3206 4669 Tertio
3249 4605 3413 4668 ordi·

1923 4712 2116 4773 nabat
2154 4709 2399 4770 animas
2446 4706 2729 4768 siderum
2778 4713 2843 4768 et
2890 4705 3219 4777 coelorum,
3260 4722 3417 4785 quas

1923 4810 2114 4872 etiam
2166 4807 2316 4869 deos
2364 4806 2558 4882 dixit3
2592 4813 2817 4885 quarto
2858 4811 3070 4864 autem
3120 4801 3307 4864 orbes
3355 4809 3419 4864 et

1924 4917 2111 4979 astra,
2145 4923 2287 4986 quae
2330 4903 2682 4966 secundum
2724 4919 2895 4972 eum,
2938 4907 3089 4962 sunt
3123 4900 3421 4962 deificata

1923 5004 2225 5069 animalia
2268 5011 2332 5065 et
2374 5001 2462 5064 dii
2503 5002 2676 5062 hunc
2718 4997 3031 5060 mundum
3070 5004 3423 5060 sustentan-

1926 5113 2040 5166 tes.
2093 5104 2353 5184 Propter
2409 5099 2579 5180 quod
2637 5097 3027 5159 theoremate
3072 5096 3423 5158 centesimo

1929 5201 2238 5264 vicesimo
2294 5215 2465 5261 nono
2512 5195 2771 5259 Proclus
2824 5195 2913 5257 ait
2967 5212 2981 5256 :
3035 5194 3235 5258 Omne
3288 5212 3423 5258 cor-

339 5323 590 5386 prorsus
627 5319 778 5386 ergo
821 5301 1272 5366 innecessitata
1313 5309 1696 5385 perseverat.
1743 5301 1822 5365 At
1934 5319 2053 5383 pus
2098 5297 2395 5361 divinum
2450 5301 2711 5378 propter
2766 5291 3045 5356 animam
3094 5292 3423 5374 divinam3
