4300 6259
646 3656 730 3696 art..
751 3666 801 3696 w
814 3656 858 3695 ot
873 3664 911 3695 a.

931 490 1051 554 430
1502 508 1581 554 ΒΕ
1622 506 1848 553 Lutum-3
1890 504 2273 554 GHmS‘rIANAE
2313 502 2612 559 THRORIAE,
2658 504 2834 551 mmm
2875 506 2937 551 Π.
2985 524 3064 534 -
3105 507 3244 553 ART.
3288 507 3480 553 XXXIV

939 675 1148 750 inniti,
1182 683 1246 739 et
1274 694 1402 740 non
1442 677 1655 760 potius
1696 676 1759 738 in
1807 673 2196 738 solidissima
2237 672 2438 735 incre·
2468 671 2519 735 A
2547 673 2637 735 Ad
2671 674 2958 755 quintam
2995 678 3452 758 responderent
3480 675 3754 740 veritatis
3785 674 3978 747 hosteS,

935 783 1053 837 atae
1090 776 1376 839 veritatis
1416 777 1720 838 firmitate
1764 772 2059 846 stabiliri,
2106 771 2439 834 ostenden-

937 873 1091 935 dum
1140 881 1237 936 est
1295 874 1719 956 praeinductas
1777 872 2053 933 rationes
2114 887 2240 933 non
2299 888 2438 931 esse

934 971 1481 1034 demonstrativas.
1544 972 1665 1034 Sed
1725 988 1852 1033 non
1912 968 2188 1031 multum
2247 967 2439 1049 cupio

936 1069 1209 1131 rationes
1250 1070 1362 1132 has
1404 1070 1653 1132 curiose
1702 1068 1949 1131 solvere
1996 1083 2011 1128 ε
2059 1066 2190 1129 imo
2231 1084 2438 1147 neque

936 1167 1253 1231 solvendae
1284 1176 1519 1241 essent,
1554 1168 1674 1229 nisi
1723 1166 1981 1248 quidam
2030 1183 2136 1226 eas
2181 1164 2440 1225 demon-

935 1266 1228 1327 strativas
1283 1266 1743 1328 existimarent.
1786 1264 2115 1327 Solvendae
2155 1270 2304 1323 sunt
2347 1282 2438 1325 er-

935 1380 1015 1443 go
1055 1362 1455 1437 brevissime,
1499 1371 1569 1426 ut
1606 1368 1984 1442 agnoscatur
2028 1359 2302 1441 qualiter
2343 1360 2436 1421 eis

933 1461 1227 1523 obvietur
1256 1480 1291 1523 a
1322 1479 1449 1524 non
1482 1457 1863 1543 ponentibus
1894 1474 2306 1539 personarum
2334 1457 2440 1518 tri-

936 1561 1201 1622 nitatem
1238 1577 1251 1621 :
1287 1560 1528 1641 quippe
1571 1558 1682 1641 qui
1727 1557 1839 1619 has
1872 1556 2145 1618 rationes
2178 1556 2436 1617 demon-

936 1658 1227 1720 strativas
1272 1657 1685 1730 existimaret,
1727 1654 1992 1717 credens
2034 1654 2125 1716 eis
2168 1654 2436 1717 indisso-

936 1756 1204 1818 lubilem
1265 1755 1689 1818 concludendi
1744 1754 1951 1815 inesse
2001 1752 2327 1827 virtutem,
2381 1753 2434 1815 si

2547 773 2716 853 quod
2757 773 2922 835 Deus
2962 773 3260 837 omnibus
3290 773 3860 838 communicabilior
3889 781 3980 846 est,

2548 888 2746 949 quum
2798 871 2879 932 sit
2924 871 3066 933 fons
3112 872 3426 935 universae
3475 880 3715 934 naturae
3755 878 3813 933 et
3845 870 3984 933 boni-

2547 966 2733 1046 tatis3
2777 986 2898 1030 non
2941 976 3154 1032 tamen
3197 970 3347 1031 hinc
3387 987 3779 1050 consequens
3817 975 3910 1040 est,
3934 976 3988 1029 ut

2548 1063 2630 1126 sit
2674 1066 2736 1127 in
2785 1067 2910 1129 Deo
2955 1068 3273 1132 emanatio
3316 1068 3393 1130 ad
3439 1068 3607 1131 intra
3640 1084 3654 1129 ε
3687 1067 3800 1129 hoc
3835 1066 3986 1139 enim,

2551 1169 2616 1224 ut
2676 1164 2918 1238 dicunt,
2971 1186 3238 1229 summae
3297 1174 3362 1228 et
3419 1184 3594 1248 purae
3651 1164 3988 1247 simplicitati

2549 1261 2823 1343 derogat.
2860 1264 3121 1338 RursuS‚
3157 1284 3426 1327 summae
3457 1264 3585 1327 illae
3622 1264 3840 1325 divinae
3874 1262 3988 1324 sub-

2547 1363 2812 1435 stantiae,
2833 1382 2973 1444 quae
3003 1371 3145 1445 post
3177 1363 3698 1444 Deum,primum
3729 1362 3786 1423 in
3817 1380 3986 1424 rerum

2549 1461 2960 1523 universitate
3025 1462 3316 1524 ordinem
3384 1462 3624 1524 sortitae
3687 1467 3835 1534 sunt,
3887 1478 3984 1522 non

2546 1560 2908 1642 producunt
2937 1559 3108 1623 filios
3140 1579 3252 1623 seu
3283 1560 3496 1623 simile
3528 1560 3594 1622 in
3625 1559 3856 1641 specie:
3885 1577 3982 1621 non

2545 1658 2718 1721 enim
2787 1658 3206 1738 intelligentia
3272 1658 3751 1739 intelligentiam
3801 1657 3982 1737 gignit.

2546 1757 2753 1819 Minus
2801 1774 2952 1836 ergo
2991 1757 3092 1836 (ut
3139 1757 3391 1839 dicunt)
3437 1757 3561 1819 erit
3607 1757 3722 1818 hoc
3766 1756 3824 1818 in
3867 1757 3983 1818 Deo.

934 1855 1328 1937 inopinatam
1387 1861 1877 1936 promptamque
1924 1851 2431 1913 adversariorum
2468 1852 2515 1915 B
2550 1890 2623 1899 ——-
2655 1856 2747 1917 Ad
2780 1862 3045 1929 sextam,
3071 1855 3450 1918 solvendum
3480 1862 3582 1917 est
3607 1854 3762 1917 sicut
3785 1854 3987 1915 dictum

938 1954 1421 2036 responsionem
1469 1952 1737 2025 audiret,
1784 1951 1883 2013 vel
1937 1949 2140 2011 minui
2186 1949 2288 2011 vel
2334 1969 2436 2011 ex-

938 2052 1175 2133 stingui
1222 2058 1436 2134 posset
1484 2051 1548 2112 in
1598 2068 1673 2113 eo
1718 2048 1881 2111 fides
1930 2067 2071 2130 quae
2120 2056 2216 2109 est
2267 2048 2436 2109 circa

938 2150 1407 2213 confessionem
1464 2148 1809 2211 Trinitatis.
1873 2146 2169 2210 Rationes
2225 2147 2436 2209 denuo

939 2268 1079 2332 quae
1139 2249 1202 2310 in
1272 2247 1544 2311 articulo
1604 2246 1930 2309 tricesimo
1998 2246 2280 2308 secundo
2344 2245 2437 2306 in-

938 2351 1143 2413 ductae
1181 2356 1350 2421 sunt,
1384 2348 1585 2428 magis
1614 2347 1915 2409 videntur
1952 2344 2432 2427 philosophicae,

936 2468 1126 2532 quam
1160 2454 1385 2511 ceterae
1415 2446 1642 2509 ultimo
1672 2445 1941 2507 articulo
1973 2445 2243 2506 insertae.

1018 2547 1370 2611 Dicendum
1422 2546 1614 2627 igitur
1660 2545 1737 2607 ad
1788 2551 1915 2605 tres
1963 2542 2238 2605 rationes
2291 2541 2435 2603 arti-

937 2648 1065 2710 culi
1122 2645 1433 2709 tricesimi
1504 2643 1790 2717 secundi,
1852 2642 2021 2725 quod
2080 2641 2432 2703 secundum

938 2746 1264 2827 theologos
1295 2743 1533 2826 duplex
1564 2742 1725 2805 solet
1768 2742 1830 2803 in
1880 2741 2006 2803 Deo
2045 2738 2434 2801 considerari

938 2846 1219 2927 potentia
1281 2861 1295 2905 :
1357 2842 1645 2904 absoluta
1705 2840 1951 2903 scilicet
2008 2846 2071 2901 et
2126 2838 2431 2901 ordinata.

938 2944 1183 3007 Dicitur
1212 2949 1425 3003 autem
1467 2940 1751 3022 potentia
1793 2938 2102 3011 ordinata,
2136 2956 2278 3019 quae
2325 2954 2439 3018 per

2548 1960 2644 2015 est
2675 1953 2738 2015 in
2772 1953 3152 2017 deductione
3184 1953 3359 2015 illius
3404 1953 3704 2033 rationis3
3733 1971 3842 2015 nec
3874 1970 3990 2014 con·

2551 2052 2750 2113 vincit
2807 2052 3161 2133 replicatio,
3213 2053 3364 2135 quia
3413 2051 3702 2115 voluntas
3753 2069 3992 2133 compre-

2549 2149 2742 2211 hendi
2788 2149 3008 2232 utique
3050 2149 3254 2231 possit
3296 2149 3416 2212 sub
3462 2150 3756 2232 potentia.

2627 2248 2720 2309 Ad
2771 2248 3198 2328 Augustinum
3256 2266 3408 2311 vero
3457 2248 3814 2321 dicendum,
3857 2247 3992 2329 quod

2551 2366 2666 2429 per
2720 2346 2990 2409 verbum
3051 2347 3162 2409 Dei
3218 2346 3525 2410 Platonici
3585 2345 3991 2427 intelligebant,

2548 2445 2651 2507 vel
2684 2446 2993 2508 rationem
3026 2444 3459 2526 exemplarem
3489 2464 3606 2508 seu
3637 2445 3828 2508 ideam
3857 2463 3994 2506 men-

2549 2544 2630 2606 tis
2670 2544 2934 2629 divinae,
2967 2562 3082 2626 per
3127 2563 3318 2626 quam
3371 2544 3863 2627 sapientissimus
3905 2543 3992 2605 Dei

2549 2643 2913 2705 intellectus
2945 2644 3160 2705 omnia
3199 2651 3436 2716 causat,
3470 2643 3639 2706 sicut
3673 2642 3992 2725 frequenter

2549 2750 2876 2805 ostensum
2925 2750 3022 2804 est
3065 2742 3131 2804 in
3177 2742 3386 2823 primo
3431 2740 3598 2805 libro
3633 2761 3710 2805 ex
3747 2741 3990 2805 doctrina
4025 2758 4168 2797 ntum

2547 2841 2845 2904 Platonis.
2909 2841 3343 2904 Consimiliter
3407 2848 3506 2903 est
3562 2841 3882 2903 dicendum
3927 2822 4077 2901 adm·

2547 2940 2987 3002 auctoritatem
3021 2940 3344 3002 Bernardi.
3371 2940 3812 3003 Verumtamen
3843 2938 3990 3001 multi

936 3041 1310 3124 sapientiam
1348 3038 1680 3101 informata
1709 3044 1901 3110 est,et
1930 3036 2059 3117 agit
2088 3035 2436 3098 secundum
2467 3037 2510 3100 C
2549 3038 3014 3102 catholicorum
3037 3038 3566 3100 existimaverunt
3587 3039 3868 3121 quosdam
3889 3037 3992 3120 phi·

942 3145 1413 3223 praeconceptas
1446 3135 1830 3198 factibilium
1872 3135 2168 3196 rationes.
2203 3134 2306 3196 Sic
2344 3141 2432 3196 et-

940 3239 1113 3301 enim
1160 3238 1395 3299 dicitur
1439 3236 1604 3296 Deus
1647 3253 1748 3295 ars
1795 3232 2147 3295 rationibus
2193 3233 2428 3315 plena:

938 3337 1068 3418 agit
1106 3354 1339 3417 nempe
1386 3333 1603 3396 omnia
1650 3332 2002 3394 secundum
2052 3338 2434 3393 aet-ernarum

939 3436 1255 3497 rationum
1287 3442 1350 3496 et
1381 3433 1664 3494 idearum
1696 3450 1836 3512 quae
1869 3430 1933 3490 in
1974 3428 2220 3491 lumine
2263 3449 2436 3491 men-

938 3535 1019 3597 tis
1051 3552 1181 3597 suae
1212 3531 1571 3593 subsistunt
1609 3528 2237 3610 contemplationem,
2269 3529 2435 3590 sicut

940 3633 1005 3695 in
1065 3631 1229 3694 libro
1291 3630 1499 3711 primo
1560 3626 2039 3690 multiformiter
2096 3626 2434 3707 probatum

940 3739 1056 3795 est.
1092 3728 1442 3792 Dicendum
1488 3744 1661 3807 ergo,
1693 3725 1861 3807 quod
1908 3724 1972 3786 in
2018 3725 2434 3807 productione

940 3849 1155 3894 rerum
1187 3830 1353 3891 Deus
1384 3833 1683 3909 operatur
1710 3841 1837 3887 non
1869 3824 2223 3887 secundum
2253 3842 2434 3885 suam

940 3928 1287 4013 potentiam
1318 3924 1696 3996 absolutam,
1716 3923 1823 3985 sed
1857 3922 2232 3985 ordinatam.
2259 3922 2435 3995 Quod

938 4044 1091 4089 vero
1130 4025 1221 4087 nil
1264 4024 1572 4106 producat
1602 4021 1955 4084 secundum
1998 4027 2202 4081 totum
2237 4021 2434 4081 virtu-

937 4126 1020 4187 tis
1078 4144 1209 4187 suae
1264 4129 1456 4204 atque
1515 4116 2215 4192 communicabilitatiS,
2266 4118 2434 4181 dice-

2551 3137 2987 3220 losophorum,
3018 3144 3079 3199 et
3111 3136 3443 3219 potissime
3472 3136 3810 3211 Platonem,
3830 3137 3992 3200 Trini-

2549 3245 2768 3311 tatem,
2799 3244 2910 3325 aut
2951 3242 3122 3297 certe
3166 3236 3365 3297 Patris
3409 3242 3474 3297 et
3513 3235 3704 3298 Verbi
3747 3236 3994 3299 divinita·

2551 3345 2703 3409 tem,
2755 3334 3082 3415 attigisse3
3134 3334 3245 3395 sed
3303 3352 3431 3397 non
3479 3342 3578 3396 est
3626 3335 3710 3397 ita
3750 3353 3763 3396 ε
3803 3335 3916 3396 imo
3952 3333 3994 3395 si

2550 3433 2809 3516 quidam
2850 3452 2988 3495 eam
3029 3439 3445 3512 agnoverunt,
3479 3450 3608 3496 non
3652 3452 3728 3495 ex
3767 3430 3993 3495 naturali

2553 3532 2795 3595 lumine
2823 3538 3237 3613 agnoverunt.
3270 3530 3446 3593 Multi
3479 3550 3752 3615 namque
3777 3529 3996 3594 Platoni-

2549 3649 2767 3695 corum
2803 3629 3134 3692 christiani
3166 3627 3468 3708 fuerunt3
3501 3637 3566 3691 et
3605 3630 3770 3711 quod
3808 3630 3888 3692 illi
3919 3628 3994 3690 di·

2551 3736 2782 3793 xerunt
2824 3729 2902 3791 de
2947 3736 3165 3790 sancta
3199 3727 3527 3799 Trinitate,
3573 3728 3804 3792 Platoni
3843 3727 3994 3789 vicis-

2551 3828 2672 3891 sim
2729 3826 2991 3889 attribui
3043 3826 3270 3907 potuit,
3322 3826 3676 3909 praesertim
3723 3844 3899 3909 quum
3941 3825 3992 3885 in

2548 3924 2762 3988 verbis
2795 3942 3022 4004 magna
3052 3923 3407 4004 reperiatur
3445 3924 3780 4006 utrobique
3818 3938 3995 3985 conso·

2550 4024 2784 4087 nantia.
2818 4024 3015 4085 Tanta
3042 4022 3341 4103 equidem
3387 4029 3484 4084 est
3530 4022 3594 4083 in
3641 4022 3837 4085 verbis
3875 4038 3992 4083 con·

2549 4122 2860 4195 sonantia,
2893 4128 2961 4183 ut
3001 4120 3280 4183 haeretici
3325 4121 3612 4203 quidam,
3645 4140 3719 4184 ex
3755 4120 3996 4183 doctrina

942 4230 1083 4285 rent
1112 4220 1476 4303 philosophi
1508 4236 1634 4280 non
1666 4216 1818 4280 oriri
1858 4235 1935 4279 ex
1980 4217 2233 4279 defectu
2274 4216 2434 4279 divi·
2466 4224 2517 4286 D
2547 4220 3014 4284 Platonicorum
3065 4218 3298 4281 erroris
3345 4220 3742 4283 occasionem
3779 4234 3993 4299 accepe-

938 4340 1035 4384 nae
1065 4318 1462 4392 virtutis,sed
1492 4316 1574 4380 ob
1608 4316 2089 4397 incapacitatem
2125 4315 2431 4398 producti,

939 4437 1016 4482 eo
1036 4417 1206 4500 quod
1238 4416 1325 4477 nil
1347 4414 1727 4495 (secundum
1753 4414 1889 4494 eos)
1908 4432 2105 4495 capax
2136 4414 2218 4476 sit
2246 4422 2435 4477 tantae

939 4514 1376 4601 perfectioniS,
1438 4520 1673 4596 quanta
1742 4513 1807 4573 in
1875 4513 2133 4575 fontana
2194 4514 2435 4576 Deitate

942 4616 1252 4680 consistit.

1022 4715 1114 4777 Ad
1164 4720 1453 4796 quartam
1504 4711 1745 4773 diceret
1790 4710 2212 4785 adversarius,
2266 4712 2435 4793 quod

939 4813 1190 4879 bonitas
1220 4811 1330 4873 Dei
1362 4818 1457 4873 est
1488 4809 1935 4872 intellectualis
1969 4826 1982 4870 ε
2009 4809 2278 4892 ideoque
2310 4828 2436 4874 non

937 4914 1070 4996 jam
1114 4910 1508 4983 naturaliter,
1550 4908 1661 4970 sed
1711 4908 2172 4991 sapientialiter
2218 4926 2439 4990 opera—

940 5021 1063 5075 tur.
1100 5009 1415 5092 Sapientis
1446 5016 1659 5070 autem
1692 5015 1789 5069 est
1817 5007 2110 5070 ordinare
2140 5016 2205 5070 et
2233 5008 2436 5071 deter-

943 5112 1186 5174 minare
1245 5109 1409 5170 dona
1467 5126 1599 5169 sua.
1650 5106 1798 5168 Ideo
1857 5124 1983 5169 non
2042 5106 2166 5169 erit
2223 5125 2438 5171 conse·

941 5222 1168 5293 quens&
1222 5216 1291 5269 ut
1337 5214 1536 5269 totam
1584 5206 2258 5268 communicabilitatis
2306 5227 2436 5271 suae

940 5306 1412 5396 plenitudinem
1466 5304 1870 5367 transfundat
1927 5305 1992 5367 in
2039 5304 2307 5387 aliquid.
2357 5340 2436 5352 -—

2550 4321 2676 4382 rint
2705 4320 2784 4381 de
2817 4318 2974 4380 Filio
3014 4318 3147 4391 Dei,
3182 4316 3465 4380 dicentes
3505 4336 3656 4381 eum
3694 4336 3820 4381 esse
3855 4332 3991 4378 crea·

2548 4426 2779 4491 turam,
2831 4415 3370 4499 quemadmodum
3419 4416 3714 4498 superius
3761 4416 3830 4477 de
3869 4413 3991 4476 Ario
4027 4423 4174 4469 nanim.

2547 4524 2611 4579 et
2649 4515 2962 4578 Eunomio
3009 4512 3247 4576 diffuse
3295 4513 3701 4577 tractabatur.
3740 4513 3990 4578 Rationes
4009 4506 4059 4535 ¹¹·

2547 4616 2719 4679 enim
2754 4633 2895 4696 quae
2927 4613 3117 4695 paulo
3147 4620 3292 4675 ante
3320 4613 3399 4675 ad
3440 4614 3864 4695 probationem
3889 4610 3992 4673 Tri·
4038 4617 4110 4661 iai.
4129 4615 4175 4652 nt

2550 4714 2766 4777 nitatis
2800 4713 3074 4775 inductae
3105 4719 3276 4784 sunt,
3309 4712 3634 4775 Platonem
3677 4722 3738 4777 et
3773 4692 4100 4775 sectato-'¹¹¹²

2549 4833 2649 4876 res
2677 4813 2818 4892 ejus
2858 4810 3309 4892 compulerunt
3347 4810 3582 4885 dicere,
3619 4812 3807 4874 Deum
3846 4815 3992 4871 natu-

2549 4912 2678 4975 rale
2722 4910 3038 4993 quoddam
3089 4915 3153 4971 et
3200 4908 3321 4971 sibi
3374 4916 3755 4973 coaeternum
3800 4906 3992 4970 habere

2548 5027 2832 5092 germen,
2866 5008 3034 5070 sicut
3076 5008 3140 5069 in
3185 5007 3393 5088 primo
3437 5007 3722 5071 habitum
3766 5002 4176 5070 est.Sed⁸rt1-¹11‘²‘-

2548 5127 2676 5172 non
2707 5114 2804 5170 est
2833 5105 3263 5187 cogitandum,
3294 5106 3463 5187 quod
3497 5124 3774 5189 unquam
3799 5102 3992 5184 aliquis

2549 5226 2747 5289 purus
2815 5203 3235 5287 philosophus
3301 5203 3536 5267 dixerit
3591 5206 3712 5268 tale
3773 5216 3992 5285 germen

2548 5306 2678 5369 Deo
2736 5302 3278 5368 consubstantiale
3333 5310 3399 5365 et
3456 5303 3768 5387 coaequale
3819 5313 3988 5364 esse:
