4300 6259
546 1781 561 1826 l
580 1781 683 1826 Cor.
706 1794 749 1834 ιι,
766 1783 806 1825 9.

546 3457 655 3502 Luc.
672 3469 731 3508 vt.
744 3459 811 3500 ³5.

570 3546 747 3591 March.
768 3559 813 3598 v,

592 3947 655 3992 De
674 3947 815 3992 Divin.

550 4023 669 4056 nom.
691 4022 729 4054 e.
761 4024 817 4056 iv.

838 496 955 560 ¹16

834 683 1076 759 vivere,
1135 685 1268 750 imo
1323 688 1638 771 quidquid
1693 688 1845 753 boni
1902 687 2214 751 habemus
2270 692 2334 749 et
2361 686 2413 748 A

837 800 1061 846 sumus
1100 783 1167 847 in
1204 786 1389 850 donis
1426 794 1667 850 naturae
1716 794 1781 848 et
1817 786 2054 867 gratiae.
2099 783 2331 856 Tertio,

837 882 1145 961 quoniam
1195 903 1313 946 nec
1360 885 1438 947 ad
1488 893 1909 958 momentum,
1951 882 2091 946 sine
2133 883 2336 965 ipsius

836 980 1069 1042 actuali
1115 983 1617 1055 conservatione,
1661 983 1729 1045 in
1769 981 1871 1043 his
1911 981 2096 1044 bonis
2140 980 2337 1062 persi·

837 1084 1004 1141 stere
1046 1097 1120 1141 ac
1164 1098 1420 1143 manere
1449 1081 1755 1142 valemus,
1790 1081 2043 1154 Quarto,
2077 1085 2340 1161 propter

836 1178 1345 1256 supernaturalia
1372 1176 1690 1241 beneficia
1728 1179 1892 1260 ejuS,
1927 1177 2335 1260 potissimum

837 1281 1099 1355 propter
1125 1293 1199 1336 ea
1230 1295 1371 1356 quae
1404 1276 1781 1356 Unigenitus
1812 1275 1924 1337 Dei
1965 1291 2081 1356 pro
2123 1281 2339 1335 nostra

835 1369 1039 1433 salute
1084 1373 1453 1455 assumpsit,
1501 1373 1655 1435 fecit
1701 1391 1775 1435 ac
1825 1391 2051 1454 passus
2100 1378 2218 1443 est,
2264 1388 2340 1432 ac

836 1476 1099 1550 propter
1122 1471 1451 1533 universas
1483 1470 1953 1534 misericordias
1984 1469 2123 1550 ejus
2154 1467 2338 1531 nobis

835 1566 1110 1646 gratiose
1152 1586 1227 1630 ac
1268 1586 1531 1650 prorsus
1569 1567 1989 1631 ineffabiliter
2020 1567 2125 1650 pie
2162 1565 2338 1630 exhi-

838 1663 1023 1728 bitas.
1065 1665 1319 1740 Quinto,
1362 1665 1446 1730 ob
1491 1666 2015 1749 praestantissima
2062 1684 2135 1728 ae
2183 1683 2339 1747 opu-

838 1761 1197 1826 lentissima
1227 1764 1429 1846 ipsius
1471 1763 1808 1846 promissa,
1842 1784 1985 1846 quae
2029 1782 2147 1826 nec
2188 1780 2337 1824 ocu-

1504 517 1926 564 ELEMENTATIO
1965 513 2362 562 mmmmm.
2411 533 2486 544 -
2531 514 2610 560 DE
2651 515 2770 562 DEO
2809 515 2929 562 UNo
2972 516 3047 561 ET
3085 516 3269 563 ‘mmo

2861 689 3382 755 PROPOSITIO
3430 687 3514 752 V.

2525 878 2761 946 Solus
2787 879 2998 945 Deus
3024 879 3618 968 quomodolibet
3653 892 3748 944 ao
3788 891 3949 944 om-

2443 975 2920 1058 niformiter,
2968 977 3612 1046 substantlaliter
3659 977 3745 1042 et
3805 988 3950 1055 per

2444 1087 2528 1139 se
2569 1073 2820 1140 bonus
2861 1077 3002 1141 est.

2524 1171 2699 1244 Quod
2739 1179 2857 1246 est,
2892 1171 3196 1254 quoniam
3244 1172 3306 1236 id
3347 1170 3835 1254 quomodolibet
3876 1187 3952 1231 ac

2445 1269 2916 1332 omniformiter
2962 1269 3204 1333 bonum
3257 1277 3374 1343 est,
3420 1270 3590 1352 quod
3641 1267 3952 1350 qualiter-

2446 1385 2722 1449 cumque
2793 1367 3256 1442 consideretur,
3327 1376 3520 1450 atque
3589 1366 3950 1448 secundum

2445 1482 2701 1527 omnem
2751 1464 2850 1526 sui
2897 1465 3342 1528 habitudinem
3391 1472 3454 1528 et
3499 1463 3956 1528 consideratio-

2447 1580 2618 1636 nem,
2677 1569 2775 1625 est
2829 1562 3070 1627 bonum
3125 1581 3140 1626 ε
3201 1563 3371 1646 quod
3428 1561 3490 1625 ei
3544 1560 3955 1625 solummodo

2447 1661 2775 1742 competit,
2814 1661 2980 1742 quod
3023 1678 3152 1725 non
3194 1661 3642 1743 participative
3687 1665 3800 1721 aut
3837 1658 3953 1720 ali-

2449 1759 2641 1832 unde,
2705 1759 2814 1820 sed
2872 1758 3398 1832 substantialiter,
3450 1776 3568 1841 per
3621 1775 3690 1820 se
3749 1764 3814 1820 et
3871 1774 3955 1818 ex

838 1860 938 1923 lus
979 1861 1163 1937 vidit,
1195 1881 1315 1925 nec
1357 1863 1531 1925 auris
1576 1863 1765 1945 plene
1805 1863 2066 1937 audivit,
2106 1879 2227 1924 nec
2271 1861 2338 1924 in
2364 1860 2413 1922 B
2448 1875 2516 1918 se
2558 1855 2799 1919 bonum
2846 1863 2963 1931 est,
3015 1865 3169 1940 puta
3218 1856 3390 1936 Deo;
3433 1857 3605 1939 quod
3652 1853 3959 1937 qualiter-

836 1975 948 2021 cor
986 1958 1269 2024 hominis
1312 1961 1755 2024 ascenderunt.

917 2057 1205 2139 Insuper,
1241 2057 1484 2121 bonum
1523 2066 1620 2121 est
1650 2059 1821 2140 quod
1854 2056 2338 2121 communicati-

836 2173 995 2218 vum
1022 2162 1087 2218 et
1113 2156 1496 2219 diffusivum
1528 2164 1626 2218 est
1664 2157 1782 2218 sui.
1818 2156 1979 2230 Quid
2017 2173 2170 2236 ergo
2208 2163 2334 2217 tam

837 2252 1081 2316 bonum
1126 2263 1197 2316 ut
1242 2256 1430 2329 Deus,
1473 2255 1585 2337 qui
1628 2273 1803 2317 mera
1847 2254 2226 2316 liberalitate
2264 2272 2338 2316 ac

838 2367 1100 2434 prorsus
1140 2353 1436 2434 gratuito,
1488 2360 1551 2416 et
1594 2353 1858 2415 omnino
1906 2353 2336 2434 praeveniente

835 2467 1075 2524 amore,
1110 2457 1239 2514 tam
1284 2452 1563 2534 copiose,
1597 2450 2042 2522 exuberanter,
2076 2469 2334 2531 genera-

837 2549 983 2612 liter
1028 2568 1101 2612 ac
1150 2550 1538 2632 specialiter,
1590 2557 1718 2614 tam
1769 2549 2214 2631 multipliciter
2261 2568 2336 2612 ac

836 2646 1339 2722 multiformiter,
1372 2668 1501 2712 suae
1534 2649 1836 2710 bonitatis
1876 2648 2131 2710 divitias
2165 2665 2334 2710 com·

837 2747 1192 2809 municavit
1258 2747 1487 2810 creatis
1554 2766 1673 2829 per
1735 2764 1995 2809 omnem
2066 2746 2334 2827 gradum

834 2864 909 2907 ac
968 2844 1259 2908 ordinem
1319 2864 1558 2920 rerum,
1610 2865 1645 2907 a
1695 2863 1951 2908 summo
2000 2863 2205 2927 usque
2253 2845 2334 2908 ad

836 2942 1165 3017 infimum,
1240 2962 1360 3006 nec
1434 2944 1787 3026 quidquam
1862 2943 2123 3024 reliquit
2203 2961 2334 3006 suae

2448 1973 2725 2037 cumque
2757 1972 2905 2018 vere
2934 1955 3392 2030 consideretur,
3406 1954 3584 2017 nulla
3610 1954 3773 2017 ratio
3803 1952 3960 2015 mali

2448 2052 2938 2136 cujuscumque,
3001 2052 3179 2115 nulla
3236 2051 3712 2126 defectibilitaS,
3774 2051 3960 2114 nulla

2447 2150 2876 2233 imperfectio,
2926 2149 3380 2233 potentialitas,
3431 2150 3786 2232 indigentia
3842 2157 3957 2212 aut

2447 2248 2836 2331 possibilitas
2873 2267 3000 2311 non
3041 2249 3316 2323 essendi,
3358 2249 3425 2311 in
3462 2265 3542 2312 eo
3579 2247 3900 2331 reperitur
3937 2265 3953 2310 :

2447 2356 2510 2409 et
2555 2347 2678 2410 hoc
2725 2347 3055 2409 dumtaxat
3102 2347 3404 2410 convenit
3449 2346 3584 2409 enti
3642 2347 3952 2421 increato,

2446 2445 2940 2528 imparticipatO,
2988 2444 3532 2527 perfectionaliter
3578 2444 3842 2507 infinito
3889 2451 3958 2506 et

2447 2544 2924 2627 independenti.
2957 2544 3149 2608 Porro
3177 2562 3367 2608 omne
3407 2551 3716 2616 creatum,
3749 2561 3956 2624 quan-

2445 2651 2864 2724 tumcumque
2894 2641 3247 2714 formaliter
3287 2643 3530 2705 bonum
3571 2661 3650 2706 cx
3687 2661 3804 2704 sua
3845 2660 3960 2703 na-

2445 2749 2586 2803 tura
2629 2759 2702 2803 ac
2733 2741 2968 2822 specie,
3002 2741 3302 2804 effective
3340 2748 3557 2803 tamen
3587 2759 3624 2803 a
3654 2741 3786 2803 Deo
3811 2758 3962 2823 pro-

2444 2840 2657 2914 fluxit,
2706 2847 2897 2921 atque
2947 2839 3067 2902 hoe
3115 2840 3328 2921 ipsum
3379 2840 3550 2923 quod
3597 2839 3966 2902 formaliter

2446 2938 2688 3001 bonum
2732 2944 2849 3011 est,
2893 2939 3192 3000 convenit
3231 2939 3292 3001 ei
3333 2939 3398 3000 in
3443 2945 3760 3020 quantum
3805 2955 3964 3002 con·

836 3039 1139 3104 bonitatis
1199 3041 1687 3124 participatione
1732 3041 2011 3104 totaliter
2059 3043 2334 3123 expers?
2365 3037 2408 3101 C
2448 3036 2759 3100 formatur
2807 3037 3034 3098 rationi
3080 3055 3212 3099 suae
3259 3037 3449 3099 ideali
3492 3043 3558 3098 et
3596 3036 3964 3119 exemplari

836 3138 1253 3202 Inferioribus
1299 3157 1553 3222 quoque
1602 3140 1681 3201 de
1725 3139 2101 3202 necessariis
2138 3139 2339 3201 abun-

838 3237 1062 3299 danter
1092 3237 1371 3320 providit
1404 3254 1418 3298 z
1452 3237 1583 3300 imo
1624 3255 1742 3299 nec
1774 3236 1931 3318 ipsis
1964 3236 2227 3317 ingratis
2264 3253 2338 3298 ac

839 3335 1057 3418 impiis
1090 3336 1449 3418 providere,
1483 3353 1765 3417 parcere,
1798 3331 2178 3398 benefacere
2209 3353 2339 3396 ces-

840 3443 953 3497 sat.
996 3433 1158 3497 Hinc
1202 3433 1387 3497 Lucae
1435 3440 1613 3496 sexto
1659 3433 1749 3495 ait
1794 3432 2081 3496 Salvator
2130 3449 2143 3494 :
2197 3433 2339 3514 Ipse

842 3532 1159 3614 benignus
1190 3540 1287 3595 est
1315 3551 1510 3613 super
1540 3533 1817 3612 ingratos
1861 3538 1925 3593 et
1968 3531 2186 3594 malos
2221 3530 2339 3604 Qui

842 3634 943 3713 (ut
988 3631 1193 3694 fertur
1250 3630 1521 3693 Matthaei
1579 3630 1832 3711 quinto)
1888 3629 2089 3692 solem
2148 3649 2340 3693 suum

845 3729 999 3793 facit
1035 3728 1190 3792 oriri
1234 3746 1429 3811 super
1469 3726 1671 3791 bonos
1714 3736 1777 3790 et
1821 3727 2042 3800 malOS,
2076 3736 2140 3789 et
2175 3727 2343 3809 pluit

845 3845 1041 3910 super
1064 3827 1269 3907 justos
1299 3832 1363 3888 et
1393 3825 1683 3906 injustos.
1710 3825 1897 3888 Recte
1929 3843 2078 3906 ergo
2110 3825 2170 3888 S.
2207 3825 2345 3888 Dio-

846 3925 1066 4007 nysius
1114 3922 1401 4006 protulit,
1453 3923 1622 4004 quod
1679 3923 1936 3985 divinus
1984 3941 2165 3985 amor
2213 3940 2341 3985 non

846 4022 1108 4105 reliquit
1164 4022 1364 4085 Deum
1418 4021 1557 4084 sine
1613 4021 1901 4102 germine
1957 4039 2117 4084 esse.
2171 4021 2343 4084 Plato

844 4139 1099 4204 quoque
1144 4138 1157 4182 :
1200 4119 1493 4201 Optimus
1536 4118 1805 4200 (inquit)
1847 4126 1999 4182 erat.
2035 4118 2224 4182 Porro
2262 4118 2342 4181 ab

2447 3154 2640 3218 quam
2685 3135 2878 3198 habet
2924 3136 2991 3197 in
3035 3142 3250 3198 mente
3297 3135 3536 3209 divina,
3571 3135 3676 3198 cui
3721 3135 3962 3198 rationi

2447 3234 2701 3297 Creator
2745 3233 3152 3315 omnipotens
3199 3233 3413 3316 ipsum
3455 3233 3664 3297 voluit
3704 3234 3964 3296 confor-

2448 3333 2610 3395 mari
2657 3349 2672 3393 ε
2721 3332 2940 3415 sicque
2989 3331 3155 3394 Deus
3204 3331 3409 3394 voluit
3452 3351 3573 3406 reS,
3621 3349 3750 3395 non
3797 3350 3962 3413 quo-

2445 3432 2620 3494 niam
2651 3430 2854 3505 bonae,
2887 3431 2998 3493 sed
3029 3430 3181 3512 quia
3209 3430 3414 3493 voluit
3441 3449 3568 3504 eaS,
3593 3431 3738 3494 ideo
3766 3430 3960 3495 bonae

2449 3538 2614 3594 sunt.
2659 3530 2807 3603 Quae
2855 3548 3057 3611 quum
3107 3529 3194 3591 ita
3241 3548 3309 3592 se
3355 3528 3652 3603 habeant,
3705 3537 3964 3610 constat

2448 3629 2619 3712 quod
2660 3627 2824 3691 bona
2869 3635 3078 3690 creata
3115 3645 3242 3690 non
3287 3634 3436 3690 sunt
3477 3627 3963 3691 omniformiter

2449 3734 2513 3790 et
2577 3724 3059 3808 quomodolibet
3127 3725 3316 3800 bona,
3384 3725 3538 3807 quia
3602 3744 3682 3788 ex
3724 3725 3964 3791 ‘nihilo

2449 3834 2619 3898 sunt,
2670 3831 2733 3887 et
2788 3843 2866 3887 ex
2925 3841 2992 3886 se
3041 3822 3408 3886 laberentur
3465 3823 3532 3885 in
3590 3823 3777 3898 nihil,
3829 3825 3964 3888 nisi

2450 3923 2726 4003 desuper
2783 3928 3353 4000 conservarentur3
3401 3928 3678 4003 suntque
3737 3929 3966 4003 poten-

2451 4019 2725 4093 tialitati,
2787 4019 3260 4100 imperfectioni
3325 4027 3390 4082 et
3446 4019 3814 4100 indigentias
3881 4039 3964 4084 ae

2451 4115 2892 4199 dependentiae
2932 4115 3314 4179 multiformi
3359 4117 3692 4199 permixta.
3727 4118 3962 4190 Quem·

844 4219 1090 4301 optimo
1120 4217 1362 4280 invidia
1400 4215 1584 4297 longe
1629 4216 1903 4297 relegata
1948 4225 2044 4279 est
2078 4235 2091 4278 :
2126 4216 2342 4279 omnia
2371 4220 2422 4282 D
2451 4215 2793 4278 admodum
2833 4214 3027 4276 etiam
3065 4213 3180 4276 ubi
3217 4232 3442 4278 eorum
3482 4215 3794 4297 perfectio
3830 4224 3964 4278 ter-

844 4334 995 4397 ergo
1023 4314 1228 4379 voluit
1255 4312 1379 4376 sibi
1420 4313 1661 4376 similia
1699 4333 1861 4388 esse,
1896 4322 2085 4396 prout
2125 4314 2342 4376 unius-

844 4413 1161 4495 cujusque
1209 4418 1433 4473 natura
1483 4411 1727 4474 exstitit
1762 4431 1978 4493 capax.
2013 4413 2340 4486 Praeterea,

846 4529 1075 4594 puram
1107 4518 1173 4572 et
1202 4507 1524 4572 infinitam
1556 4529 1738 4572 suam
1782 4509 2132 4572 bonitatem
2177 4510 2343 4572 Deus

846 4607 1435 4692 incomparabiliter
1471 4608 1727 4690 plenius
1770 4616 1960 4689 atque
2002 4607 2346 4672 sublimius

844 4707 1192 4772 declaravit
1230 4706 1293 4768 in
1336 4706 1919 4769 communicatione
1960 4705 2069 4768 illa
2110 4714 2346 4769 aeterna

843 4807 922 4871 ad
982 4805 1170 4879 intra,
1228 4823 1357 4887 qua
1412 4804 1593 4867 Pater
1650 4811 1845 4867 totam
1904 4823 2033 4868 suae
2090 4803 2345 4866 deitatis

845 4903 1314 4990 plenitudinem
1378 4911 1441 4966 et
1508 4920 1732 4966 omnes
1800 4904 2058 4966 divitias
2125 4901 2345 4983 gloriae

843 5025 995 5080 suae,
1019 5023 1133 5088 per
1162 5004 1638 5085 generationem
1669 5002 2029 5066 aeternalem
2062 5020 2346 5064 commu·

842 5103 1085 5166 nicavit
1113 5109 1177 5165 et
1207 5101 1382 5164 dedit
1410 5100 1748 5182 Unigenito
1792 5119 1941 5179 suo;
1978 5100 2159 5162 Pater
2189 5101 2342 5163 item

842 5209 909 5264 et
947 5201 1145 5263 Filius
1186 5219 1299 5282 per
1336 5207 1637 5263 aeternam
1678 5199 2175 5281 processionem,
2210 5199 2345 5280 Spi-

846 5299 998 5362 ritui
1040 5299 1290 5362 Sancto.

2453 4313 2753 4387 minatur,
2813 4330 3034 4375 eorum
3105 4311 3507 4394 imperfectio
3572 4312 3958 4395 inchoatur3

2452 4413 2545 4474 sic
2577 4411 2688 4473 ubi
2719 4411 2968 4473 bonitas
3005 4428 3229 4474 eorum
3265 4409 3518 4486 finitur,
3549 4428 3774 4475 eorum
3821 4432 3961 4475 ma-

2455 4508 2586 4573 lum
2662 4508 2973 4591 privative
3043 4516 3154 4571 aut
3224 4510 3516 4591 negative
3585 4519 3958 4594 acceptum,

2453 4608 2738 4691 incipere
2784 4607 3156 4689 perhibetur
3195 4627 3268 4670 ac
3311 4608 3530 4670 scitur.

2533 4706 2626 4768 Ex
2675 4706 2774 4768 his
2823 4713 2996 4788 patet
3041 4704 3275 4769 solutio
3331 4705 3704 4789 quaestionis
3760 4727 3963 4791 quam

2457 4805 2520 4867 in
2563 4804 2728 4884 libro
2770 4805 2848 4867 de
2879 4802 3397 4867 Hebdomadibus
3429 4813 3644 4868 movet
3672 4806 3960 4883 Boetius,

2456 4904 2587 4966 imo
2635 4922 2828 4984 quam
2878 4902 2935 4965 S.
2978 4903 3273 4977 JoanneS,
3315 4903 3613 4967 Romanae
3653 4903 3964 4970 Ecclesiae

2452 5001 2780 5075 diaconuS‚
2843 5000 3252 5082 postmodum
3309 5000 3603 5064 Pontifex
3661 5021 3961 5066 summus

2452 5119 2525 5162 ac
2558 5106 2816 5182 martyr,
2850 5118 2886 5160 a
2914 5099 3131 5161 Boetio
3161 5098 3645 5163 sciscitabatur:
3680 5101 3964 5183 qualiter

2450 5198 2698 5261 scilicet
2725 5196 3095 5261 substantiae
3123 5205 3350 5261 creatae
3379 5197 3445 5261 in
3475 5216 3552 5261 eo
3577 5198 3750 5282 quod
3779 5208 3956 5276 sunt,

2453 5297 2636 5362 bonae
2684 5302 2854 5371 sunt,
2908 5315 3108 5378 quum
3154 5302 3372 5358 tamen
3430 5313 3559 5361 non
3616 5298 3748 5361 sint
3803 5299 3956 5363 sub—
