4300 6259
913 467 1032 532 334

1466 485 1544 532 DE
1585 483 1812 532 Lunum
1854 481 2237 530 cmusrlANAE
2278 479 2578 537 THEORHE,
2623 481 2799 529 mmm
2842 482 2884 528 1.
2930 502 3009 513 —
3052 477 3191 531 Aur.
3236 483 3471 532 LXXXIII

993 655 1604 731 Praeterea‚causalis
1633 654 1896 718 diffusio
1926 669 2175 715 summa
2206 651 2410 734 perfe-
2441 649 2491 714 A
2524 651 2792 732 hibens;
2832 653 2934 716 vel
2980 673 3057 718 ex
3106 661 3287 736 parte
3332 654 3610 739 alicujus
3656 652 3976 726 extrinseci,

913 755 1041 819 ctio
1071 762 1168 818 est
1200 772 1215 817 :
1241 775 1388 817 nam
1420 761 1491 816 ut
1521 761 1697 816 sexto
1727 751 2173 834 Metaphysicae
2202 757 2409 811 osten-

910 854 1004 915 dit
1049 852 1442 926 AristoteleS,
1497 870 1572 914 ea
1627 870 1768 932 quae
1825 867 2082 930 semper
2124 853 2407 920 causant,

911 951 1178 1014 meliora
1225 958 1375 1012 sunt
1421 950 1792 1031 frequenter
1845 945 2298 1024 causantibus;
2347 952 2412 1008 et

908 1048 1044 1112 haee
1091 1049 1354 1111 meliora
1395 1053 1546 1110 sunt
1589 1047 1688 1110 his
1738 1065 1880 1128 quae
1930 1062 2072 1107 raro
2119 1051 2404 1105 causant.

907 1147 1189 1210 Primum
1239 1153 1452 1208 autem
1500 1145 1817 1227 optimum
1868 1152 1966 1205 est
2016 1159 2030 1202 ε
2084 1141 2208 1223 ipsi
2259 1157 2409 1221 ergo

907 1245 1213 1327 competit
1254 1245 1646 1326 sempiterna
1689 1262 1902 1306 rerum
1948 1239 2251 1303 causatio.

985 1343 1232 1417 Adhuc,
1253 1343 1424 1425 quod
1455 1341 1837 1424 quandoque
1869 1346 2085 1402 causat
2114 1343 2179 1400 et
2212 1356 2408 1419 quan—

906 1445 1114 1526 doque
1177 1461 1304 1506 ηοη
1353 1449 1593 1514 causat,
1659 1459 1772 1502 seu
1835 1439 2002 1522 quod
2053 1436 2145 1500 sic
2192 1443 2410 1498 causat

907 1559 1080 1604 nunc
1108 1542 1280 1624 quod
1312 1559 1440 1604 non
1471 1547 1640 1614 ante,
1671 1547 1770 1601 est
1797 1537 2183 1620 quandoque
2215 1535 2281 1597 in
2310 1553 2409 1596 ac-

906 1648 998 1713 tu,
1023 1641 1327 1704 videlieet
1356 1640 1510 1702 dum
1553 1644 1792 1712 causat,
1825 1644 1890 1698 et
1928 1634 2311 1717 quandoque
2342 1633 2407 1694 in

908 1738 1212 1820 potentia,
1253 1745 1596 1819 antequam
1649 1735 1899 1798 scilicet
1945 1739 2179 1796 causat.
2230 1731 2404 1806 Quod

2522 750 2769 813 scilicet
2810 752 3036 833 optimi
3084 753 3415 835 temporis,
3461 762 3574 815 aut
3618 752 3753 833 ejus
3794 769 3979 814 coram

2524 865 2650 929 quo
2681 847 2796 911 fiat
2822 850 3006 912 actio.
3042 851 3208 912 Deus
3239 858 3453 914 autem
3496 851 3562 913 in
3601 850 3825 930 agendo
3856 868 3979 931 per-

2522 946 2728 1009 fectus
2787 955 2851 1010 et
2908 947 3291 1012 indeficiens
3350 958 3448 1012 est
3498 967 3513 1011 ε
3564 967 3691 1012 ηοη
3740 965 3869 1028 ergo
3906 966 3979 1008 ex

2524 1052 2701 1126 parte
2741 1046 2943 1128 ipsius
2984 1047 3111 1109 fuit
3152 1047 3392 1110 dilatio.
3426 1049 3689 1121 RursuS,
3719 1065 3789 1109 ex
3826 1053 3983 1128 parte

2523 1144 2829 1226 temporis
2862 1164 2988 1208 non
3020 1146 3145 1208 fuit
3174 1146 3416 1223 dilatio,
3431 1145 3535 1210 vel
3564 1145 3821 1227 alicujus
3844 1153 3984 1206 tune

2520 1250 2631 1305 aut
2678 1262 2849 1306 nunc
2900 1246 3291 1328 exspectatio
3344 1263 3357 1308 :
3409 1264 3604 1328 agens
3661 1245 3817 1308 enim
3864 1261 3981 1306 non

2523 1341 2833 1422 praeeligit
2863 1362 3065 1405 unum
3091 1343 3273 1406 alteri
3306 1343 3434 1407 nisi
3466 1344 3705 1407 ratione
3732 1342 3985 1406 eminen-

2520 1438 2625 1501 tiae
2654 1438 2794 1518 ejus
2826 1459 2953 1522 prae
2993 1440 3137 1504 alio.
3174 1441 3408 1504 Eorum
3458 1448 3670 1504 autem
3707 1459 3831 1522 quae
3862 1456 3985 1501 non

2521 1544 2693 1612 sunt,
2754 1556 2957 1601 unum
3014 1557 3141 1602 non
3201 1540 3578 1622 praeeminet
3632 1538 3835 1618 alteri;
3878 1538 3983 1599 sed

2518 1643 2665 1698 ante
2696 1637 3219 1700 constitutionem
3260 1639 3485 1700 mundi
3532 1637 3667 1701 sola
3698 1637 3987 1701 aeternitas

2520 1742 2655 1798 erat
2707 1751 2723 1798 ε
2776 1753 2903 1798 ηοη
2953 1754 3104 1817 ergo
3163 1737 3493 1818 praeelegit
3541 1737 3727 1808 DeuS,
3776 1737 3833 1798 in
3878 1735 3989 1797 hoc

906 1843 1120 1899 autem
1152 1836 1536 1918 quandoque
1567 1834 1634 1896 in
1664 1831 2229 1913 actu‚quandoque
2260 1848 2408 1892 vero
2442 1828 2491 1891 B
2522 1852 2693 1896 nunc
2745 1833 2956 1916 potius
3018 1853 3209 1916 quam
3272 1834 3339 1896 in
3401 1835 3529 1899 alio
3576 1834 3741 1916 quod
3786 1834 3990 1896 consti—

909 1937 972 1998 in
1021 1935 1308 2017 potentia
1353 1941 1470 2008 est,
1519 1933 1749 1996 melius
1792 1931 1986 1993 habet
2027 1949 2096 1993 se
2138 1929 2293 1991 dum
2340 1929 2405 1991 in

909 2041 1054 2096 actu
1085 2042 1203 2106 est,
1238 2051 1430 2115 quam
1461 2032 1616 2094 dum
1649 2031 1714 2092 in
1746 2029 2028 2112 potentia
2059 2035 2193 2090 est:
2228 2034 2405 2089 actus

911 2150 1191 2214 namque
1223 2139 1320 2193 est
1350 2129 1658 2213 perfectio
1687 2127 2010 2211 potentiae,
2035 2134 2098 2190 et
2126 2126 2407 2209 potentia

911 2239 1007 2293 est
1036 2237 1297 2312 propter
1323 2234 1557 2291 actum.
1593 2227 1876 2290 Primum
1906 2234 2120 2288 autem
2150 2242 2408 2306 semper

912 2329 978 2391 in
1008 2328 1250 2410 optima
1279 2326 1378 2389 sui
1410 2325 1829 2408 dispositione
1869 2322 2207 2386 subsistit:
2243 2341 2408 2385 sem-

911 2447 1027 2511 per
1056 2445 1206 2508 ergo
1250 2444 1462 2488 rerum
1495 2443 1684 2487 causa
1713 2430 1830 2498 est,
1863 2431 1927 2484 et
1962 2439 2086 2485 non
2129 2441 2302 2484 nune
2344 2429 2409 2484 et

912 2544 1040 2590 non
1087 2533 1252 2588 ante.
1296 2524 1425 2587 Nec
1474 2522 1723 2586 sufficit
1770 2522 1820 2584 si
1869 2522 2012 2604 quis
2062 2521 2233 2583 dieat
2278 2539 2405 2582 non

911 2625 1112 2688 fuisse
1157 2641 1328 2685 nunc
1376 2629 1441 2685 et
1489 2628 1658 2698 ante,
1703 2620 2078 2703 priusquam
2127 2619 2407 2681 mundus

911 2723 1116 2786 fieret.
1165 2723 1345 2786 Ratio
1386 2720 1560 2784 enim
1606 2719 1896 2802 inquirit,
1944 2719 2113 2800 quod
2160 2736 2287 2780 non
2326 2717 2409 2780 sit

913 2822 1191 2884 dandum
1236 2820 1731 2883 determinatum
1772 2824 2027 2898 tempus
2065 2817 2275 2879 exitus
2316 2815 2406 2877 di—

912 2922 1077 2984 vinae
1138 2919 1436 3003 potentiae
1501 2919 1566 2979 in
1633 2924 1848 2980 actum
1910 2915 2266 2978 creationis
2334 2915 2408 2976 Et

2518 1939 2700 1995 tuere
2748 1939 3012 2014 poterat,
3064 1933 3377 1995 mundum
3430 1934 3793 2016 producere.
3822 1933 3991 1994 —At

2519 2049 2691 2104 vem,
2710 2030 2812 2093 vel
2853 2031 2934 2093 ab
2973 2037 3210 2096 aeterno
3240 2032 3451 2114 potuit
3478 2039 3540 2095 et
3572 2031 3771 2094 voluit
3794 2049 3989 2094 creare

2520 2131 2864 2210 mundum3
2886 2138 2997 2191 aut
3031 2131 3258 2213 potuit,
3275 2131 3387 2193 sed
3414 2130 3774 2209 noluit3aut
3789 2130 3989 2202 voluit,

2519 2227 2628 2290 sed
2660 2246 2787 2291 non
2818 2229 3045 2310 potuit.
3080 2229 3145 2292 Si
3176 2230 3384 2312 potuit
3412 2238 3478 2292 et
3503 2229 3728 2300 voluit,
3757 2247 3894 2310 ergo
3916 2227 3991 2290 ab

2519 2334 2757 2389 aeterno
2801 2326 2971 2390 fecit.
3006 2327 3071 2390 Si
3112 2328 3344 2409 potuit,
3377 2328 3487 2390 sed
3532 2326 3757 2400 noluit,
3798 2333 3995 2408 postea

2520 2442 2671 2487 vero
2702 2425 3235 2504 voluit3mutatus
3265 2433 3364 2488 est
3390 2444 3427 2487 a
3456 2425 3627 2488 nolle
3656 2426 3724 2487 in
3742 2425 3912 2486 velle.
3931 2423 3991 2486 Si

2520 2523 2745 2597 voluit,
2794 2524 2904 2585 sed
2954 2542 3081 2587 non
3130 2523 3361 2607 potuit,
3404 2524 3726 2604 impotens
3770 2521 3899 2584 fuit.
3936 2522 3995 2585 Si

2520 2630 2734 2683 autem
2766 2621 2911 2704 quis
2954 2621 3335 2704 respondeat
3372 2622 3615 2694 dicem,
3645 2621 3743 2684 Ab
3782 2628 3997 2684 aeterno

2521 2720 2725 2783 voluit
2764 2728 2919 2783 ωηο
2958 2720 3168 2784 facere
3211 2722 3467 2803 quando
3509 2719 3687 2795 fecit,
3718 2727 3783 2783 et
3808 2737 3995 2802 neque

2519 2826 2667 2882 ante
2716 2837 2925 2901 neque
2975 2827 3139 2900 post,
3192 2827 3256 2882 et
3304 2819 3368 2881 in
3416 2818 3539 2882 hoc
3596 2818 3997 2882 immutabilis

2522 2918 2791 2997 mansit3
2824 2925 2979 2979 tunc
3021 2918 3231 2980 adhuc
3274 2917 3564 2999 sequitur
3604 2917 3775 3000 quod
3814 2916 4000 2980 voluit

912 3019 1009 3083 hae
1040 3019 1314 3081 rationes
1344 3017 1644 3079 videntur
1674 3014 1949 3077 movisse
1976 3013 2400 3076 Aristotelem.
2442 3018 2485 3083 C
2519 3035 2668 3079 eum
2713 3016 2924 3079 facere
2968 3023 3146 3090 tunc,
3178 3023 3245 3078 et
3287 3024 3505 3098 postea
3550 3015 3775 3089 noluit,
3817 3023 3877 3078 et
3915 3033 3999 3078 se·

992 3117 1113 3180 Sed
1181 3117 1246 3178 in
1314 3122 1537 3178 octavo
1591 3112 2007 3196 Physicorum
2063 3113 2273 3193 arguit
2328 3112 2405 3173 ad

911 3220 1078 3282 idem
1133 3234 1146 3278 :
1198 3215 1349 3298 quia
1394 3214 1449 3277 si
1500 3212 1779 3275 mundus
1828 3211 2193 3293 incepisset,
2242 3218 2410 3274 esset

911 3319 1062 3380 dare
1129 3321 1372 3376 motum
1444 3312 1724 3393 priorem
1790 3309 2000 3392 primo
2067 3315 2286 3388 motu3
2346 3316 2411 3371 et

911 3415 1079 3498 quod
1115 3415 1278 3476 Deus
1308 3411 1446 3474 sine
1479 3409 1830 3472 mutatione
1859 3408 1960 3470 sui
1999 3425 2125 3470 non
2167 3408 2407 3491 potuis·

912 3521 1009 3576 set
1057 3509 1434 3595 produxisse
1483 3507 1797 3570 mundum
1845 3505 1923 3568 de
1972 3523 2138 3568 novo
2191 3522 2203 3567 :
2259 3505 2409 3587 quia

911 3610 1081 3694 quod
1114 3627 1241 3671 non
1272 3625 1526 3688 semper
1553 3605 1704 3686 agit,
1741 3610 2030 3667 movetur
2062 3622 2177 3685 per
2206 3621 2274 3665 se
2304 3602 2407 3666 vel

913 3727 1027 3791 per
1073 3705 1392 3778 accidenS,
1442 3703 1636 3765 habet
1681 3701 1854 3764 enim
1905 3719 1973 3763 se
2029 3700 2215 3762 aliter
2261 3707 2408 3764 ante

912 3824 1104 3888 quam
1153 3811 1306 3865 tunc
1355 3800 1609 3883 quando
1655 3799 1823 3880 agit3
1867 3805 1978 3859 aut
2025 3815 2151 3860 non
2202 3804 2410 3880 potest

912 3901 1282 3986 responderi
1322 3918 1437 3962 cur
1477 3897 1688 3981 potius
1727 3897 1792 3958 in
1833 3896 1954 3960 hoc
1998 3915 2170 3958 nune
2216 3915 2407 3978 quam

913 4003 980 4065 in
1026 4001 1152 4063 alio
1209 3997 1456 4081 operari
1519 3995 1760 4079 placuit
1810 4011 1823 4056 :
1877 3994 2048 4056 idem
2106 3994 2281 4057 enim
2344 3995 2409 4056 in

912 4105 1221 4182 quantum
1259 4096 1451 4168 idem,
1484 4101 1702 4156 natum
1737 4099 1831 4154 est
1863 4091 2072 4154 facere
2104 4091 2275 4154 idem
2300 4109 2317 4171 ;
2348 4100 2413 4154 et

912 4218 949 4261 a
977 4215 1167 4260 causa
1195 4195 1421 4258 eodem
1459 4191 1650 4255 modo
1687 4210 1755 4253 se
1794 4189 2091 4264 habente,
2124 4191 2412 4272 procedit
2441 4189 2490 4251 D

913 4313 1169 4377 semper
1191 4293 1358 4356 idem
1389 4291 1657 4354 effectus
1687 4296 1995 4372 quantum
2019 4297 2117 4350 est
2134 4308 2212 4352 ex
2234 4297 2411 4371 parte

912 4393 1178 4476 agentis
1211 4426 1290 4437 —
1318 4391 1399 4452 At
1435 4406 1607 4463 vero,
1640 4387 1933 4450 voluntas
1972 4405 2100 4449 non
2139 4388 2414 4449 retardat

914 4512 1101 4556 suum
1136 4509 1297 4573 opus
1328 4489 1452 4552 nisi
1487 4488 1728 4550 ratione
1765 4485 2042 4566 alicujus
2082 4485 2250 4568 quod
2282 4503 2409 4549 non

913 4592 1094 4656 adest
1122 4589 1246 4653 sibi
1282 4605 1295 4650 :
1331 4588 1383 4650 si
1415 4587 1590 4650 enim
1622 4584 1838 4647 omnia
1865 4585 2098 4648 adsunt
2134 4584 2195 4645 ei
2236 4591 2409 4647 ante-

912 4709 1105 4774 quam
1144 4694 1465 4770 operetur,
1510 4703 1652 4766 quae
1696 4691 1850 4744 tunc
1888 4682 2121 4744 adsunt
2156 4683 2413 4764 quando

914 4795 1235 4871 operatur,
1288 4801 1541 4866 semper
1598 4780 2006 4843 uniformiter
2061 4788 2292 4861 ageret.
2346 4781 2409 4844 Si

913 4904 1064 4967 ergo
1122 4884 1398 4947 retardet
1452 4899 1640 4943 suum
1699 4897 1883 4962 opuS,
1935 4879 2056 4941 hoc
2111 4886 2209 4942 est
2262 4881 2413 4962 quia

913 4984 1085 5048 aliud
1145 4988 1469 5064 exspectat
1525 4979 1592 5041 in
1649 4978 1957 5040 futurum.
2010 4978 2138 5042 Hoc
2195 4986 2409 5040 autem

915 5089 1376 5164 exspectatum,
1435 5085 1535 5141 est
1591 5076 1694 5140 vel
1760 5094 1838 5138 ex
1907 5085 2083 5158 parte
2139 5077 2406 5158 agentiS,

913 5182 1067 5265 quia
1095 5177 1394 5244 videlieet
1424 5175 1710 5239 nondum
1740 5174 1918 5236 adest
1959 5175 2082 5237 sibi
2131 5175 2410 5258 perfecta

916 5281 1141 5353 virtuS,
1160 5284 1270 5340 aut
1297 5275 1450 5359 quia
1476 5275 1764 5338 nondum
1794 5279 2114 5337 remotum
2144 5282 2242 5337 est
2268 5291 2411 5358 pro-

2519 3115 2737 3198 quitur
2776 3115 2947 3196 quod
2991 3115 3189 3197 prius.
3215 3150 3292 3160 -
3323 3114 3651 3188 Praeterea,
3685 3115 3847 3178 idem
3888 3121 3997 3187 est,

2520 3232 2653 3276 rem
2705 3212 2849 3275 fieri
2902 3213 3030 3275 Deo
3078 3212 3333 3276 volente
3370 3220 3437 3274 et
3474 3213 3604 3276 Deo
3643 3220 3863 3294 agente
3908 3213 4001 3292 (ut

2517 3311 2909 3391 Augustinus
2939 3310 3093 3391 ait);
3126 3310 3238 3372 sed
3269 3311 3435 3373 Deus
3476 3328 3603 3373 non
3645 3309 3724 3372 fit
3768 3310 3997 3382 volem,

2520 3409 2699 3492 prius
2748 3409 2972 3471 nolens
3018 3425 3032 3469 :
3083 3425 3234 3489 ergo
3284 3427 3403 3471 nec
3450 3408 3531 3471 fit
3574 3427 3790 3489 agenS,
3834 3409 3998 3490 prius

2520 3525 2648 3570 non
2697 3525 2907 3588 agens,
2970 3505 3373 3589 Sempiterna
3421 3505 3615 3588 igitur
3662 3513 3759 3569 est
3798 3525 3999 3570 rerum

2522 3605 2976 3688 productio.-
3004 3605 3252 3678 Adhuc,
3293 3604 3551 3669 invidiae
3592 3613 3693 3668 est
3730 3605 3897 3668 nolle
3920 3604 4001 3667 al-

2518 3704 2638 3766 teri
2670 3703 2905 3766 donare
2937 3703 3105 3784 quod
3138 3702 3231 3764 illi
3264 3703 3545 3785 prodest,
3577 3711 3643 3766 et
3670 3703 3845 3766 danti
3884 3722 4001 3766 non

2519 3801 2719 3864 obest.
2772 3801 3055 3864 Primum
3115 3808 3330 3863 autem
3387 3801 3707 3882 optimum
3754 3809 3867 3864 est.
3917 3801 4000 3864 Ab

2519 3901 2763 3983 optimo
2812 3917 3001 3982 porro
3050 3899 3289 3962 invidia
3338 3899 3523 3981 longe
3574 3900 3852 3982 relegata
3894 3908 3997 3963 est.

2521 3999 2803 4062 Primum
2838 3998 3034 4079 igitur
3062 4015 3321 4080 semper
3360 4017 3430 4061 se
3471 3999 4000 4062 communicavit:

2521 4097 2613 4160 nil
2660 4097 2830 4160 enim
2876 4096 2975 4158 sui
3020 4097 3227 4158 dando
3269 4097 3497 4178 perdit.

2813 4356 3303 4422 ARTICULUS
3350 4356 3725 4423 LXXXIII.

2683 4499 2772 4560 Et
2827 4506 2919 4556 est
2977 4499 3360 4572 explanatio
3414 4507 3475 4558 et
3532 4501 3859 4575 responsio

3041 4589 3130 4646 ad
3155 4595 3497 4662 proetacta.

2653 4781 2997 4846 NIMVERO
3056 4781 3265 4864 prima
3323 4800 3516 4845 causa
3570 4789 3750 4846 actus
3816 4803 4010 4867 purus

2682 4887 2798 4953 est,
2852 4879 2918 4941 in
2975 4898 3102 4961 qua
3160 4897 3280 4941 nec
3330 4879 3595 4942 materia
3641 4881 4011 4956 terminum,

2520 4997 2730 5062 neque
2774 4978 3056 5061 potentia
3099 4976 3336 5040 finiens
3378 4996 3519 5040 esse
3561 4985 3816 5060 potest:
3851 4980 4014 5044 ideo-

2520 5097 2644 5161 que
2696 5094 2955 5160 prorsus
3006 5075 3262 5138 infinita
3308 5083 3423 5138 est.
3470 5077 4011 5150 Quemadmodum

2521 5177 2733 5258 itaque
2762 5174 2841 5238 ab
2873 5173 3129 5238 infinita
3158 5193 3348 5237 causa
3376 5182 3507 5237 tam
3538 5175 3603 5237 in
3642 5195 3785 5240 esse
3826 5196 4011 5260 quam

2520 5273 2915 5359 perfectione
2944 5279 3007 5336 et
3036 5273 3295 5348 virtute,
3330 5273 3616 5356 procedit
3654 5273 3891 5339 finitus
3932 5275 4012 5342 ef·
