<?xml version="1.0" encoding="UTF-8"?>
<!DOCTYPE html PUBLIC "-//W3C//DTD XHTML 1.0 Transitional//EN"
    "http://www.w3.org/TR/xhtml1/DTD/xhtml1-transitional.dtd">
<html xmlns="http://www.w3.org/1999/xhtml" xml:lang="en" lang="en">
 <head>
  <title>
</title>
<meta http-equiv="Content-Type" content="text/html;charset=utf-8" />
  <meta name='ocr-system' content='tesseract 3.04.00' />
  <meta name='ocr-capabilities' content='ocr_page ocr_carea ocr_par ocr_line ocrx_word'/>
</head>
<body>
  <div class='ocr_page' id='page_1' title='image "./doctorisecstati05unkngoog_0166.png"; bbox 0 0 4300 6259; ppageno 0'>
   <div class='ocr_carea' id='block_1_1' title="bbox 524 2351 788 2402">
    <p class='ocr_par' dir='ltr' id='par_1_1' title="bbox 524 2351 788 2402">
     <span class='ocr_line' id='line_1_1' title="bbox 524 2351 788 2402; baseline -0.011 -6"><span class='ocrx_word' id='word_1_1' title='bbox 524 2351 606 2396; x_wconf 70' lang='lat' dir='ltr'><strong>Pe.</strong></span> <span class='ocrx_word' id='word_1_2' title='bbox 626 2364 737 2402; x_wconf 79' lang='grc' dir='ltr'>ιοιιι,</span> <span class='ocrx_word' id='word_1_3' title='bbox 747 2353 788 2402; x_wconf 81' lang='lat'><strong>8,</strong></span> 
     </span>
    </p>
   </div>
   <div class='ocr_carea' id='block_1_2' title="bbox 822 488 946 553">
    <p class='ocr_par' dir='ltr' id='par_1_2' title="bbox 822 488 946 553">
     <span class='ocr_line' id='line_1_2' title="bbox 822 488 946 553; baseline 0.008 -1"><span class='ocrx_word' id='word_1_4' title='bbox 822 488 946 553; x_wconf 77' lang='lat'><strong>148</strong></span> 
     </span>
    </p>
   </div>
   <div class='ocr_carea' id='block_1_3' title="bbox 824 675 2405 760">
    <p class='ocr_par' dir='ltr' id='par_1_3' title="bbox 824 675 2405 760">
     <span class='ocr_line' id='line_1_3' title="bbox 824 675 2405 760; baseline 0 -21"><span class='ocrx_word' id='word_1_5' title='bbox 824 694 970 758; x_wconf 80' lang='lat' dir='ltr'><strong>quae</strong></span> <span class='ocrx_word' id='word_1_6' title='bbox 998 695 1327 760; x_wconf 91' lang='lat' dir='ltr'><strong>nunquam</strong></span> <span class='ocrx_word' id='word_1_7' title='bbox 1373 687 1583 754; x_wconf 88' lang='lat' dir='ltr'><strong>erunt,</strong></span> <span class='ocrx_word' id='word_1_8' title='bbox 1618 679 2033 760; x_wconf 77' lang='lat' dir='ltr'><strong>infinitasque</strong></span> <span class='ocrx_word' id='word_1_9' title='bbox 2072 676 2321 760; x_wconf 90' lang='lat' dir='ltr'><strong>species</strong></span> <span class='ocrx_word' id='word_1_10' title='bbox 2350 675 2405 740; x_wconf 79' lang='lat' dir='ltr'>A</span> 
     </span>
    </p>
   </div>
   <div class='ocr_carea' id='block_1_4' title="bbox 813 775 2325 1835">
    <p class='ocr_par' dir='ltr' id='par_1_4' title="bbox 813 775 2325 1835">
     <span class='ocr_line' id='line_1_4' title="bbox 824 775 2325 858; baseline 0 -22"><span class='ocrx_word' id='word_1_11' title='bbox 824 792 1265 851; x_wconf 88' lang='lat' dir='ltr'><strong>numerorum,</strong></span> <span class='ocrx_word' id='word_1_12' title='bbox 1283 784 1348 840; x_wconf 92' lang='lat' dir='ltr'><strong>et</strong></span> <span class='ocrx_word' id='word_1_13' title='bbox 1374 794 1633 842; x_wconf 92' lang='lat' dir='ltr'><strong>omnem</strong></span> <span class='ocrx_word' id='word_1_14' title='bbox 1663 777 2184 858; x_wconf 84' lang='lat' dir='ltr'><strong>contingentiam,</strong></span> <span class='ocrx_word' id='word_1_15' title='bbox 2205 775 2325 837; x_wconf 88' lang='lat' dir='ltr'><strong>cir-</strong></span> 
     </span>
     <span class='ocr_line' id='line_1_5' title="bbox 824 873 2320 958; baseline 0 -24"><span class='ocrx_word' id='word_1_16' title='bbox 824 873 1299 948; x_wconf 89' lang='lat' dir='ltr'><strong>cumstantiam,</strong></span> <span class='ocrx_word' id='word_1_17' title='bbox 1378 875 1889 958; x_wconf 82' lang='lat' dir='ltr'><strong>dispositionem,</strong></span> <span class='ocrx_word' id='word_1_18' title='bbox 1970 873 2320 935; x_wconf 88' lang='lat' dir='ltr'><strong>maneriem</strong></span> 
     </span>
     <span class='ocr_line' id='line_1_6' title="bbox 824 971 2324 1054; baseline 0.001 -22"><span class='ocrx_word' id='word_1_19' title='bbox 824 987 1069 1044; x_wconf 87' lang='lat' dir='ltr'><strong>rerum,</strong></span> <span class='ocrx_word' id='word_1_20' title='bbox 1092 971 1154 1033; x_wconf 90' lang='lat' dir='ltr'><strong>in</strong></span> <span class='ocrx_word' id='word_1_21' title='bbox 1185 991 1254 1034; x_wconf 90' lang='lat' dir='ltr'><strong>se</strong></span> <span class='ocrx_word' id='word_1_22' title='bbox 1286 973 1426 1054; x_wconf 87' lang='lat' dir='ltr'><strong>ipso</strong></span> <span class='ocrx_word' id='word_1_23' title='bbox 1456 973 1840 1036; x_wconf 84' lang='lat' dir='ltr'><strong>aeternaliter</strong></span> <span class='ocrx_word' id='word_1_24' title='bbox 1861 979 1924 1034; x_wconf 91' lang='lat' dir='ltr'><strong>et</strong></span> <span class='ocrx_word' id='word_1_25' title='bbox 1955 971 2138 1053; x_wconf 89' lang='lat' dir='ltr'><strong>quasi</strong></span> <span class='ocrx_word' id='word_1_26' title='bbox 2172 990 2324 1052; x_wconf 82' lang='lat' dir='ltr'><strong>prae-</strong></span> 
     </span>
     <span class='ocr_line' id='line_1_7' title="bbox 821 1067 2323 1153; baseline 0 -23"><span class='ocrx_word' id='word_1_27' title='bbox 821 1067 1199 1144; x_wconf 89' lang='lat' dir='ltr'><strong>sentialiter,</strong></span> <span class='ocrx_word' id='word_1_28' title='bbox 1216 1068 1723 1144; x_wconf 81' lang='lat' dir='ltr'><strong>distinctissime,</strong></span> <span class='ocrx_word' id='word_1_29' title='bbox 1744 1069 2210 1153; x_wconf 81' lang='lat' dir='ltr'><strong>perfectissime</strong></span> <span class='ocrx_word' id='word_1_30' title='bbox 2233 1068 2323 1131; x_wconf 87' lang='lat' dir='ltr'><strong>in·</strong></span> 
     </span>
     <span class='ocr_line' id='line_1_8' title="bbox 818 1164 2322 1249; baseline -0.001 -20"><span class='ocrx_word' id='word_1_31' title='bbox 818 1164 1305 1249; x_wconf 87' lang='lat' dir='ltr'><strong>fallibiliterque</strong></span> <span class='ocrx_word' id='word_1_32' title='bbox 1348 1167 1696 1249; x_wconf 85' lang='lat' dir='ltr'><strong>cognoscit,</strong></span> <span class='ocrx_word' id='word_1_33' title='bbox 1739 1167 2179 1249; x_wconf 90' lang='lat' dir='ltr'><strong>cognoscendo</strong></span> <span class='ocrx_word' id='word_1_34' title='bbox 2221 1165 2322 1228; x_wconf 91' lang='lat' dir='ltr'><strong>sui</strong></span> 
     </span>
     <span class='ocr_line' id='line_1_9' title="bbox 821 1261 2322 1348; baseline 0.001 -25"><span class='ocrx_word' id='word_1_35' title='bbox 821 1261 1027 1344; x_wconf 87' lang='lat' dir='ltr'><strong>ipsius</strong></span> <span class='ocrx_word' id='word_1_36' title='bbox 1082 1265 1451 1340; x_wconf 79' lang='lat' dir='ltr'><strong>essentiam,</strong></span> <span class='ocrx_word' id='word_1_37' title='bbox 1513 1265 1581 1328; x_wconf 94' lang='lat' dir='ltr'><strong>in</strong></span> <span class='ocrx_word' id='word_1_38' title='bbox 1638 1284 1765 1348; x_wconf 91' lang='lat' dir='ltr'><strong>qua</strong></span> <span class='ocrx_word' id='word_1_39' title='bbox 1832 1264 2050 1328; x_wconf 89' lang='lat' dir='ltr'><strong>omnia</strong></span> <span class='ocrx_word' id='word_1_40' title='bbox 2107 1262 2322 1326; x_wconf 91' lang='lat' dir='ltr'><strong>ideali-</strong></span> 
     </span>
     <span class='ocr_line' id='line_1_10' title="bbox 817 1361 2323 1444; baseline 0 -22"><span class='ocrx_word' id='word_1_41' title='bbox 817 1366 915 1422; x_wconf 86' lang='lat' dir='ltr'><strong>ter</strong></span> <span class='ocrx_word' id='word_1_42' title='bbox 962 1367 1028 1423; x_wconf 92' lang='lat' dir='ltr'><strong>et</strong></span> <span class='ocrx_word' id='word_1_43' title='bbox 1071 1361 1526 1443; x_wconf 80' lang='lat' dir='ltr'><strong>exemplariter</strong></span> <span class='ocrx_word' id='word_1_44' title='bbox 1573 1363 1953 1444; x_wconf 86' lang='lat' dir='ltr'><strong>splendent3</strong></span> <span class='ocrx_word' id='word_1_45' title='bbox 1994 1361 2323 1443; x_wconf 86' lang='lat' dir='ltr'><strong>propriam</strong></span> 
     </span>
     <span class='ocr_line' id='line_1_11' title="bbox 818 1457 2323 1541; baseline 0.001 -23"><span class='ocrx_word' id='word_1_46' title='bbox 818 1474 1075 1539; x_wconf 90' lang='lat' dir='ltr'><strong>quoque</strong></span> <span class='ocrx_word' id='word_1_47' title='bbox 1102 1459 1661 1541; x_wconf 86' lang='lat' dir='ltr'><strong>omnipotentiam,</strong></span> <span class='ocrx_word' id='word_1_48' title='bbox 1687 1459 1751 1520; x_wconf 92' lang='lat' dir='ltr'><strong>in</strong></span> <span class='ocrx_word' id='word_1_49' title='bbox 1783 1478 1909 1540; x_wconf 92' lang='lat' dir='ltr'><strong>qua</strong></span> <span class='ocrx_word' id='word_1_50' title='bbox 1939 1467 2170 1520; x_wconf 87' lang='lat' dir='ltr'><strong>cuncta</strong></span> <span class='ocrx_word' id='word_1_51' title='bbox 2197 1457 2323 1520; x_wconf 90' lang='lat' dir='ltr'><strong>vir-</strong></span> 
     </span>
     <span class='ocr_line' id='line_1_12' title="bbox 816 1554 2324 1639; baseline -0.001 -21"><span class='ocrx_word' id='word_1_52' title='bbox 816 1554 1075 1618; x_wconf 89' lang='lat' dir='ltr'><strong>tualiter</strong></span> <span class='ocrx_word' id='word_1_53' title='bbox 1122 1557 1557 1632; x_wconf 86' lang='lat' dir='ltr'><strong>continentur,</strong></span> <span class='ocrx_word' id='word_1_54' title='bbox 1608 1565 1800 1639; x_wconf 89' lang='lat' dir='ltr'><strong>atque</strong></span> <span class='ocrx_word' id='word_1_55' title='bbox 1825 1575 1877 1620; x_wconf 91' lang='lat' dir='ltr'><strong>-a</strong></span> <span class='ocrx_word' id='word_1_56' title='bbox 1915 1574 2042 1638; x_wconf 89' lang='lat' dir='ltr'><strong>qua</strong></span> <span class='ocrx_word' id='word_1_57' title='bbox 2089 1554 2324 1619; x_wconf 91' lang='lat' dir='ltr'><strong>indesi-</strong></span> 
     </span>
     <span class='ocr_line' id='line_1_13' title="bbox 816 1654 2322 1736; baseline 0.001 -22"><span class='ocrx_word' id='word_1_58' title='bbox 816 1659 1045 1716; x_wconf 89' lang='lat' dir='ltr'><strong>nenter</strong></span> <span class='ocrx_word' id='word_1_59' title='bbox 1072 1654 1437 1736; x_wconf 91' lang='lat' dir='ltr'><strong>dependent</strong></span> <span class='ocrx_word' id='word_1_60' title='bbox 1466 1661 1530 1717; x_wconf 92' lang='lat' dir='ltr'><strong>et</strong></span> <span class='ocrx_word' id='word_1_61' title='bbox 1561 1662 2060 1732; x_wconf 84' lang='lat' dir='ltr'><strong>conservantur3</strong></span> <span class='ocrx_word' id='word_1_62' title='bbox 2091 1670 2322 1734; x_wconf 91' lang='lat' dir='ltr'><strong>cogno-</strong></span> 
     </span>
     <span class='ocr_line' id='line_1_14' title="bbox 813 1751 2322 1835; baseline -0.001 -21"><span class='ocrx_word' id='word_1_63' title='bbox 813 1751 1053 1814; x_wconf 84' lang='lat' dir='ltr'><strong>scendo</strong></span> <span class='ocrx_word' id='word_1_64' title='bbox 1080 1751 1273 1814; x_wconf 85' lang='lat' dir='ltr'><strong>etiam</strong></span> <span class='ocrx_word' id='word_1_65' title='bbox 1307 1753 1629 1835; x_wconf 88' lang='lat' dir='ltr'><strong>propriam</strong></span> <span class='ocrx_word' id='word_1_66' title='bbox 1659 1751 2035 1834; x_wconf 89' lang='lat' dir='ltr'><strong>sapientiam</strong></span> <span class='ocrx_word' id='word_1_67' title='bbox 2068 1769 2322 1834; x_wconf 88' lang='lat' dir='ltr'><strong>prorsus</strong></span> 
     </span>
    </p>
   </div>
   <div class='ocr_carea' id='block_1_5' title="bbox 1492 505 3263 558">
    <p class='ocr_par' dir='ltr' id='par_1_5' title="bbox 1492 505 3263 558">
     <span class='ocr_line' id='line_1_15' title="bbox 1492 505 3263 558; baseline 0.001 -1"><span class='ocrx_word' id='word_1_68' title='bbox 1492 510 1916 558; x_wconf 58' lang='lat' dir='ltr'><strong>ausimano</strong></span> <span class='ocrx_word' id='word_1_69' title='bbox 1954 505 2352 556; x_wconf 68' lang='lat' dir='ltr'><strong>Tnnonocch.</strong></span> <span class='ocrx_word' id='word_1_70' title='bbox 2397 524 2478 538; x_wconf 88' lang='lat'><strong>-··</strong></span> <span class='ocrx_word' id='word_1_71' title='bbox 2519 506 2600 554; x_wconf 75' lang='lat' dir='ltr'><strong>DE</strong></span> <span class='ocrx_word' id='word_1_72' title='bbox 2641 509 2760 556; x_wconf 76' lang='grc' dir='ltr'><strong>ΠΕΟ</strong></span> <span class='ocrx_word' id='word_1_73' title='bbox 2801 509 2922 557; x_wconf 77' lang='lat' dir='ltr'><strong>UNO</strong></span> <span class='ocrx_word' id='word_1_74' title='bbox 2962 509 3039 555; x_wconf 77' lang='lat' dir='ltr'><strong>m·</strong></span> <span class='ocrx_word' id='word_1_75' title='bbox 3075 509 3263 558; x_wconf 75' lang='lat' dir='ltr'><strong>‘mmo</strong></span> 
     </span>
    </p>
   </div>
   <div class='ocr_carea' id='block_1_6' title="bbox 2777 680 3586 748">
    <p class='ocr_par' dir='ltr' id='par_1_6' title="bbox 2777 680 3586 748">
     <span class='ocr_line' id='line_1_16' title="bbox 2777 680 3586 748; baseline 0.005 -4"><span class='ocrx_word' id='word_1_76' title='bbox 2777 680 3298 748; x_wconf 89' lang='lat' dir='ltr'>PROPOSITIO</span> <span class='ocrx_word' id='word_1_77' title='bbox 3338 682 3586 748; x_wconf 86' lang='lat' dir='ltr'>XLIX.</span> 
     </span>
    </p>
   </div>
   <div class='ocr_carea' id='block_1_7' title="bbox 2433 874 3944 1152">
    <p class='ocr_par' dir='ltr' id='par_1_7' title="bbox 2433 874 3944 1152">
     <span class='ocr_line' id='line_1_17' title="bbox 2513 874 3942 956; baseline 0.001 -17"><span class='ocrx_word' id='word_1_78' title='bbox 2513 874 2805 955; x_wconf 79' lang='lat' dir='ltr'><strong>Prima,</strong></span> <span class='ocrx_word' id='word_1_79' title='bbox 2848 874 3322 956; x_wconf 73' lang='lat' dir='ltr'><strong>principalis</strong></span> <span class='ocrx_word' id='word_1_80' title='bbox 3359 874 3942 955; x_wconf 75' lang='lat' dir='ltr'><strong>orig-imusque</strong></span> 
     </span>
     <span class='ocr_line' id='line_1_18' title="bbox 2433 969 3942 1053; baseline 0.001 -16"><span class='ocrx_word' id='word_1_81' title='bbox 2433 985 2668 1038; x_wconf 76' lang='lat' dir='ltr'><strong>causa</strong></span> <span class='ocrx_word' id='word_1_82' title='bbox 2727 987 2871 1038; x_wconf 82' lang='lat' dir='ltr'><strong>seu</strong></span> <span class='ocrx_word' id='word_1_83' title='bbox 2925 973 3137 1039; x_wconf 80' lang='lat' dir='ltr'><strong>ratio</strong></span> <span class='ocrx_word' id='word_1_84' title='bbox 3205 969 3942 1053; x_wconf 67' lang='lat' dir='ltr'><strong>praedamnationis</strong></span> 
     </span>
     <span class='ocr_line' id='line_1_19' title="bbox 2433 1070 3944 1152; baseline 0.001 -18"><span class='ocrx_word' id='word_1_85' title='bbox 2433 1070 2892 1152; x_wconf 83' lang='lat' dir='ltr'><strong>electorum,</strong></span> <span class='ocrx_word' id='word_1_86' title='bbox 2936 1085 3035 1137; x_wconf 87' lang='lat' dir='ltr'><strong>ex</strong></span> <span class='ocrx_word' id='word_1_87' title='bbox 3085 1071 3312 1151; x_wconf 83' lang='lat' dir='ltr'><strong>parte</strong></span> <span class='ocrx_word' id='word_1_88' title='bbox 3359 1071 3506 1136; x_wconf 78' lang='lat' dir='ltr'><strong>Dei</strong></span> <span class='ocrx_word' id='word_1_89' title='bbox 3547 1070 3944 1136; x_wconf 82' lang='lat' dir='ltr'><strong>sumenda</strong></span> 
     </span>
    </p>
   </div>
   <div class='ocr_carea' id='block_1_8' title="bbox 2431 1169 3942 1834">
    <p class='ocr_par' dir='ltr' id='par_1_8' title="bbox 2432 1169 2577 1237">
     <span class='ocr_line' id='line_1_20' title="bbox 2432 1169 2577 1237; baseline 0.028 -4"><span class='ocrx_word' id='word_1_90' title='bbox 2432 1169 2577 1237; x_wconf 83' lang='lat' dir='ltr'><strong>est.</strong></span> 
     </span>
    </p>

    <p class='ocr_par' dir='ltr' id='par_1_9' title="bbox 2431 1263 3942 1834">
     <span class='ocr_line' id='line_1_21' title="bbox 2511 1263 3940 1346; baseline 0 -20"><span class='ocrx_word' id='word_1_91' title='bbox 2511 1263 2688 1338; x_wconf 87' lang='lat' dir='ltr'><strong>Quod</strong></span> <span class='ocrx_word' id='word_1_92' title='bbox 2737 1271 2854 1338; x_wconf 86' lang='lat' dir='ltr'><strong>est,</strong></span> <span class='ocrx_word' id='word_1_93' title='bbox 2907 1264 3058 1346; x_wconf 92' lang='lat' dir='ltr'><strong>quia</strong></span> <span class='ocrx_word' id='word_1_94' title='bbox 3108 1283 3227 1329; x_wconf 92' lang='lat' dir='ltr'><strong>nec</strong></span> <span class='ocrx_word' id='word_1_95' title='bbox 3275 1265 3630 1328; x_wconf 89' lang='lat' dir='ltr'><strong>electorum</strong></span> <span class='ocrx_word' id='word_1_96' title='bbox 3681 1265 3940 1338; x_wconf 87' lang='lat' dir='ltr'><strong>merita,</strong></span> 
     </span>
     <span class='ocr_line' id='line_1_22' title="bbox 2433 1362 3942 1444; baseline 0 -20"><span class='ocrx_word' id='word_1_97' title='bbox 2433 1379 2552 1424; x_wconf 92' lang='lat' dir='ltr'><strong>nec</strong></span> <span class='ocrx_word' id='word_1_98' title='bbox 2598 1362 2999 1444; x_wconf 84' lang='lat' dir='ltr'><strong>praescientia</strong></span> <span class='ocrx_word' id='word_1_99' title='bbox 3046 1363 3422 1427; x_wconf 91' lang='lat' dir='ltr'><strong>meritorum</strong></span> <span class='ocrx_word' id='word_1_100' title='bbox 3466 1362 3752 1437; x_wconf 89' lang='lat' dir='ltr'><strong>illorum,</strong></span> <span class='ocrx_word' id='word_1_101' title='bbox 3785 1371 3942 1426; x_wconf 88' lang='lat' dir='ltr'><strong>sunt</strong></span> 
     </span>
     <span class='ocr_line' id='line_1_23' title="bbox 2435 1459 3941 1540; baseline 0.001 -20"><span class='ocrx_word' id='word_1_102' title='bbox 2435 1459 3008 1540; x_wconf 80' lang='lat' dir='ltr'><strong>praedestinationis</strong></span> <span class='ocrx_word' id='word_1_103' title='bbox 3049 1477 3240 1522; x_wconf 89' lang='lat' dir='ltr'><strong>causa</strong></span> <span class='ocrx_word' id='word_1_104' title='bbox 3274 1467 3384 1522; x_wconf 90' lang='lat' dir='ltr'><strong>aut</strong></span> <span class='ocrx_word' id='word_1_105' title='bbox 3421 1459 3606 1534; x_wconf 89' lang='lat' dir='ltr'><strong>ratio,</strong></span> <span class='ocrx_word' id='word_1_106' title='bbox 3638 1460 3751 1522; x_wconf 90' lang='lat' dir='ltr'><strong>sed</strong></span> <span class='ocrx_word' id='word_1_107' title='bbox 3791 1477 3941 1540; x_wconf 85' lang='lat' dir='ltr'><strong>gra-</strong></span> 
     </span>
     <span class='ocr_line' id='line_1_24' title="bbox 2431 1556 3938 1639; baseline 0.001 -21"><span class='ocrx_word' id='word_1_108' title='bbox 2431 1557 2542 1630; x_wconf 91' lang='lat' dir='ltr'><strong>tia,</strong></span> <span class='ocrx_word' id='word_1_109' title='bbox 2574 1557 2638 1619; x_wconf 94' lang='lat' dir='ltr'><strong>id</strong></span> <span class='ocrx_word' id='word_1_110' title='bbox 2668 1564 2765 1619; x_wconf 90' lang='lat' dir='ltr'><strong>est</strong></span> <span class='ocrx_word' id='word_1_111' title='bbox 2789 1556 3065 1638; x_wconf 91' lang='lat' dir='ltr'><strong>gratuita</strong></span> <span class='ocrx_word' id='word_1_112' title='bbox 3100 1556 3352 1619; x_wconf 86' lang='lat' dir='ltr'><strong>bonitas</strong></span> <span class='ocrx_word' id='word_1_113' title='bbox 3389 1574 3464 1618; x_wconf 90' lang='lat' dir='ltr'><strong>ac</strong></span> <span class='ocrx_word' id='word_1_114' title='bbox 3506 1574 3682 1620; x_wconf 90' lang='lat' dir='ltr'><strong>mera</strong></span> <span class='ocrx_word' id='word_1_115' title='bbox 3727 1556 3938 1639; x_wconf 82' lang='lat' dir='ltr'><strong>pietas</strong></span> 
     </span>
     <span class='ocr_line' id='line_1_25' title="bbox 2432 1653 3936 1736; baseline 0.001 -20"><span class='ocrx_word' id='word_1_116' title='bbox 2432 1672 2545 1717; x_wconf 91' lang='lat' dir='ltr'><strong>seu</strong></span> <span class='ocrx_word' id='word_1_117' title='bbox 2577 1654 2681 1736; x_wconf 89' lang='lat' dir='ltr'><strong>pia</strong></span> <span class='ocrx_word' id='word_1_118' title='bbox 2707 1653 3003 1717; x_wconf 87' lang='lat' dir='ltr'><strong>voluntas</strong></span> <span class='ocrx_word' id='word_1_119' title='bbox 3031 1653 3166 1728; x_wconf 92' lang='lat' dir='ltr'><strong>Dei,</strong></span> <span class='ocrx_word' id='word_1_120' title='bbox 3188 1662 3258 1716; x_wconf 94' lang='lat' dir='ltr'><strong>ut</strong></span> <span class='ocrx_word' id='word_1_121' title='bbox 3285 1655 3365 1716; x_wconf 89' lang='lat' dir='ltr'><strong>ad</strong></span> <span class='ocrx_word' id='word_1_122' title='bbox 3393 1654 3711 1718; x_wconf 85' lang='lat' dir='ltr'><strong>Romanos</strong></span> <span class='ocrx_word' id='word_1_123' title='bbox 3736 1662 3936 1736; x_wconf 88' lang='lat' dir='ltr'><strong>atque</strong></span> 
     </span>
     <span class='ocr_line' id='line_1_26' title="bbox 2433 1752 3938 1834; baseline 0.001 -20"><span class='ocrx_word' id='word_1_124' title='bbox 2433 1752 2739 1834; x_wconf 86' lang='lat' dir='ltr'><strong>Ephesios</strong></span> <span class='ocrx_word' id='word_1_125' title='bbox 2777 1753 2962 1815; x_wconf 89' lang='lat' dir='ltr'><strong>docet</strong></span> <span class='ocrx_word' id='word_1_126' title='bbox 2988 1752 3348 1834; x_wconf 72' lang='lat' dir='ltr'><strong>Apostolus</strong></span> <span class='ocrx_word' id='word_1_127' title='bbox 3383 1753 3521 1817; x_wconf 90' lang='lat' dir='ltr'><strong>Non</strong></span> <span class='ocrx_word' id='word_1_128' title='bbox 3556 1753 3733 1816; x_wconf 90' lang='lat' dir='ltr'><strong>enim</strong></span> <span class='ocrx_word' id='word_1_129' title='bbox 3772 1761 3938 1816; x_wconf 86' lang='lat' dir='ltr'><strong>tem-</strong></span> 
     </span>
    </p>
   </div>
   <div class='ocr_carea' id='block_1_9' title="bbox 3963 1673 4240 1848">
    <p class='ocr_par' dir='ltr' id='par_1_10' title="bbox 3963 1673 4240 1848">
     <span class='ocr_line' id='line_1_27' title="bbox 3977 1673 4236 1722; baseline 0 -4"><span class='ocrx_word' id='word_1_130' title='bbox 3977 1673 4108 1718; x_wconf 67' lang='lat' dir='ltr'><strong>Rom.</strong></span> <span class='ocrx_word' id='word_1_131' title='bbox 4127 1688 4180 1722; x_wconf 73' lang='lat' dir='ltr'><strong>tx,</strong></span> <span class='ocrx_word' id='word_1_132' title='bbox 4199 1679 4236 1718; x_wconf 71' lang='lat' dir='ltr'><strong>it</strong></span> 
     </span>
     <span class='ocr_line' id='line_1_28' title="bbox 3963 1735 4240 1792; baseline 0 -14"><span class='ocrx_word' id='word_1_133' title='bbox 3963 1739 4076 1788; x_wconf 51' lang='lat' dir='ltr'><strong>eta:</strong></span> <span class='ocrx_word' id='word_1_134' title='bbox 4091 1735 4240 1792; x_wconf 63' lang='grc' dir='ltr'><strong>Ερὲα.</strong></span> 
     </span>
     <span class='ocr_line' id='line_1_29' title="bbox 3964 1801 4240 1848; baseline 0.007 -8"><span class='ocrx_word' id='word_1_135' title='bbox 3964 1812 3996 1846; x_wconf 76' lang='grc' dir='ltr'><strong>ι,</strong></span> <span class='ocrx_word' id='word_1_136' title='bbox 4021 1801 4050 1842; x_wconf 67' lang='grc'><strong>4</strong></span> <span class='ocrx_word' id='word_1_137' title='bbox 4073 1804 4119 1842; x_wconf 74' lang='lat' dir='ltr'><strong>et</strong></span> <span class='ocrx_word' id='word_1_138' title='bbox 4139 1814 4240 1848; x_wconf 50' lang='lat' dir='ltr'><strong>sau.</strong></span> 
     </span>
    </p>
   </div>
   <div class='ocr_carea' id='block_1_10' title="bbox 815 1845 4112 1931">
    <p class='ocr_par' dir='ltr' id='par_1_11' title="bbox 815 1845 4112 1931">
     <span class='ocr_line' id='line_1_30' title="bbox 815 1845 4112 1931; baseline 0.001 -21"><span class='ocrx_word' id='word_1_139' title='bbox 815 1846 1222 1924; x_wconf 88' lang='lat' dir='ltr'><strong>immensam,</strong></span> <span class='ocrx_word' id='word_1_140' title='bbox 1252 1868 1291 1913; x_wconf 91' lang='lat' dir='ltr'><strong>a</strong></span> <span class='ocrx_word' id='word_1_141' title='bbox 1321 1868 1446 1931; x_wconf 90' lang='lat' dir='ltr'><strong>qua</strong></span> <span class='ocrx_word' id='word_1_142' title='bbox 1484 1857 1655 1914; x_wconf 91' lang='lat' dir='ltr'><strong>totus</strong></span> <span class='ocrx_word' id='word_1_143' title='bbox 1695 1849 1942 1912; x_wconf 87' lang='lat' dir='ltr'><strong>entium</strong></span> <span class='ocrx_word' id='word_1_144' title='bbox 1982 1849 2160 1922; x_wconf 90' lang='lat' dir='ltr'><strong>ordo,</strong></span> <span class='ocrx_word' id='word_1_145' title='bbox 2191 1856 2322 1911; x_wconf 88' lang='lat' dir='ltr'><strong>tota</strong></span> <span class='ocrx_word' id='word_1_146' title='bbox 2357 1855 2402 1918; x_wconf 92' lang='grc' dir='ltr'>Β</span> <span class='ocrx_word' id='word_1_147' title='bbox 2435 1848 2650 1930; x_wconf 90' lang='lat' dir='ltr'><strong>porale</strong></span> <span class='ocrx_word' id='word_1_148' title='bbox 2678 1850 2833 1931; x_wconf 93' lang='lat' dir='ltr'><strong>quid</strong></span> <span class='ocrx_word' id='word_1_149' title='bbox 2863 1856 2972 1911; x_wconf 88' lang='lat' dir='ltr'><strong>aut</strong></span> <span class='ocrx_word' id='word_1_150' title='bbox 2999 1845 3286 1931; x_wconf 87' lang='lat' dir='ltr'><strong>operatio</strong></span> <span class='ocrx_word' id='word_1_151' title='bbox 3315 1857 3642 1924; x_wconf 80' lang='lat' dir='ltr'><strong>creaturae,</strong></span> <span class='ocrx_word' id='word_1_152' title='bbox 3659 1858 3757 1915; x_wconf 90' lang='lat' dir='ltr'><strong>est</strong></span> <span class='ocrx_word' id='word_1_153' title='bbox 3785 1869 3940 1913; x_wconf 88' lang='lat' dir='ltr'><strong>cau-</strong></span> <span class='ocrx_word' id='word_1_154' title='bbox 3965 1864 4112 1906; x_wconf 65' lang='lat' dir='ltr'><strong>nt·-</strong></span> 
     </span>
    </p>
   </div>
   <div class='ocr_carea' id='block_1_11' title="bbox 809 1946 2324 4192">
    <p class='ocr_par' dir='ltr' id='par_1_12' title="bbox 811 1946 2324 3090">
     <span class='ocr_line' id='line_1_31' title="bbox 812 1946 2324 2026; baseline 0 -18"><span class='ocrx_word' id='word_1_155' title='bbox 812 1963 1031 2009; x_wconf 87' lang='lat' dir='ltr'><strong>rerum</strong></span> <span class='ocrx_word' id='word_1_156' title='bbox 1070 1947 1424 2021; x_wconf 89' lang='lat' dir='ltr'><strong>distinctio,</strong></span> <span class='ocrx_word' id='word_1_157' title='bbox 1458 1949 1759 2011; x_wconf 87' lang='lat' dir='ltr'><strong>universa</strong></span> <span class='ocrx_word' id='word_1_158' title='bbox 1801 1949 2064 2011; x_wconf 91' lang='lat' dir='ltr'><strong>demum</strong></span> <span class='ocrx_word' id='word_1_159' title='bbox 2109 1946 2324 2026; x_wconf 84' lang='lat' dir='ltr'><strong>cogni-</strong></span> 
     </span>
     <span class='ocr_line' id='line_1_32' title="bbox 812 2044 2319 2128; baseline 0.001 -22"><span class='ocrx_word' id='word_1_160' title='bbox 812 2044 905 2128; x_wconf 80' lang='lat' dir='ltr'><strong>tio</strong></span> <span class='ocrx_word' id='word_1_161' title='bbox 950 2052 1018 2107; x_wconf 88' lang='lat' dir='ltr'><strong>ct</strong></span> <span class='ocrx_word' id='word_1_162' title='bbox 1071 2044 1280 2108; x_wconf 91' lang='lat' dir='ltr'><strong>omnis</strong></span> <span class='ocrx_word' id='word_1_163' title='bbox 1325 2047 1756 2127; x_wconf 87' lang='lat' dir='ltr'><strong>potentiarum</strong></span> <span class='ocrx_word' id='word_1_164' title='bbox 1801 2065 1875 2108; x_wconf 93' lang='lat' dir='ltr'><strong>ac</strong></span> <span class='ocrx_word' id='word_1_165' title='bbox 1921 2045 2319 2126; x_wconf 87' lang='lat' dir='ltr'><strong>objectorum</strong></span> 
     </span>
     <span class='ocr_line' id='line_1_33' title="bbox 814 2144 2324 2227; baseline -0.001 -19"><span class='ocrx_word' id='word_1_166' title='bbox 814 2144 1203 2208; x_wconf 88' lang='lat' dir='ltr'><strong>cohabitudo</strong></span> <span class='ocrx_word' id='word_1_167' title='bbox 1230 2144 1557 2209; x_wconf 83' lang='lat' dir='ltr'><strong>fontaliter</strong></span> <span class='ocrx_word' id='word_1_168' title='bbox 1583 2164 1658 2209; x_wconf 87' lang='lat' dir='ltr'><strong>ac</strong></span> <span class='ocrx_word' id='word_1_169' title='bbox 1687 2144 2155 2227; x_wconf 88' lang='lat' dir='ltr'><strong>sapientissime</strong></span> <span class='ocrx_word' id='word_1_170' title='bbox 2186 2161 2324 2226; x_wconf 87' lang='lat' dir='ltr'><strong>pro-</strong></span> 
     </span>
     <span class='ocr_line' id='line_1_34' title="bbox 815 2241 2315 2316; baseline 0 -12"><span class='ocrx_word' id='word_1_171' title='bbox 815 2241 1169 2316; x_wconf 83' lang='lat' dir='ltr'><strong>fluxerunt,</strong></span> <span class='ocrx_word' id='word_1_172' title='bbox 1205 2243 1497 2307; x_wconf 91' lang='lat' dir='ltr'><strong>instituta</strong></span> <span class='ocrx_word' id='word_1_173' title='bbox 1526 2253 1676 2306; x_wconf 91' lang='lat' dir='ltr'><strong>sunt</strong></span> <span class='ocrx_word' id='word_1_174' title='bbox 1705 2251 1769 2306; x_wconf 93' lang='lat' dir='ltr'><strong>et</strong></span> <span class='ocrx_word' id='word_1_175' title='bbox 1800 2249 2315 2305; x_wconf 84' lang='lat' dir='ltr'><strong>manutenentur.</strong></span> 
     </span>
     <span class='ocr_line' id='line_1_35' title="bbox 816 2340 2320 2423; baseline 0 -19"><span class='ocrx_word' id='word_1_176' title='bbox 816 2341 964 2404; x_wconf 92' lang='lat' dir='ltr'><strong>Ideo</strong></span> <span class='ocrx_word' id='word_1_177' title='bbox 1001 2340 1092 2403; x_wconf 96' lang='lat' dir='ltr'><strong>ait</strong></span> <span class='ocrx_word' id='word_1_178' title='bbox 1128 2341 1456 2423; x_wconf 89' lang='lat' dir='ltr'><strong>Scriptura</strong></span> <span class='ocrx_word' id='word_1_179' title='bbox 1488 2359 1503 2404; x_wconf 89' lang='lat'><strong>:</strong></span> <span class='ocrx_word' id='word_1_180' title='bbox 1536 2342 1900 2423; x_wconf 87' lang='lat' dir='ltr'><strong>Intelligite,</strong></span> <span class='ocrx_word' id='word_1_181' title='bbox 1943 2341 2320 2423; x_wconf 89' lang='lat' dir='ltr'><strong>insipientes</strong></span> 
     </span>
     <span class='ocr_line' id='line_1_36' title="bbox 816 2437 2320 2522; baseline -0.003 -17"><span class='ocrx_word' id='word_1_182' title='bbox 816 2437 885 2506; x_wconf 93' lang='lat' dir='ltr'><strong>in</strong></span> <span class='ocrx_word' id='word_1_183' title='bbox 916 2438 1199 2520; x_wconf 90' lang='lat' dir='ltr'><strong>populo;</strong></span> <span class='ocrx_word' id='word_1_184' title='bbox 1229 2447 1294 2502; x_wconf 90' lang='lat' dir='ltr'><strong>et</strong></span> <span class='ocrx_word' id='word_1_185' title='bbox 1330 2439 1530 2514; x_wconf 89' lang='lat' dir='ltr'><strong>stulti,</strong></span> <span class='ocrx_word' id='word_1_186' title='bbox 1562 2439 1905 2522; x_wconf 92' lang='lat' dir='ltr'><strong>aliquando</strong></span> <span class='ocrx_word' id='word_1_187' title='bbox 1942 2440 2167 2521; x_wconf 90' lang='lat' dir='ltr'><strong>sapite.</strong></span> <span class='ocrx_word' id='word_1_188' title='bbox 2201 2439 2320 2513; x_wconf 84' lang='lat' dir='ltr'><strong>Qui</strong></span> 
     </span>
     <span class='ocr_line' id='line_1_37' title="bbox 817 2536 2321 2619; baseline 0.001 -21"><span class='ocrx_word' id='word_1_189' title='bbox 817 2536 1131 2618; x_wconf 84' lang='lat' dir='ltr'><strong>plantavit</strong></span> <span class='ocrx_word' id='word_1_190' title='bbox 1157 2556 1401 2612; x_wconf 89' lang='lat' dir='ltr'><strong>aurem,</strong></span> <span class='ocrx_word' id='word_1_191' title='bbox 1422 2555 1549 2601; x_wconf 93' lang='lat' dir='ltr'><strong>non</strong></span> <span class='ocrx_word' id='word_1_192' title='bbox 1579 2538 1955 2601; x_wconf 64' lang='lat' dir='ltr'><strong>audiet&#39;l&#39;aut</strong></span> <span class='ocrx_word' id='word_1_193' title='bbox 1985 2538 2098 2619; x_wconf 94' lang='lat' dir='ltr'><strong>qui</strong></span> <span class='ocrx_word' id='word_1_194' title='bbox 2127 2537 2321 2600; x_wconf 81' lang='lat' dir='ltr'><strong>finxit</strong></span> 
     </span>
     <span class='ocr_line' id='line_1_38' title="bbox 814 2634 2318 2710; baseline 0.001 -14"><span class='ocrx_word' id='word_1_195' title='bbox 814 2634 1101 2710; x_wconf 89' lang='lat' dir='ltr'><strong>oculum,</strong></span> <span class='ocrx_word' id='word_1_196' title='bbox 1151 2653 1279 2698; x_wconf 92' lang='lat' dir='ltr'><strong>non</strong></span> <span class='ocrx_word' id='word_1_197' title='bbox 1329 2637 1733 2699; x_wconf 67' lang='lat' dir='ltr'><strong>considerat?</strong></span> <span class='ocrx_word' id='word_1_198' title='bbox 1770 2637 2098 2709; x_wconf 66' lang='lat' dir='ltr'><strong>Praeterea,</strong></span> <span class='ocrx_word' id='word_1_199' title='bbox 2149 2635 2318 2698; x_wconf 91' lang='lat' dir='ltr'><strong>Deus</strong></span> 
     </span>
     <span class='ocr_line' id='line_1_39' title="bbox 814 2731 2317 2816; baseline 0 -19"><span class='ocrx_word' id='word_1_200' title='bbox 814 2731 1078 2797; x_wconf 88' lang='lat' dir='ltr'><strong>sciendo</strong></span> <span class='ocrx_word' id='word_1_201' title='bbox 1118 2734 1649 2816; x_wconf 87' lang='lat' dir='ltr'><strong>omnipotentiam</strong></span> <span class='ocrx_word' id='word_1_202' title='bbox 1694 2753 1899 2809; x_wconf 93' lang='lat' dir='ltr'><strong>suam,</strong></span> <span class='ocrx_word' id='word_1_203' title='bbox 1934 2735 2053 2797; x_wconf 90' lang='lat' dir='ltr'><strong>scit</strong></span> <span class='ocrx_word' id='word_1_204' title='bbox 2094 2735 2317 2816; x_wconf 91' lang='lat' dir='ltr'><strong>utique</strong></span> 
     </span>
     <span class='ocr_line' id='line_1_40' title="bbox 812 2830 2313 2914; baseline 0 -21"><span class='ocrx_word' id='word_1_205' title='bbox 812 2830 1032 2894; x_wconf 91' lang='lat' dir='ltr'><strong>omnia</strong></span> <span class='ocrx_word' id='word_1_206' title='bbox 1060 2831 1138 2894; x_wconf 90' lang='lat' dir='ltr'><strong>ad</strong></span> <span class='ocrx_word' id='word_1_207' title='bbox 1168 2850 1312 2914; x_wconf 80' lang='lat' dir='ltr'><strong>quae</strong></span> <span class='ocrx_word' id='word_1_208' title='bbox 1342 2831 1453 2894; x_wconf 90' lang='lat' dir='ltr'><strong>illa</strong></span> <span class='ocrx_word' id='word_1_209' title='bbox 1481 2832 1916 2895; x_wconf 88' lang='lat' dir='ltr'><strong>extenduntur</strong></span> <span class='ocrx_word' id='word_1_210' title='bbox 1946 2851 2089 2914; x_wconf 83' lang='lat' dir='ltr'><strong>quae</strong></span> <span class='ocrx_word' id='word_1_211' title='bbox 2117 2832 2313 2911; x_wconf 83' lang='lat' dir='ltr'><strong>facit3</strong></span> 
     </span>
     <span class='ocr_line' id='line_1_41' title="bbox 811 2929 2316 3011; baseline 0.001 -20"><span class='ocrx_word' id='word_1_212' title='bbox 811 2936 877 2991; x_wconf 92' lang='lat' dir='ltr'><strong>et</strong></span> <span class='ocrx_word' id='word_1_213' title='bbox 925 2929 1068 2991; x_wconf 91' lang='lat' dir='ltr'><strong>ideo</strong></span> <span class='ocrx_word' id='word_1_214' title='bbox 1115 2929 1210 2992; x_wconf 92' lang='lat' dir='ltr'><strong>nil</strong></span> <span class='ocrx_word' id='word_1_215' title='bbox 1257 2947 1517 3011; x_wconf 88' lang='lat' dir='ltr'><strong>prorsus</strong></span> <span class='ocrx_word' id='word_1_216' title='bbox 1567 2929 1709 3011; x_wconf 89' lang='lat' dir='ltr'><strong>ejus</strong></span> <span class='ocrx_word' id='word_1_217' title='bbox 1758 2930 2148 3011; x_wconf 81' lang='lat' dir='ltr'><strong>subterfugit</strong></span> <span class='ocrx_word' id='word_1_218' title='bbox 2205 2937 2316 2992; x_wconf 93' lang='lat' dir='ltr'><strong>aut</strong></span> 
     </span>
     <span class='ocr_line' id='line_1_42' title="bbox 812 3027 1397 3090; baseline -0.002 0"><span class='ocrx_word' id='word_1_219' title='bbox 812 3027 1027 3090; x_wconf 88' lang='lat' dir='ltr'><strong>evadit</strong></span> <span class='ocrx_word' id='word_1_220' title='bbox 1070 3027 1397 3090; x_wconf 90' lang='lat' dir='ltr'><strong>intuitum.</strong></span> 
     </span>
    </p>

    <p class='ocr_par' dir='ltr' id='par_1_13' title="bbox 809 3223 2317 4192">
     <span class='ocr_line' id='line_1_43' title="bbox 810 3223 2312 3307; baseline 0.001 -21"><span class='ocrx_word' id='word_1_221' title='bbox 810 3225 901 3286; x_wconf 92' lang='lat' dir='ltr'><strong>tio</strong></span> <span class='ocrx_word' id='word_1_222' title='bbox 931 3224 996 3286; x_wconf 90' lang='lat' dir='ltr'><strong>in</strong></span> <span class='ocrx_word' id='word_1_223' title='bbox 1026 3242 1095 3287; x_wconf 89' lang='lat' dir='ltr'><strong>se</strong></span> <span class='ocrx_word' id='word_1_224' title='bbox 1124 3242 1376 3286; x_wconf 88' lang='lat' dir='ltr'><strong>summe</strong></span> <span class='ocrx_word' id='word_1_225' title='bbox 1406 3223 1681 3306; x_wconf 84' lang='lat' dir='ltr'><strong>simplex</strong></span> <span class='ocrx_word' id='word_1_226' title='bbox 1712 3231 1775 3286; x_wconf 91' lang='lat' dir='ltr'><strong>et</strong></span> <span class='ocrx_word' id='word_1_227' title='bbox 1816 3244 1961 3299; x_wconf 95' lang='lat' dir='ltr'><strong>una,</strong></span> <span class='ocrx_word' id='word_1_228' title='bbox 2006 3225 2073 3287; x_wconf 91' lang='lat' dir='ltr'><strong>in</strong></span> <span class='ocrx_word' id='word_1_229' title='bbox 2112 3245 2312 3307; x_wconf 93' lang='lat' dir='ltr'><strong>quan-</strong></span> 
     </span>
     <span class='ocr_line' id='line_1_44' title="bbox 810 3322 2314 3405; baseline 0.001 -21"><span class='ocrx_word' id='word_1_230' title='bbox 810 3329 949 3384; x_wconf 91' lang='lat' dir='ltr'><strong>tum</strong></span> <span class='ocrx_word' id='word_1_231' title='bbox 982 3322 1266 3386; x_wconf 90' lang='lat' dir='ltr'><strong>intuetur</strong></span> <span class='ocrx_word' id='word_1_232' title='bbox 1294 3329 1358 3384; x_wconf 88' lang='lat' dir='ltr'><strong>et</strong></span> <span class='ocrx_word' id='word_1_233' title='bbox 1388 3322 1595 3383; x_wconf 89' lang='lat' dir='ltr'><strong>noscit</strong></span> <span class='ocrx_word' id='word_1_234' title='bbox 1624 3322 1841 3384; x_wconf 87' lang='lat' dir='ltr'><strong>omnia</strong></span> <span class='ocrx_word' id='word_1_235' title='bbox 1877 3342 2019 3405; x_wconf 82' lang='lat' dir='ltr'><strong>quae</strong></span> <span class='ocrx_word' id='word_1_236' title='bbox 2058 3324 2314 3386; x_wconf 87' lang='lat' dir='ltr'><strong>realiter</strong></span> 
     </span>
     <span class='ocr_line' id='line_1_45' title="bbox 810 3419 2311 3503; baseline 0 -18"><span class='ocrx_word' id='word_1_237' title='bbox 810 3429 877 3485; x_wconf 87' lang='lat' dir='ltr'><strong>et</strong></span> <span class='ocrx_word' id='word_1_238' title='bbox 932 3419 1419 3503; x_wconf 80' lang='lat' dir='ltr'><strong>praesentialiter</strong></span> <span class='ocrx_word' id='word_1_239' title='bbox 1476 3428 1645 3494; x_wconf 91' lang='lat' dir='ltr'><strong>sunt,</strong></span> <span class='ocrx_word' id='word_1_240' title='bbox 1696 3421 1935 3486; x_wconf 90' lang='lat' dir='ltr'><strong>dicitur</strong></span> <span class='ocrx_word' id='word_1_241' title='bbox 1984 3422 2148 3484; x_wconf 87' lang='lat' dir='ltr'><strong>visio</strong></span> <span class='ocrx_word' id='word_1_242' title='bbox 2197 3442 2311 3485; x_wconf 91' lang='lat' dir='ltr'><strong>seu</strong></span> 
     </span>
     <span class='ocr_line' id='line_1_46' title="bbox 809 3518 2314 3602; baseline 0 -18"><span class='ocrx_word' id='word_1_243' title='bbox 809 3518 1079 3584; x_wconf 82' lang='lat' dir='ltr'><strong>visionis</strong></span> <span class='ocrx_word' id='word_1_244' title='bbox 1121 3518 1433 3598; x_wconf 83' lang='lat' dir='ltr'><strong>scientia3</strong></span> <span class='ocrx_word' id='word_1_245' title='bbox 1467 3519 1533 3580; x_wconf 92' lang='lat' dir='ltr'><strong>in</strong></span> <span class='ocrx_word' id='word_1_246' title='bbox 1572 3527 1883 3601; x_wconf 87' lang='lat' dir='ltr'><strong>quantum</strong></span> <span class='ocrx_word' id='word_1_247' title='bbox 1928 3537 2081 3584; x_wconf 88' lang='lat' dir='ltr'><strong>vero</strong></span> <span class='ocrx_word' id='word_1_248' title='bbox 2122 3538 2314 3602; x_wconf 86' lang='lat' dir='ltr'><strong>agno-</strong></span> 
     </span>
     <span class='ocr_line' id='line_1_47' title="bbox 813 3617 2312 3700; baseline 0 -18"><span class='ocrx_word' id='word_1_249' title='bbox 813 3617 936 3682; x_wconf 85' lang='lat' dir='ltr'><strong>scit</strong></span> <span class='ocrx_word' id='word_1_250' title='bbox 982 3635 1059 3681; x_wconf 89' lang='lat' dir='ltr'><strong>ea</strong></span> <span class='ocrx_word' id='word_1_251' title='bbox 1104 3637 1248 3700; x_wconf 82' lang='lat' dir='ltr'><strong>quae</strong></span> <span class='ocrx_word' id='word_1_252' title='bbox 1297 3636 1424 3680; x_wconf 90' lang='lat' dir='ltr'><strong>non</strong></span> <span class='ocrx_word' id='word_1_253' title='bbox 1475 3626 1646 3691; x_wconf 90' lang='lat' dir='ltr'><strong>sunt,</strong></span> <span class='ocrx_word' id='word_1_254' title='bbox 1698 3636 1817 3680; x_wconf 89' lang='lat' dir='ltr'><strong>nec</strong></span> <span class='ocrx_word' id='word_1_255' title='bbox 1866 3617 2147 3693; x_wconf 84' lang='lat' dir='ltr'><strong>fuerunt,</strong></span> <span class='ocrx_word' id='word_1_256' title='bbox 2194 3637 2312 3682; x_wconf 87' lang='lat' dir='ltr'><strong>nec</strong></span> 
     </span>
     <span class='ocr_line' id='line_1_48' title="bbox 812 3715 2312 3799; baseline 0.001 -21"><span class='ocrx_word' id='word_1_257' title='bbox 812 3723 1023 3790; x_wconf 87' lang='lat' dir='ltr'><strong>erunt,</strong></span> <span class='ocrx_word' id='word_1_258' title='bbox 1056 3716 1168 3779; x_wconf 88' lang='lat' dir='ltr'><strong>sed</strong></span> <span class='ocrx_word' id='word_1_259' title='bbox 1199 3715 1323 3778; x_wconf 88' lang='lat' dir='ltr'><strong>sibi</strong></span> <span class='ocrx_word' id='word_1_260' title='bbox 1355 3715 1688 3797; x_wconf 88' lang='lat' dir='ltr'><strong>possibilia</strong></span> <span class='ocrx_word' id='word_1_261' title='bbox 1729 3723 2001 3790; x_wconf 90' lang='lat' dir='ltr'><strong>exstant,</strong></span> <span class='ocrx_word' id='word_1_262' title='bbox 2032 3717 2312 3799; x_wconf 89' lang='lat' dir='ltr'><strong>appella-</strong></span> 
     </span>
     <span class='ocr_line' id='line_1_49' title="bbox 811 3811 2312 3896; baseline -0.002 -16"><span class='ocrx_word' id='word_1_263' title='bbox 811 3821 921 3880; x_wconf 83' lang='lat' dir='ltr'><strong>tur</strong></span> <span class='ocrx_word' id='word_1_264' title='bbox 949 3813 1229 3896; x_wconf 90' lang='lat' dir='ltr'><strong>cognitio</strong></span> <span class='ocrx_word' id='word_1_265' title='bbox 1272 3813 1589 3896; x_wconf 91' lang='lat' dir='ltr'><strong>simplicis</strong></span> <span class='ocrx_word' id='word_1_266' title='bbox 1633 3811 2089 3896; x_wconf 85' lang='lat' dir='ltr'><strong>intelligentiae.</strong></span> <span class='ocrx_word' id='word_1_267' title='bbox 2124 3815 2312 3877; x_wconf 91' lang='lat' dir='ltr'><strong>Prout</strong></span> 
     </span>
     <span class='ocr_line' id='line_1_50' title="bbox 813 3911 2315 3994; baseline -0.001 -19"><span class='ocrx_word' id='word_1_268' title='bbox 813 3919 1027 3975; x_wconf 88' lang='lat' dir='ltr'><strong>autem</strong></span> <span class='ocrx_word' id='word_1_269' title='bbox 1056 3912 1384 3994; x_wconf 89' lang='lat' dir='ltr'><strong>cognoscit</strong></span> <span class='ocrx_word' id='word_1_270' title='bbox 1411 3929 1487 3975; x_wconf 89' lang='lat' dir='ltr'><strong>ea</strong></span> <span class='ocrx_word' id='word_1_271' title='bbox 1516 3931 1658 3993; x_wconf 82' lang='lat' dir='ltr'><strong>quae</strong></span> <span class='ocrx_word' id='word_1_272' title='bbox 1687 3911 1853 3975; x_wconf 89' lang='lat' dir='ltr'><strong>bene</strong></span> <span class='ocrx_word' id='word_1_273' title='bbox 1883 3912 2315 3976; x_wconf 86' lang='lat' dir='ltr'><strong>laudabiliter-</strong></span> 
     </span>
     <span class='ocr_line' id='line_1_51' title="bbox 815 4009 2314 4093; baseline 0.001 -20"><span class='ocrx_word' id='word_1_274' title='bbox 815 4029 942 4093; x_wconf 86' lang='lat' dir='ltr'><strong>que</strong></span> <span class='ocrx_word' id='word_1_275' title='bbox 990 4010 1181 4086; x_wconf 83' lang='lat' dir='ltr'><strong>fiunt,</strong></span> <span class='ocrx_word' id='word_1_276' title='bbox 1230 4009 1610 4093; x_wconf 86' lang='lat' dir='ltr'><strong>approbatio</strong></span> <span class='ocrx_word' id='word_1_277' title='bbox 1668 4010 2073 4090; x_wconf 84' lang='lat' dir='ltr'><strong>nominatur3</strong></span> <span class='ocrx_word' id='word_1_278' title='bbox 2122 4019 2314 4093; x_wconf 89' lang='lat' dir='ltr'><strong>atque</strong></span> 
     </span>
     <span class='ocr_line' id='line_1_52' title="bbox 817 4109 2317 4192; baseline 0.001 -20"><span class='ocrx_word' id='word_1_279' title='bbox 817 4118 888 4172; x_wconf 93' lang='lat' dir='ltr'><strong>ut</strong></span> <span class='ocrx_word' id='word_1_280' title='bbox 926 4110 1134 4173; x_wconf 92' lang='lat' dir='ltr'><strong>noscit</strong></span> <span class='ocrx_word' id='word_1_281' title='bbox 1164 4109 1394 4183; x_wconf 82' lang='lat' dir='ltr'><strong>lutura,</strong></span> <span class='ocrx_word' id='word_1_282' title='bbox 1428 4109 1829 4190; x_wconf 80' lang='lat' dir='ltr'><strong>praescientia</strong></span> <span class='ocrx_word' id='word_1_283' title='bbox 1865 4128 1979 4173; x_wconf 90' lang='lat' dir='ltr'><strong>seu</strong></span> <span class='ocrx_word' id='word_1_284' title='bbox 2019 4110 2317 4192; x_wconf 84' lang='lat' dir='ltr'><strong>praevisio</strong></span> 
     </span>
    </p>
   </div>
   <div class='ocr_carea' id='block_1_12' title="bbox 2421 1947 3942 3011">
    <p class='ocr_par' dir='ltr' id='par_1_14' title="bbox 2421 1947 3942 3011">
     <span class='ocr_line' id='line_1_53' title="bbox 2431 1947 3940 2022; baseline 0.001 -13"><span class='ocrx_word' id='word_1_285' title='bbox 2431 1965 2500 2009; x_wconf 91' lang='lat' dir='ltr'><strong>sa</strong></span> <span class='ocrx_word' id='word_1_286' title='bbox 2557 1947 2798 2022; x_wconf 82' lang='lat' dir='ltr'><strong>aeterni,</strong></span> <span class='ocrx_word' id='word_1_287' title='bbox 2850 1947 2915 2009; x_wconf 92' lang='lat' dir='ltr'><strong>id</strong></span> <span class='ocrx_word' id='word_1_288' title='bbox 2973 1955 3070 2010; x_wconf 89' lang='lat' dir='ltr'><strong>est</strong></span> <span class='ocrx_word' id='word_1_289' title='bbox 3126 1947 3424 2011; x_wconf 67' lang='lat' dir='ltr'><strong>increata)</strong></span> <span class='ocrx_word' id='word_1_290' title='bbox 3479 1966 3556 2010; x_wconf 92' lang='lat' dir='ltr'><strong>ac</strong></span> <span class='ocrx_word' id='word_1_291' title='bbox 3612 1948 3940 2013; x_wconf 80' lang='lat' dir='ltr'><strong>aeternalis</strong></span> 
     </span>
     <span class='ocr_line' id='line_1_54' title="bbox 2434 2043 3939 2126; baseline 0.001 -22"><span class='ocrx_word' id='word_1_292' title='bbox 2434 2043 2980 2124; x_wconf 83' lang='lat' dir='ltr'><strong>praeordinationis</strong></span> <span class='ocrx_word' id='word_1_293' title='bbox 3023 2043 3276 2106; x_wconf 80' lang='lat' dir='ltr'><strong>divinae.</strong></span> <span class='ocrx_word' id='word_1_294' title='bbox 3311 2043 3441 2108; x_wconf 92' lang='lat' dir='ltr'><strong>Nec</strong></span> <span class='ocrx_word' id='word_1_295' title='bbox 3485 2043 3582 2106; x_wconf 91' lang='lat' dir='ltr'><strong>illi</strong></span> <span class='ocrx_word' id='word_1_296' title='bbox 3625 2045 3738 2126; x_wconf 89' lang='lat' dir='ltr'><strong>qui</strong></span> <span class='ocrx_word' id='word_1_297' title='bbox 3781 2062 3939 2108; x_wconf 87' lang='lat' dir='ltr'><strong>con-</strong></span> 
     </span>
     <span class='ocr_line' id='line_1_55' title="bbox 2429 2139 3940 2206; baseline 0.003 -5"><span class='ocrx_word' id='word_1_298' title='bbox 2429 2139 2758 2202; x_wconf 84' lang='lat' dir='ltr'><strong>finxerunt</strong></span> <span class='ocrx_word' id='word_1_299' title='bbox 2815 2141 3041 2204; x_wconf 88' lang='lat' dir='ltr'><strong>merita</strong></span> <span class='ocrx_word' id='word_1_300' title='bbox 3097 2140 3435 2204; x_wconf 88' lang='lat' dir='ltr'><strong>hominum</strong></span> <span class='ocrx_word' id='word_1_301' title='bbox 3482 2159 3625 2204; x_wconf 90' lang='lat' dir='ltr'><strong>esse</strong></span> <span class='ocrx_word' id='word_1_302' title='bbox 3671 2161 3940 2206; x_wconf 86' lang='lat' dir='ltr'><strong>causam</strong></span> 
     </span>
     <span class='ocr_line' id='line_1_56' title="bbox 2431 2238 3942 2322; baseline 0.003 -23"><span class='ocrx_word' id='word_1_303' title='bbox 2431 2238 3028 2320; x_wconf 80' lang='lat' dir='ltr'><strong>praedestinationis,</strong></span> <span class='ocrx_word' id='word_1_304' title='bbox 3053 2239 3472 2303; x_wconf 89' lang='lat' dir='ltr'><strong>intendebant</strong></span> <span class='ocrx_word' id='word_1_305' title='bbox 3499 2240 3672 2322; x_wconf 93' lang='lat' dir='ltr'><strong>quod</strong></span> <span class='ocrx_word' id='word_1_306' title='bbox 3703 2241 3942 2303; x_wconf 82' lang='lat' dir='ltr'><strong>merita</strong></span> 
     </span>
     <span class='ocr_line' id='line_1_57' title="bbox 2430 2336 3936 2420; baseline 0.003 -22"><span class='ocrx_word' id='word_1_307' title='bbox 2430 2336 2562 2410; x_wconf 90' lang='lat' dir='ltr'><strong>illa,</strong></span> <span class='ocrx_word' id='word_1_308' title='bbox 2607 2356 2750 2419; x_wconf 80' lang='lat' dir='ltr'><strong>quae</strong></span> <span class='ocrx_word' id='word_1_309' title='bbox 2794 2345 2943 2399; x_wconf 92' lang='lat' dir='ltr'><strong>sunt</strong></span> <span class='ocrx_word' id='word_1_310' title='bbox 2981 2345 3161 2400; x_wconf 90' lang='lat' dir='ltr'><strong>actus</strong></span> <span class='ocrx_word' id='word_1_311' title='bbox 3204 2346 3314 2400; x_wconf 87' lang='lat' dir='ltr'><strong>aut</strong></span> <span class='ocrx_word' id='word_1_312' title='bbox 3355 2355 3553 2420; x_wconf 88' lang='lat' dir='ltr'><strong>opera</strong></span> <span class='ocrx_word' id='word_1_313' title='bbox 3599 2347 3936 2413; x_wconf 79' lang='lat' dir='ltr'><strong>creaturae,</strong></span> 
     </span>
     <span class='ocr_line' id='line_1_58' title="bbox 2429 2435 3939 2518; baseline 0.003 -22"><span class='ocrx_word' id='word_1_314' title='bbox 2429 2435 2558 2496; x_wconf 92' lang='lat' dir='ltr'><strong>sint</strong></span> <span class='ocrx_word' id='word_1_315' title='bbox 2587 2453 2777 2498; x_wconf 87' lang='lat' dir='ltr'><strong>causa</strong></span> <span class='ocrx_word' id='word_1_316' title='bbox 2807 2435 3406 2518; x_wconf 79' lang='lat' dir='ltr'><strong>praedestinationiS,</strong></span> <span class='ocrx_word' id='word_1_317' title='bbox 3425 2437 3538 2499; x_wconf 92' lang='lat' dir='ltr'><strong>sed</strong></span> <span class='ocrx_word' id='word_1_318' title='bbox 3568 2436 3740 2518; x_wconf 93' lang='lat' dir='ltr'><strong>quod</strong></span> <span class='ocrx_word' id='word_1_319' title='bbox 3772 2455 3939 2518; x_wconf 80' lang='lat' dir='ltr'><strong>prae-</strong></span> 
     </span>
     <span class='ocr_line' id='line_1_59' title="bbox 2429 2531 3939 2608; baseline 0.001 -14"><span class='ocrx_word' id='word_1_320' title='bbox 2429 2531 2697 2596; x_wconf 88' lang='lat' dir='ltr'><strong>scientia</strong></span> <span class='ocrx_word' id='word_1_321' title='bbox 2743 2533 3117 2597; x_wconf 89' lang='lat' dir='ltr'><strong>meritorum</strong></span> <span class='ocrx_word' id='word_1_322' title='bbox 3167 2533 3482 2597; x_wconf 89' lang='lat' dir='ltr'><strong>exsistens</strong></span> <span class='ocrx_word' id='word_1_323' title='bbox 3533 2533 3600 2596; x_wconf 89' lang='lat' dir='ltr'><strong>in</strong></span> <span class='ocrx_word' id='word_1_324' title='bbox 3649 2534 3800 2608; x_wconf 88' lang='lat' dir='ltr'><strong>Deo,</strong></span> <span class='ocrx_word' id='word_1_325' title='bbox 3846 2533 3939 2596; x_wconf 92' lang='lat' dir='ltr'><strong>sit</strong></span> 
     </span>
     <span class='ocr_line' id='line_1_60' title="bbox 2428 2631 3936 2716; baseline 0.003 -23"><span class='ocrx_word' id='word_1_326' title='bbox 2428 2631 2588 2694; x_wconf 87' lang='lat' dir='ltr'><strong>ratio</strong></span> <span class='ocrx_word' id='word_1_327' title='bbox 2630 2632 2801 2713; x_wconf 93' lang='lat' dir='ltr'><strong>quod</strong></span> <span class='ocrx_word' id='word_1_328' title='bbox 2842 2632 3155 2714; x_wconf 90' lang='lat' dir='ltr'><strong>quosdam</strong></span> <span class='ocrx_word' id='word_1_329' title='bbox 3196 2633 3675 2714; x_wconf 80' lang='lat' dir='ltr'><strong>praedestinavit</strong></span> <span class='ocrx_word' id='word_1_330' title='bbox 3707 2652 3722 2696; x_wconf 75' lang='grc' dir='ltr'>ε</span> <span class='ocrx_word' id='word_1_331' title='bbox 3755 2634 3936 2716; x_wconf 93' lang='lat' dir='ltr'><strong>quod</strong></span> 
     </span>
     <span class='ocr_line' id='line_1_61' title="bbox 2428 2730 3936 2814; baseline 0.003 -23"><span class='ocrx_word' id='word_1_332' title='bbox 2428 2748 2621 2812; x_wconf 91' lang='lat' dir='ltr'><strong>super</strong></span> <span class='ocrx_word' id='word_1_333' title='bbox 2655 2731 2960 2793; x_wconf 75' lang='lat' dir='ltr'><strong>Ioannem</strong></span> <span class='ocrx_word' id='word_1_334' title='bbox 3011 2738 3075 2793; x_wconf 92' lang='lat' dir='ltr'><strong>et</strong></span> <span class='ocrx_word' id='word_1_335' title='bbox 3118 2730 3277 2793; x_wconf 87' lang='lat' dir='ltr'><strong>alibi</strong></span> <span class='ocrx_word' id='word_1_336' title='bbox 3325 2750 3404 2793; x_wconf 89' lang='lat' dir='ltr'><strong>ex</strong></span> <span class='ocrx_word' id='word_1_337' title='bbox 3455 2731 3785 2814; x_wconf 81' lang='lat' dir='ltr'><strong>proposito</strong></span> <span class='ocrx_word' id='word_1_338' title='bbox 3831 2750 3936 2795; x_wconf 85' lang='lat' dir='ltr'><strong>re-</strong></span> 
     </span>
     <span class='ocr_line' id='line_1_62' title="bbox 2426 2827 3938 2912; baseline 0.002 -22"><span class='ocrx_word' id='word_1_339' title='bbox 2426 2827 2654 2909; x_wconf 90' lang='lat' dir='ltr'><strong>probat</strong></span> <span class='ocrx_word' id='word_1_340' title='bbox 2692 2829 3109 2908; x_wconf 69' lang='lat' dir='ltr'><strong>Augustinus</strong></span> <span class='ocrx_word' id='word_1_341' title='bbox 3154 2830 3452 2894; x_wconf 87' lang='lat' dir='ltr'><strong>Attamen</strong></span> <span class='ocrx_word' id='word_1_342' title='bbox 3493 2830 3754 2912; x_wconf 91' lang='lat' dir='ltr'><strong>quidam</strong></span> <span class='ocrx_word' id='word_1_343' title='bbox 3800 2850 3938 2893; x_wconf 85' lang='lat' dir='ltr'><strong>ma-</strong></span> 
     </span>
     <span class='ocr_line' id='line_1_63' title="bbox 2421 2926 3936 3011; baseline 0.003 -23"><span class='ocrx_word' id='word_1_344' title='bbox 2421 2926 2533 3006; x_wconf 86' lang='lat' dir='ltr'><strong>gni</strong></span> <span class='ocrx_word' id='word_1_345' title='bbox 2572 2927 2860 2990; x_wconf 89' lang='lat' dir='ltr'><strong>doctores</strong></span> <span class='ocrx_word' id='word_1_346' title='bbox 2903 2927 3026 2990; x_wconf 92' lang='lat' dir='ltr'><strong>hoc</strong></span> <span class='ocrx_word' id='word_1_347' title='bbox 3069 2928 3313 3010; x_wconf 89' lang='lat' dir='ltr'><strong>opinati</strong></span> <span class='ocrx_word' id='word_1_348' title='bbox 3358 2937 3531 3003; x_wconf 90' lang='lat' dir='ltr'><strong>sunt,</strong></span> <span class='ocrx_word' id='word_1_349' title='bbox 3569 2929 3936 3011; x_wconf 84' lang='lat' dir='ltr'><strong>praesertim</strong></span> 
     </span>
    </p>
   </div>
   <div class='ocr_carea' id='block_1_13' title="bbox 2347 3024 3936 3109">
    <p class='ocr_par' dir='ltr' id='par_1_15' title="bbox 2347 3024 3936 3109">
     <span class='ocr_line' id='line_1_64' title="bbox 2347 3024 3936 3109; baseline 0.003 -23"><span class='ocrx_word' id='word_1_350' title='bbox 2347 3030 2392 3096; x_wconf 81' lang='lat' dir='ltr'><strong>G</strong></span> <span class='ocrx_word' id='word_1_351' title='bbox 2423 3024 2778 3087; x_wconf 81' lang='lat' dir='ltr'><strong>Alexander</strong></span> <span class='ocrx_word' id='word_1_352' title='bbox 2804 3033 2869 3087; x_wconf 90' lang='lat' dir='ltr'><strong>et</strong></span> <span class='ocrx_word' id='word_1_353' title='bbox 2895 3024 3529 3100; x_wconf 80' lang='lat' dir='ltr'><strong>HenricuS,dicentes</strong></span> <span class='ocrx_word' id='word_1_354' title='bbox 3559 3028 3729 3109; x_wconf 91' lang='lat' dir='ltr'><strong>quod</strong></span> <span class='ocrx_word' id='word_1_355' title='bbox 3759 3028 3936 3092; x_wconf 83' lang='lat' dir='ltr'><strong>Deus</strong></span> 
     </span>
    </p>
   </div>
   <div class='ocr_carea' id='block_1_14' title="bbox 2421 3122 3934 4190">
    <p class='ocr_par' dir='ltr' id='par_1_16' title="bbox 2421 3122 3930 3500">
     <span class='ocr_line' id='line_1_65' title="bbox 2421 3122 3930 3206; baseline 0.004 -22"><span class='ocrx_word' id='word_1_356' title='bbox 2421 3123 2705 3186; x_wconf 88' lang='lat' dir='ltr'><strong>decrevit</strong></span> <span class='ocrx_word' id='word_1_357' title='bbox 2741 3122 3127 3204; x_wconf 88' lang='lat' dir='ltr'><strong>quibusdam</strong></span> <span class='ocrx_word' id='word_1_358' title='bbox 3163 3125 3435 3206; x_wconf 89' lang='lat' dir='ltr'><strong>gratiam</strong></span> <span class='ocrx_word' id='word_1_359' title='bbox 3486 3143 3555 3188; x_wconf 90' lang='lat' dir='ltr'><strong>se</strong></span> <span class='ocrx_word' id='word_1_360' title='bbox 3601 3126 3930 3202; x_wconf 86' lang='lat' dir='ltr'><strong>daturum,</strong></span> 
     </span>
     <span class='ocr_line' id='line_1_66' title="bbox 2423 3221 3927 3304; baseline 0.004 -22"><span class='ocrx_word' id='word_1_361' title='bbox 2423 3221 2574 3303; x_wconf 89' lang='lat' dir='ltr'><strong>quia</strong></span> <span class='ocrx_word' id='word_1_362' title='bbox 2622 3222 2945 3304; x_wconf 80' lang='lat' dir='ltr'><strong>praescivit</strong></span> <span class='ocrx_word' id='word_1_363' title='bbox 2998 3239 3106 3285; x_wconf 89' lang='lat' dir='ltr'><strong>cos</strong></span> <span class='ocrx_word' id='word_1_364' title='bbox 3160 3222 3364 3302; x_wconf 86' lang='lat' dir='ltr'><strong>gratia</strong></span> <span class='ocrx_word' id='word_1_365' title='bbox 3409 3222 3575 3287; x_wconf 90' lang='lat' dir='ltr'><strong>bene</strong></span> <span class='ocrx_word' id='word_1_366' title='bbox 3628 3242 3858 3288; x_wconf 90' lang='lat' dir='ltr'><strong>usuros</strong></span> <span class='ocrx_word' id='word_1_367' title='bbox 3907 3243 3927 3288; x_wconf 75' lang='grc' dir='ltr'>ε</span> 
     </span>
     <span class='ocr_line' id='line_1_67' title="bbox 2421 3320 3930 3403; baseline 0.004 -23"><span class='ocrx_word' id='word_1_368' title='bbox 2421 3339 2564 3401; x_wconf 85' lang='lat' dir='ltr'><strong>quae</strong></span> <span class='ocrx_word' id='word_1_369' title='bbox 2610 3320 2829 3400; x_wconf 93' lang='lat' dir='ltr'><strong>opinio</strong></span> <span class='ocrx_word' id='word_1_370' title='bbox 2875 3338 3070 3402; x_wconf 91' lang='lat' dir='ltr'><strong>super</strong></span> <span class='ocrx_word' id='word_1_371' title='bbox 3114 3321 3400 3403; x_wconf 88' lang='lat' dir='ltr'><strong>primum</strong></span> <span class='ocrx_word' id='word_1_372' title='bbox 3449 3321 3930 3387; x_wconf 84' lang='lat' dir='ltr'><strong>Sententiarum</strong></span> 
     </span>
     <span class='ocr_line' id='line_1_68' title="bbox 2421 3418 2913 3500; baseline -0.002 -19"><span class='ocrx_word' id='word_1_373' title='bbox 2421 3427 2519 3481; x_wconf 88' lang='lat' dir='ltr'><strong>est</strong></span> <span class='ocrx_word' id='word_1_374' title='bbox 2560 3418 2913 3500; x_wconf 88' lang='lat' dir='ltr'><strong>reprobata.</strong></span> 
     </span>
    </p>

    <p class='ocr_par' dir='ltr' id='par_1_17' title="bbox 2423 3516 3934 4190">
     <span class='ocr_line' id='line_1_69' title="bbox 2501 3516 3928 3602; baseline 0.003 -22"><span class='ocrx_word' id='word_1_375' title='bbox 2501 3516 2627 3580; x_wconf 91' lang='lat' dir='ltr'><strong>Alii</strong></span> <span class='ocrx_word' id='word_1_376' title='bbox 2683 3534 2834 3599; x_wconf 88' lang='lat' dir='ltr'><strong>crgo</strong></span> <span class='ocrx_word' id='word_1_377' title='bbox 2889 3517 3210 3593; x_wconf 86' lang='lat' dir='ltr'><strong>dixerunt,</strong></span> <span class='ocrx_word' id='word_1_378' title='bbox 3261 3520 3433 3600; x_wconf 92' lang='lat' dir='ltr'><strong>quod</strong></span> <span class='ocrx_word' id='word_1_379' title='bbox 3483 3519 3806 3602; x_wconf 89' lang='lat' dir='ltr'><strong>loquendo</strong></span> <span class='ocrx_word' id='word_1_380' title='bbox 3841 3521 3928 3584; x_wconf 89' lang='lat' dir='ltr'><strong>de</strong></span> 
     </span>
     <span class='ocr_line' id='line_1_70' title="bbox 2423 3615 3930 3701; baseline 0.003 -23"><span class='ocrx_word' id='word_1_381' title='bbox 2423 3615 2977 3697; x_wconf 82' lang='lat' dir='ltr'><strong>praedestinatione</strong></span> <span class='ocrx_word' id='word_1_382' title='bbox 3018 3624 3082 3678; x_wconf 89' lang='lat' dir='ltr'><strong>et</strong></span> <span class='ocrx_word' id='word_1_383' title='bbox 3124 3617 3572 3699; x_wconf 87' lang='lat' dir='ltr'><strong>reprobatione</strong></span> <span class='ocrx_word' id='word_1_384' title='bbox 3622 3618 3688 3681; x_wconf 90' lang='lat' dir='ltr'><strong>in</strong></span> <span class='ocrx_word' id='word_1_385' title='bbox 3733 3637 3930 3701; x_wconf 87' lang='lat' dir='ltr'><strong>gene-</strong></span> 
     </span>
     <span class='ocr_line' id='line_1_71' title="bbox 2424 3713 3931 3797; baseline 0.004 -21"><span class='ocrx_word' id='word_1_386' title='bbox 2424 3714 2564 3788; x_wconf 87' lang='lat' dir='ltr'><strong>rali,</strong></span> <span class='ocrx_word' id='word_1_387' title='bbox 2598 3721 2661 3777; x_wconf 90' lang='lat' dir='ltr'><strong>et</strong></span> <span class='ocrx_word' id='word_1_388' title='bbox 2691 3713 2884 3776; x_wconf 90' lang='lat' dir='ltr'><strong>simul</strong></span> <span class='ocrx_word' id='word_1_389' title='bbox 2923 3715 3002 3777; x_wconf 89' lang='lat' dir='ltr'><strong>de</strong></span> <span class='ocrx_word' id='word_1_390' title='bbox 3040 3723 3172 3778; x_wconf 90' lang='lat' dir='ltr'><strong>toto</strong></span> <span class='ocrx_word' id='word_1_391' title='bbox 3211 3716 3793 3797; x_wconf 64' lang='lat' dir='ltr'><strong>praedestinationis</strong></span> <span class='ocrx_word' id='word_1_392' title='bbox 3835 3718 3931 3782; x_wconf 73' lang='lat' dir='ltr'><strong>ef-</strong></span> 
     </span>
     <span class='ocr_line' id='line_1_72' title="bbox 2423 3812 3930 3899; baseline 0.003 -24"><span class='ocrx_word' id='word_1_393' title='bbox 2423 3813 2618 3886; x_wconf 81' lang='lat' dir='ltr'><strong>fectu,</strong></span> <span class='ocrx_word' id='word_1_394' title='bbox 2660 3812 2838 3874; x_wconf 90' lang='lat' dir='ltr'><strong>nulla</strong></span> <span class='ocrx_word' id='word_1_395' title='bbox 2885 3813 2968 3874; x_wconf 92' lang='lat' dir='ltr'><strong>sit</strong></span> <span class='ocrx_word' id='word_1_396' title='bbox 3015 3831 3205 3875; x_wconf 90' lang='lat' dir='ltr'><strong>causa</strong></span> <span class='ocrx_word' id='word_1_397' title='bbox 3253 3821 3361 3876; x_wconf 88' lang='lat' dir='ltr'><strong>aut</strong></span> <span class='ocrx_word' id='word_1_398' title='bbox 3410 3815 3571 3879; x_wconf 91' lang='lat' dir='ltr'><strong>ratio</strong></span> <span class='ocrx_word' id='word_1_399' title='bbox 3617 3834 3698 3879; x_wconf 86' lang='lat' dir='ltr'><strong>ex</strong></span> <span class='ocrx_word' id='word_1_400' title='bbox 3744 3825 3930 3899; x_wconf 87' lang='lat' dir='ltr'><strong>parte</strong></span> 
     </span>
     <span class='ocr_line' id='line_1_73' title="bbox 2425 3911 3932 3997; baseline 0.003 -25"><span class='ocrx_word' id='word_1_401' title='bbox 2425 3918 2750 3984; x_wconf 80' lang='lat' dir='ltr'><strong>creaturae,</strong></span> <span class='ocrx_word' id='word_1_402' title='bbox 2783 3911 3136 3993; x_wconf 82' lang='lat' dir='ltr'><strong>praesertim</strong></span> <span class='ocrx_word' id='word_1_403' title='bbox 3167 3920 3479 3993; x_wconf 87' lang='lat' dir='ltr'><strong>quantum</strong></span> <span class='ocrx_word' id='word_1_404' title='bbox 3516 3915 3597 3976; x_wconf 87' lang='lat' dir='ltr'><strong>ad</strong></span> <span class='ocrx_word' id='word_1_405' title='bbox 3636 3914 3932 3997; x_wconf 88' lang='lat' dir='ltr'><strong>proposi-</strong></span> 
     </span>
     <span class='ocr_line' id='line_1_74' title="bbox 2424 4007 3934 4093; baseline 0.004 -25"><span class='ocrx_word' id='word_1_406' title='bbox 2424 4015 2560 4069; x_wconf 90' lang='lat' dir='ltr'><strong>tum</strong></span> <span class='ocrx_word' id='word_1_407' title='bbox 2621 4007 2966 4070; x_wconf 89' lang='lat' dir='ltr'><strong>miserendi</strong></span> <span class='ocrx_word' id='word_1_408' title='bbox 3016 4007 3300 4072; x_wconf 84' lang='lat' dir='ltr'><strong>finaliter</strong></span> <span class='ocrx_word' id='word_1_409' title='bbox 3342 4011 3552 4091; x_wconf 80' lang='lat' dir='ltr'><strong>quoad</strong></span> <span class='ocrx_word' id='word_1_410' title='bbox 3602 4012 3934 4093; x_wconf 82' lang='lat' dir='ltr'><strong>praedesti-</strong></span> 
     </span>
     <span class='ocr_line' id='line_1_75' title="bbox 2426 4107 3934 4190; baseline 0.003 -22"><span class='ocrx_word' id='word_1_411' title='bbox 2426 4113 2628 4180; x_wconf 93' lang='lat' dir='ltr'><strong>natos,</strong></span> <span class='ocrx_word' id='word_1_412' title='bbox 2660 4113 2725 4168; x_wconf 90' lang='lat' dir='ltr'><strong>et</strong></span> <span class='ocrx_word' id='word_1_413' title='bbox 2752 4112 3064 4187; x_wconf 88' lang='lat' dir='ltr'><strong>quantum</strong></span> <span class='ocrx_word' id='word_1_414' title='bbox 3094 4107 3171 4169; x_wconf 86' lang='lat' dir='ltr'><strong>ad</strong></span> <span class='ocrx_word' id='word_1_415' title='bbox 3203 4108 3603 4190; x_wconf 87' lang='lat' dir='ltr'><strong>propositum</strong></span> <span class='ocrx_word' id='word_1_416' title='bbox 3638 4127 3766 4174; x_wconf 91' lang='lat' dir='ltr'><strong>non</strong></span> <span class='ocrx_word' id='word_1_417' title='bbox 3810 4111 3934 4174; x_wconf 91' lang='lat' dir='ltr'><strong>mi-</strong></span> 
     </span>
    </p>
   </div>
   <div class='ocr_carea' id='block_1_15' title="bbox 817 4204 3932 4291">
    <p class='ocr_par' dir='ltr' id='par_1_18' title="bbox 817 4204 3932 4291">
     <span class='ocr_line' id='line_1_76' title="bbox 817 4204 3932 4291; baseline 0 -20"><span class='ocrx_word' id='word_1_418' title='bbox 817 4215 1243 4289; x_wconf 91' lang='lat' dir='ltr'><strong>nuncupatur.</strong></span> <span class='ocrx_word' id='word_1_419' title='bbox 1308 4207 1378 4268; x_wconf 90' lang='lat' dir='ltr'><strong>In</strong></span> <span class='ocrx_word' id='word_1_420' title='bbox 1444 4214 1755 4289; x_wconf 91' lang='lat' dir='ltr'><strong>quantum</strong></span> <span class='ocrx_word' id='word_1_421' title='bbox 1819 4216 2035 4271; x_wconf 88' lang='lat' dir='ltr'><strong>autem</strong></span> <span class='ocrx_word' id='word_1_422' title='bbox 2091 4225 2314 4272; x_wconf 90' lang='lat' dir='ltr'><strong>eorum</strong></span> <span class='ocrx_word' id='word_1_423' title='bbox 2347 4211 2398 4274; x_wconf 91' lang='lat' dir='ltr'>D</span> <span class='ocrx_word' id='word_1_424' title='bbox 2427 4204 2680 4268; x_wconf 87' lang='lat' dir='ltr'><strong>serendi</strong></span> <span class='ocrx_word' id='word_1_425' title='bbox 2729 4204 3039 4286; x_wconf 90' lang='lat' dir='ltr'><strong>reprobis.</strong></span> <span class='ocrx_word' id='word_1_426' title='bbox 3089 4204 3304 4268; x_wconf 91' lang='lat' dir='ltr'><strong>Nihilo</strong></span> <span class='ocrx_word' id='word_1_427' title='bbox 3353 4207 3568 4270; x_wconf 89' lang='lat' dir='ltr'><strong>minus</strong></span> <span class='ocrx_word' id='word_1_428' title='bbox 3614 4226 3696 4270; x_wconf 88' lang='lat' dir='ltr'><strong>cx</strong></span> <span class='ocrx_word' id='word_1_429' title='bbox 3744 4216 3932 4291; x_wconf 86' lang='lat' dir='ltr'><strong>parte</strong></span> 
     </span>
    </p>
   </div>
   <div class='ocr_carea' id='block_1_16' title="bbox 816 4305 2319 4488">
    <p class='ocr_par' dir='ltr' id='par_1_19' title="bbox 816 4305 2319 4488">
     <span class='ocr_line' id='line_1_77' title="bbox 816 4305 2316 4390; baseline 0 -20"><span class='ocrx_word' id='word_1_430' title='bbox 816 4314 914 4370; x_wconf 89' lang='lat' dir='ltr'><strong>est</strong></span> <span class='ocrx_word' id='word_1_431' title='bbox 945 4325 1086 4388; x_wconf 84' lang='lat' dir='ltr'><strong>quae</strong></span> <span class='ocrx_word' id='word_1_432' title='bbox 1113 4324 1149 4367; x_wconf 99' lang='lat' dir='ltr'><strong>a</strong></span> <span class='ocrx_word' id='word_1_433' title='bbox 1182 4305 1307 4367; x_wconf 91' lang='lat' dir='ltr'><strong>Deo</strong></span> <span class='ocrx_word' id='word_1_434' title='bbox 1344 4305 1588 4387; x_wconf 89' lang='lat' dir='ltr'><strong>agenda</strong></span> <span class='ocrx_word' id='word_1_435' title='bbox 1627 4312 1798 4380; x_wconf 89' lang='lat' dir='ltr'><strong>sunt,</strong></span> <span class='ocrx_word' id='word_1_436' title='bbox 1831 4307 2069 4369; x_wconf 91' lang='lat' dir='ltr'><strong>dicitur</strong></span> <span class='ocrx_word' id='word_1_437' title='bbox 2103 4308 2316 4390; x_wconf 87' lang='lat' dir='ltr'><strong>dispo·</strong></span> 
     </span>
     <span class='ocr_line' id='line_1_78' title="bbox 816 4402 2319 4488; baseline 0.003 -22"><span class='ocrx_word' id='word_1_438' title='bbox 816 4404 967 4467; x_wconf 91' lang='lat' dir='ltr'><strong>sitio</strong></span> <span class='ocrx_word' id='word_1_439' title='bbox 995 4421 1108 4466; x_wconf 91' lang='lat' dir='ltr'><strong>seu</strong></span> <span class='ocrx_word' id='word_1_440' title='bbox 1141 4402 1559 4485; x_wconf 89' lang='lat' dir='ltr'><strong>providentia.</strong></span> <span class='ocrx_word' id='word_1_441' title='bbox 1595 4404 1843 4466; x_wconf 89' lang='lat' dir='ltr'><strong>Dicitur</strong></span> <span class='ocrx_word' id='word_1_442' title='bbox 1871 4423 2125 4488; x_wconf 92' lang='lat' dir='ltr'><strong>quoque</strong></span> <span class='ocrx_word' id='word_1_443' title='bbox 2166 4425 2319 4488; x_wconf 82' lang='lat' dir='ltr'><strong>prae-</strong></span> 
     </span>
    </p>
   </div>
   <div class='ocr_carea' id='block_1_17' title="bbox 748 4500 2318 4583">
    <p class='ocr_par' dir='ltr' id='par_1_20' title="bbox 748 4500 2318 4583">
     <span class='ocr_line' id='line_1_79' title="bbox 748 4500 2318 4583; baseline 0.004 -23"><span class='ocrx_word' id='word_1_444' title='bbox 748 4551 757 4560; x_wconf 77' lang='grc'>,</span> <span class='ocrx_word' id='word_1_445' title='bbox 816 4502 1179 4575; x_wconf 87' lang='lat' dir='ltr'><strong>destinatio,</strong></span> <span class='ocrx_word' id='word_1_446' title='bbox 1232 4509 1524 4583; x_wconf 87' lang='lat' dir='ltr'><strong>respectu</strong></span> <span class='ocrx_word' id='word_1_447' title='bbox 1575 4500 1924 4565; x_wconf 89' lang='lat' dir='ltr'><strong>electorum</strong></span> <span class='ocrx_word' id='word_1_448' title='bbox 1969 4511 2033 4566; x_wconf 88' lang='lat' dir='ltr'><strong>et</strong></span> <span class='ocrx_word' id='word_1_449' title='bbox 2074 4505 2318 4567; x_wconf 89' lang='lat' dir='ltr'><strong>salvan-</strong></span> 
     </span>
    </p>
   </div>
   <div class='ocr_carea' id='block_1_18' title="bbox 812 4598 2316 5378">
    <p class='ocr_par' dir='ltr' id='par_1_21' title="bbox 812 4598 2316 5378">
     <span class='ocr_line' id='line_1_80' title="bbox 817 4598 2312 4683; baseline 0.001 -19"><span class='ocrx_word' id='word_1_450' title='bbox 817 4602 1080 4679; x_wconf 84' lang='lat' dir='ltr'><strong>dorum3</strong></span> <span class='ocrx_word' id='word_1_451' title='bbox 1112 4598 1475 4681; x_wconf 87' lang='lat' dir='ltr'><strong>reprobatio</strong></span> <span class='ocrx_word' id='word_1_452' title='bbox 1505 4606 1720 4662; x_wconf 90' lang='lat' dir='ltr'><strong>autem</strong></span> <span class='ocrx_word' id='word_1_453' title='bbox 1751 4607 1861 4663; x_wconf 97' lang='lat' dir='ltr'><strong>aut</strong></span> <span class='ocrx_word' id='word_1_454' title='bbox 1890 4602 2312 4683; x_wconf 84' lang='lat' dir='ltr'><strong>praescientia,</strong></span> 
     </span>
     <span class='ocr_line' id='line_1_81' title="bbox 816 4697 2316 4780; baseline -0.001 -18"><span class='ocrx_word' id='word_1_455' title='bbox 816 4705 1111 4780; x_wconf 88' lang='lat' dir='ltr'><strong>respectu</strong></span> <span class='ocrx_word' id='word_1_456' title='bbox 1157 4697 1681 4760; x_wconf 90' lang='lat' dir='ltr'><strong>damnandorum.</strong></span> <span class='ocrx_word' id='word_1_457' title='bbox 1723 4698 2049 4762; x_wconf 87' lang='lat' dir='ltr'><strong>Postremo</strong></span> <span class='ocrx_word' id='word_1_458' title='bbox 2105 4699 2316 4780; x_wconf 87' lang='lat' dir='ltr'><strong>cogni-</strong></span> 
     </span>
     <span class='ocr_line' id='line_1_82' title="bbox 814 4795 2313 4878; baseline -0.003 -14"><span class='ocrx_word' id='word_1_459' title='bbox 814 4799 905 4864; x_wconf 88' lang='lat' dir='ltr'><strong>tio</strong></span> <span class='ocrx_word' id='word_1_460' title='bbox 947 4796 1059 4860; x_wconf 89' lang='lat' dir='ltr'><strong>Dei</strong></span> <span class='ocrx_word' id='word_1_461' title='bbox 1105 4803 1398 4877; x_wconf 86' lang='lat' dir='ltr'><strong>respectu</strong></span> <span class='ocrx_word' id='word_1_462' title='bbox 1430 4796 1530 4858; x_wconf 91' lang='lat' dir='ltr'><strong>sui</strong></span> <span class='ocrx_word' id='word_1_463' title='bbox 1571 4795 1773 4878; x_wconf 89' lang='lat' dir='ltr'><strong>ipsius</strong></span> <span class='ocrx_word' id='word_1_464' title='bbox 1812 4815 1886 4859; x_wconf 89' lang='lat' dir='ltr'><strong>ac</strong></span> <span class='ocrx_word' id='word_1_465' title='bbox 1920 4797 2313 4871; x_wconf 89' lang='lat' dir='ltr'><strong>divinorum,</strong></span> 
     </span>
     <span class='ocr_line' id='line_1_83' title="bbox 813 4894 2314 4979; baseline -0.004 -15"><span class='ocrx_word' id='word_1_466' title='bbox 813 4895 1129 4979; x_wconf 77' lang='lat' dir='ltr'><strong>sapientia</strong></span> <span class='ocrx_word' id='word_1_467' title='bbox 1176 4900 1347 4956; x_wconf 91' lang='lat' dir='ltr'><strong>recte</strong></span> <span class='ocrx_word' id='word_1_468' title='bbox 1390 4902 1667 4957; x_wconf 87' lang='lat' dir='ltr'><strong>vocatur.</strong></span> <span class='ocrx_word' id='word_1_469' title='bbox 1720 4894 1847 4957; x_wconf 91' lang='lat' dir='ltr'><strong>Nec</strong></span> <span class='ocrx_word' id='word_1_470' title='bbox 1894 4895 2163 4958; x_wconf 91' lang='lat' dir='ltr'><strong>scientia</strong></span> <span class='ocrx_word' id='word_1_471' title='bbox 2201 4896 2314 4958; x_wconf 89' lang='lat' dir='ltr'><strong>Dei</strong></span> 
     </span>
     <span class='ocr_line' id='line_1_84' title="bbox 814 4992 2314 5074; baseline -0.001 -16"><span class='ocrx_word' id='word_1_472' title='bbox 814 5001 1113 5059; x_wconf 88' lang='lat' dir='ltr'><strong>causatur</strong></span> <span class='ocrx_word' id='word_1_473' title='bbox 1141 5011 1177 5054; x_wconf 91' lang='lat' dir='ltr'><strong>a</strong></span> <span class='ocrx_word' id='word_1_474' title='bbox 1207 4992 1421 5066; x_wconf 80' lang='lat' dir='ltr'><strong>rebuS,</strong></span> <span class='ocrx_word' id='word_1_475' title='bbox 1455 4992 1587 5054; x_wconf 90' lang='lat' dir='ltr'><strong>imo</strong></span> <span class='ocrx_word' id='word_1_476' title='bbox 1616 4993 1830 5074; x_wconf 92' lang='lat' dir='ltr'><strong>potius</strong></span> <span class='ocrx_word' id='word_1_477' title='bbox 1865 5012 2057 5056; x_wconf 90' lang='lat' dir='ltr'><strong>causa</strong></span> <span class='ocrx_word' id='word_1_478' title='bbox 2084 5001 2182 5056; x_wconf 88' lang='lat' dir='ltr'><strong>est</strong></span> <span class='ocrx_word' id='word_1_479' title='bbox 2220 5013 2314 5057; x_wconf 89' lang='lat' dir='ltr'><strong>re-</strong></span> 
     </span>
     <span class='ocr_line' id='line_1_85' title="bbox 814 5090 2314 5174; baseline -0.001 -18"><span class='ocrx_word' id='word_1_480' title='bbox 814 5113 979 5157; x_wconf 91' lang='lat' dir='ltr'><strong>rum.</strong></span> <span class='ocrx_word' id='word_1_481' title='bbox 1029 5092 1338 5156; x_wconf 87' lang='lat' dir='ltr'><strong>Malorum</strong></span> <span class='ocrx_word' id='word_1_482' title='bbox 1396 5107 1549 5153; x_wconf 91' lang='lat' dir='ltr'><strong>vero</strong></span> <span class='ocrx_word' id='word_1_483' title='bbox 1606 5090 1813 5172; x_wconf 82' lang='lat' dir='ltr'><strong>culpae</strong></span> <span class='ocrx_word' id='word_1_484' title='bbox 1872 5091 1940 5153; x_wconf 91' lang='lat' dir='ltr'><strong>in</strong></span> <span class='ocrx_word' id='word_1_485' title='bbox 1998 5100 2314 5174; x_wconf 89' lang='lat' dir='ltr'><strong>quantum</strong></span> 
     </span>
     <span class='ocr_line' id='line_1_86' title="bbox 812 5190 2311 5278; baseline -0.001 -24"><span class='ocrx_word' id='word_1_486' title='bbox 812 5190 1283 5278; x_wconf 64' lang='lat' dir='ltr'><strong>hujuscemodi,</strong></span> <span class='ocrx_word' id='word_1_487' title='bbox 1316 5205 1445 5254; x_wconf 91' lang='lat' dir='ltr'><strong>non</strong></span> <span class='ocrx_word' id='word_1_488' title='bbox 1473 5195 1572 5251; x_wconf 90' lang='lat' dir='ltr'><strong>est</strong></span> <span class='ocrx_word' id='word_1_489' title='bbox 1614 5207 1805 5252; x_wconf 88' lang='lat' dir='ltr'><strong>causa</strong></span> <span class='ocrx_word' id='word_1_490' title='bbox 1843 5190 2167 5262; x_wconf 78' lang='lat' dir='ltr'><strong>effectiva,</strong></span> <span class='ocrx_word' id='word_1_491' title='bbox 2200 5191 2311 5255; x_wconf 91' lang='lat' dir='ltr'><strong>sed</strong></span> 
     </span>
     <span class='ocr_line' id='line_1_87' title="bbox 816 5307 1215 5378; baseline -0.003 -25"><span class='ocrx_word' id='word_1_492' title='bbox 816 5307 1215 5378; x_wconf 68' lang='lat' dir='ltr'><strong>permissura.</strong></span> 
     </span>
    </p>
   </div>
   <div class='ocr_carea' id='block_1_19' title="bbox 2422 4303 3934 5369">
    <p class='ocr_par' dir='ltr' id='par_1_22' title="bbox 2422 4303 3934 5369">
     <span class='ocr_line' id='line_1_88' title="bbox 2426 4303 3926 4387; baseline 0.003 -21"><span class='ocrx_word' id='word_1_493' title='bbox 2426 4304 2538 4366; x_wconf 92' lang='lat' dir='ltr'><strong>Dei</strong></span> <span class='ocrx_word' id='word_1_494' title='bbox 2569 4303 2846 4385; x_wconf 88' lang='lat' dir='ltr'><strong>aliquam</strong></span> <span class='ocrx_word' id='word_1_495' title='bbox 2873 4322 3215 4386; x_wconf 88' lang='lat' dir='ltr'><strong>possumus</strong></span> <span class='ocrx_word' id='word_1_496' title='bbox 3243 4304 3568 4387; x_wconf 87' lang='lat' dir='ltr'><strong>assignare</strong></span> <span class='ocrx_word' id='word_1_497' title='bbox 3591 4306 3926 4383; x_wconf 85' lang='lat' dir='ltr'><strong>rationem,</strong></span> 
     </span>
     <span class='ocr_line' id='line_1_89' title="bbox 2428 4401 3934 4488; baseline 0.005 -25"><span class='ocrx_word' id='word_1_498' title='bbox 2428 4401 2746 4483; x_wconf 91' lang='lat' dir='ltr'><strong>loquendo</strong></span> <span class='ocrx_word' id='word_1_499' title='bbox 2778 4402 2843 4463; x_wconf 91' lang='lat' dir='ltr'><strong>in</strong></span> <span class='ocrx_word' id='word_1_500' title='bbox 2875 4403 3226 4478; x_wconf 86' lang='lat' dir='ltr'><strong>communi,</strong></span> <span class='ocrx_word' id='word_1_501' title='bbox 3260 4421 3376 4465; x_wconf 85' lang='lat' dir='ltr'><strong>cur</strong></span> <span class='ocrx_word' id='word_1_502' title='bbox 3402 4403 3656 4487; x_wconf 87' lang='lat' dir='ltr'><strong>aliquos</strong></span> <span class='ocrx_word' id='word_1_503' title='bbox 3683 4407 3934 4488; x_wconf 79' lang='lat' dir='ltr'><strong>praede-</strong></span> 
     </span>
     <span class='ocr_line' id='line_1_90' title="bbox 2425 4499 3930 4586; baseline 0.004 -24"><span class='ocrx_word' id='word_1_504' title='bbox 2425 4500 2686 4563; x_wconf 89' lang='lat' dir='ltr'><strong>stinavit</strong></span> <span class='ocrx_word' id='word_1_505' title='bbox 2712 4499 3043 4582; x_wconf 86' lang='lat' dir='ltr'><strong>voluitque</strong></span> <span class='ocrx_word' id='word_1_506' title='bbox 3071 4500 3325 4578; x_wconf 86' lang='lat' dir='ltr'><strong>salvari,</strong></span> <span class='ocrx_word' id='word_1_507' title='bbox 3343 4509 3408 4564; x_wconf 89' lang='lat' dir='ltr'><strong>ct</strong></span> <span class='ocrx_word' id='word_1_508' title='bbox 3433 4502 3594 4566; x_wconf 87' lang='lat' dir='ltr'><strong>alios</strong></span> <span class='ocrx_word' id='word_1_509' title='bbox 3623 4505 3930 4586; x_wconf 87' lang='lat' dir='ltr'><strong>reproba·</strong></span> 
     </span>
     <span class='ocr_line' id='line_1_91' title="bbox 2426 4597 3930 4685; baseline 0.005 -25"><span class='ocrx_word' id='word_1_510' title='bbox 2426 4599 2518 4660; x_wconf 89' lang='lat' dir='ltr'><strong>vit</strong></span> <span class='ocrx_word' id='word_1_511' title='bbox 2555 4616 2570 4660; x_wconf 73' lang='grc' dir='ltr'>ε</span> <span class='ocrx_word' id='word_1_512' title='bbox 2603 4597 2902 4660; x_wconf 87' lang='lat' dir='ltr'><strong>videlicet</strong></span> <span class='ocrx_word' id='word_1_513' title='bbox 2933 4606 3005 4659; x_wconf 92' lang='lat' dir='ltr'><strong>ut</strong></span> <span class='ocrx_word' id='word_1_514' title='bbox 3035 4598 3472 4663; x_wconf 89' lang='lat' dir='ltr'><strong>misericordia</strong></span> <span class='ocrx_word' id='word_1_515' title='bbox 3512 4620 3628 4665; x_wconf 88' lang='lat' dir='ltr'><strong>sua</strong></span> <span class='ocrx_word' id='word_1_516' title='bbox 3663 4603 3729 4665; x_wconf 92' lang='lat' dir='ltr'><strong>in</strong></span> <span class='ocrx_word' id='word_1_517' title='bbox 3768 4622 3930 4685; x_wconf 77' lang='lat' dir='ltr'><strong>prae·</strong></span> 
     </span>
     <span class='ocr_line' id='line_1_92' title="bbox 2426 4696 3930 4781; baseline 0.003 -21"><span class='ocrx_word' id='word_1_518' title='bbox 2426 4697 2758 4760; x_wconf 91' lang='lat' dir='ltr'><strong>destinatis</strong></span> <span class='ocrx_word' id='word_1_519' title='bbox 2807 4696 3107 4771; x_wconf 84' lang='lat' dir='ltr'><strong>reluceat,</strong></span> <span class='ocrx_word' id='word_1_520' title='bbox 3159 4698 3225 4760; x_wconf 94' lang='lat' dir='ltr'><strong>in</strong></span> <span class='ocrx_word' id='word_1_521' title='bbox 3277 4699 3569 4781; x_wconf 89' lang='lat' dir='ltr'><strong>reprobis</strong></span> <span class='ocrx_word' id='word_1_522' title='bbox 3609 4719 3760 4766; x_wconf 87' lang='lat' dir='ltr'><strong>vero</strong></span> <span class='ocrx_word' id='word_1_523' title='bbox 3807 4721 3930 4764; x_wconf 79' lang='lat' dir='ltr'><strong>sua</strong></span> 
     </span>
     <span class='ocr_line' id='line_1_93' title="bbox 2422 4794 3925 4881; baseline 0.005 -25"><span class='ocrx_word' id='word_1_524' title='bbox 2422 4794 2689 4875; x_wconf 87' lang='lat' dir='ltr'><strong>justitia.</strong></span> <span class='ocrx_word' id='word_1_525' title='bbox 2726 4794 2914 4857; x_wconf 90' lang='lat' dir='ltr'><strong>Porro</strong></span> <span class='ocrx_word' id='word_1_526' title='bbox 2945 4794 3264 4877; x_wconf 90' lang='lat' dir='ltr'><strong>loquendo</strong></span> <span class='ocrx_word' id='word_1_527' title='bbox 3294 4796 3372 4859; x_wconf 88' lang='lat' dir='ltr'><strong>de</strong></span> <span class='ocrx_word' id='word_1_528' title='bbox 3402 4797 3503 4860; x_wconf 92' lang='lat' dir='ltr'><strong>his</strong></span> <span class='ocrx_word' id='word_1_529' title='bbox 3533 4797 3599 4861; x_wconf 92' lang='lat' dir='ltr'><strong>in</strong></span> <span class='ocrx_word' id='word_1_530' title='bbox 3631 4800 3925 4881; x_wconf 87' lang='lat' dir='ltr'><strong>speciali,</strong></span> 
     </span>
     <span class='ocr_line' id='line_1_94' title="bbox 2426 4892 3934 4978; baseline 0.004 -22"><span class='ocrx_word' id='word_1_531' title='bbox 2426 4911 2542 4956; x_wconf 91' lang='lat' dir='ltr'><strong>cur</strong></span> <span class='ocrx_word' id='word_1_532' title='bbox 2580 4892 2827 4956; x_wconf 89' lang='lat' dir='ltr'><strong>scilicet</strong></span> <span class='ocrx_word' id='word_1_533' title='bbox 2867 4893 3068 4974; x_wconf 87' lang='lat' dir='ltr'><strong>magis</strong></span> <span class='ocrx_word' id='word_1_534' title='bbox 3106 4894 3299 4975; x_wconf 89' lang='lat' dir='ltr'><strong>elegit</strong></span> <span class='ocrx_word' id='word_1_535' title='bbox 3336 4904 3400 4957; x_wconf 89' lang='lat' dir='ltr'><strong>ct</strong></span> <span class='ocrx_word' id='word_1_536' title='bbox 3447 4897 3934 4978; x_wconf 80' lang='lat' dir='ltr'><strong>praedestinavit</strong></span> 
     </span>
     <span class='ocr_line' id='line_1_95' title="bbox 2424 4992 3928 5076; baseline 0.004 -21"><span class='ocrx_word' id='word_1_537' title='bbox 2424 4993 2621 5055; x_wconf 90' lang='lat' dir='ltr'><strong>istum</strong></span> <span class='ocrx_word' id='word_1_538' title='bbox 2652 5010 2846 5074; x_wconf 92' lang='lat' dir='ltr'><strong>quam</strong></span> <span class='ocrx_word' id='word_1_539' title='bbox 2876 4992 3084 5067; x_wconf 88' lang='lat' dir='ltr'><strong>illum,</strong></span> <span class='ocrx_word' id='word_1_540' title='bbox 3116 4993 3361 5056; x_wconf 90' lang='lat' dir='ltr'><strong>nullam</strong></span> <span class='ocrx_word' id='word_1_541' title='bbox 3393 5012 3737 5076; x_wconf 87' lang='lat' dir='ltr'><strong>possumus</strong></span> <span class='ocrx_word' id='word_1_542' title='bbox 3775 5015 3928 5062; x_wconf 85' lang='lat' dir='ltr'><strong>cau-</strong></span> 
     </span>
     <span class='ocr_line' id='line_1_96' title="bbox 2424 5091 3926 5182; baseline 0.003 -28"><span class='ocrx_word' id='word_1_543' title='bbox 2424 5110 2560 5154; x_wconf 88' lang='lat' dir='ltr'><strong>sam</strong></span> <span class='ocrx_word' id='word_1_544' title='bbox 2591 5092 2983 5154; x_wconf 89' lang='lat' dir='ltr'><strong>rationemve</strong></span> <span class='ocrx_word' id='word_1_545' title='bbox 3011 5091 3497 5178; x_wconf 84' lang='lat' dir='ltr'><strong>assignare,nisi</strong></span> <span class='ocrx_word' id='word_1_546' title='bbox 3528 5093 3640 5182; x_wconf 76' lang='lat' dir='ltr'><strong>Dei</strong></span> <span class='ocrx_word' id='word_1_547' title='bbox 3673 5094 3926 5159; x_wconf 86' lang='lat' dir='ltr'><strong>liberri-</strong></span> 
     </span>
     <span class='ocr_line' id='line_1_97' title="bbox 2423 5187 3924 5274; baseline 0.003 -22"><span class='ocrx_word' id='word_1_548' title='bbox 2423 5208 2596 5252; x_wconf 87' lang='lat' dir='ltr'><strong>mam</strong></span> <span class='ocrx_word' id='word_1_549' title='bbox 2646 5187 3060 5252; x_wconf 88' lang='lat' dir='ltr'><strong>voluntatem.</strong></span> <span class='ocrx_word' id='word_1_550' title='bbox 3103 5189 3262 5266; x_wconf 91' lang='lat' dir='ltr'><strong>Imo,</strong></span> <span class='ocrx_word' id='word_1_551' title='bbox 3303 5197 3376 5252; x_wconf 92' lang='lat' dir='ltr'><strong>ut</strong></span> <span class='ocrx_word' id='word_1_552' title='bbox 3419 5190 3622 5274; x_wconf 86' lang='lat' dir='ltr'><strong>aliqui</strong></span> <span class='ocrx_word' id='word_1_553' title='bbox 3669 5193 3924 5270; x_wconf 87' lang='lat' dir='ltr'><strong>dicunt,</strong></span> 
     </span>
     <span class='ocr_line' id='line_1_98' title="bbox 2425 5285 3926 5369; baseline 0.005 -19"><span class='ocrx_word' id='word_1_554' title='bbox 2425 5289 2492 5366; x_wconf 84' lang='lat' dir='ltr'><strong>in</strong></span> <span class='ocrx_word' id='word_1_555' title='bbox 2533 5287 2798 5352; x_wconf 83' lang='lat' dir='ltr'><strong>veritate</strong></span> <span class='ocrx_word' id='word_1_556' title='bbox 2838 5285 3033 5369; x_wconf 85' lang='lat' dir='ltr'><strong>hujus</strong></span> <span class='ocrx_word' id='word_1_557' title='bbox 3078 5287 3170 5350; x_wconf 88' lang='lat' dir='ltr'><strong>rei</strong></span> <span class='ocrx_word' id='word_1_558' title='bbox 3215 5287 3392 5351; x_wconf 90' lang='lat' dir='ltr'><strong>nulla</strong></span> <span class='ocrx_word' id='word_1_559' title='bbox 3433 5296 3533 5353; x_wconf 85' lang='lat' dir='ltr'><strong>est</strong></span> <span class='ocrx_word' id='word_1_560' title='bbox 3578 5308 3768 5354; x_wconf 87' lang='lat' dir='ltr'><strong>causa</strong></span> <span class='ocrx_word' id='word_1_561' title='bbox 3807 5301 3926 5358; x_wconf 87' lang='lat' dir='ltr'><strong>aut</strong></span> 
     </span>
    </p>
   </div>
   <div class='ocr_carea' id='block_1_20' title="bbox 3955 3348 4224 3581">
    <p class='ocr_par' dir='ltr' id='par_1_23' title="bbox 3955 3348 4224 3581">
     <span class='ocr_line' id='line_1_99' title="bbox 3987 3348 4218 3406; baseline -0.009 -12"><span class='ocrx_word' id='word_1_562' title='bbox 3987 3349 4066 3406; x_wconf 76' lang='lat' dir='ltr'><strong>Cf.</strong></span> <span class='ocrx_word' id='word_1_563' title='bbox 4085 3354 4122 3392; x_wconf 83' lang='lat' dir='ltr'><strong>t.</strong></span> <span class='ocrx_word' id='word_1_564' title='bbox 4141 3348 4218 3398; x_wconf 78' lang='lat'><strong>11.</strong></span> 
     </span>
     <span class='ocr_line' id='line_1_100' title="bbox 3957 3413 4224 3468; baseline -0.015 -9"><span class='ocrx_word' id='word_1_565' title='bbox 3957 3428 4008 3468; x_wconf 77' lang='lat' dir='ltr'><strong>p.</strong></span> <span class='ocrx_word' id='word_1_566' title='bbox 4033 3413 4160 3456; x_wconf 74' lang='lat'><strong>5³5⁰</strong></span> <span class='ocrx_word' id='word_1_567' title='bbox 4183 3419 4224 3455; x_wconf 74' lang='lat' dir='ltr'><strong>et</strong></span> 
     </span>
     <span class='ocr_line' id='line_1_101' title="bbox 3956 3473 4224 3527; baseline -0.007 -9"><span class='ocrx_word' id='word_1_568' title='bbox 3956 3473 4224 3527; x_wconf 63' lang='lat'><strong>...5450&#39;22</strong></span> 
     </span>
     <span class='ocr_line' id='line_1_102' title="bbox 3955 3549 3998 3581; baseline -0.023 0"><span class='ocrx_word' id='word_1_569' title='bbox 3955 3549 3998 3581; x_wconf 73' lang='grc' dir='ltr'><strong>ο.</strong></span> 
     </span>
    </p>
   </div>
   <div class='ocr_carea' id='block_1_21' title="bbox 4280 5563 4285 6203">
    <p class='ocr_par' dir='ltr' id='par_1_24' title="bbox 4280 5563 4285 6203">
     <span class='ocr_line' id='line_1_103' title="bbox 4280 5563 4285 6203; baseline 0 0"><span class='ocrx_word' id='word_1_570' title='bbox 4280 5563 4285 6203; x_wconf 95' lang='lat' dir='ltr'><strong> </strong></span> 
     </span>
    </p>
   </div>
  </div>
 </body>
</html>
