4300 6259
909 510 989 556 ΒΕ
1030 509 1256 556 Lunum
1297 508 1682 555 cnnts'rtartffi
1722 505 2024 563 Tuscum,
2070 507 2247 553 LIBER
2290 509 2329 552 1.
2376 526 2451 537 —
2496 507 2635 554 ΛΒΤ.
2682 508 2802 552 Lvn

3288 485 3409 550 299

319 681 450 766 plar
491 679 856 744 declivioris
905 678 1182 741 vii-tutia.
1230 679 1596 752 Enimver0,
1645 694 1800 760 quo·
1830 675 1881 740 A
1911 694 2052 740 esse
2119 676 2373 752 debere,
2437 677 2976 760 quemadmodum
3036 675 3259 758 utique
3316 694 3411 737 ar-

319 781 480 843 niam
510 786 686 842 extra
715 778 1008 841 divinum
1051 777 1474 850 intellectum,
1507 777 1618 858 qui
1660 775 1800 838 uni-

314 879 627 942 versaliter
644 896 839 958 agens
869 884 988 950 est,
1013 877 1187 938 ideas
1219 894 1343 938 non
1381 874 1800 958 ponimuS,ob

317 978 374 1040 id
403 978 601 1040 ideam
641 975 1038 1058 principium
1075 974 1340 1046 facienS,
1371 992 1498 1037 non
1538 973 1797 1046 sactum,

313 1076 716 1160 appellamus.
752 1075 862 1137 Est
891 1074 1133 1156 quippe
1165 1073 1305 1136 idea
1333 1073 1602 1136 formale
1633 1073 1802 1155 prin-

317 1175 544 1257 cipium
603 1174 822 1237 omnia
879 1172 1185 1245 formanS,
1237 1171 1327 1234 nil
1387 1190 1647 1253 prorsus
1707 1171 1800 1233 in-

317 1275 603 1337 formanS.

387 1371 450 1432 In
499 1371 618 1434 hoc
667 1388 820 1452 ergo
875 1391 912 1434 a
966 1371 1224 1433 Platone
1272 1368 1732 1449 distinguimur
1782 1385 1796 1430 :

318 1489 451 1532 nam
485 1469 592 1531 ille
621 1478 798 1531 extra
829 1470 1116 1532 divinam
1149 1476 1456 1540 mentem,
1493 1466 1796 1529 idealium

319 1567 682 1640 formarum,
731 1587 890 1650 quas
947 1568 1100 1630 deos
1159 1566 1579 1648 nuncupavit,
1637 1564 1801 1628 ordi·

319 1687 452 1729 nem
495 1667 832 1740 statuebat,
865 1666 1034 1729 sicut
1061 1667 1190 1747 jam
1223 1673 1368 1728 ante.
1408 1665 1486 1728 de
1525 1682 1602 1727 eo
1641 1664 1798 1726 reci-

317 1773 504 1828 tatum
535 1774 670 1843 est3
705 1784 818 1828 nos
859 1772 1072 1827 autem
1113 1782 1238 1827 non
1281 1763 1402 1826 nisi
1445 1763 1508 1824 in
1554 1761 1800 1824 lumine

318 1863 494 1945 primi
545 1863 846 1946 principii
880 1881 986 1926 eas
1017 1861 1424 1925 confitemur.
1458 1861 1632 1923 Unde
1670 1861 1802 1923 Pla-
1829 1861 1874 1922 B
1911 1857 2070 1920 dixit
2123 1877 2136 1920 ε
2190 1859 2237 1921 O
2287 1861 2397 1942 qui
2448 1868 2755 1942 perpetua
2804 1859 3117 1921 mundum
3166 1857 3409 1920 ratione
3441 1870 3729 1944 [pneumam.

1908 1956 2227 2036 gubernas
2254 1975 2270 2035 ;
2302 1965 2387 2028 et,
2420 1958 2727 2020 Mundum
2762 1966 2975 2021 mente
3002 1975 3229 2039 gerens
3269 1955 3407 2038 pul·
3434 1934 3505 2040 ζὴ
3528 1949 3584 1986 ““”
3606 1941 3726 1979 Μ’·

321 1969 377 2023 to
407 1961 608 2024 ideam
640 1961 800 2024 dixit
836 1979 964 2024 non
1005 1968 1249 2024 tantum
1283 1959 1590 2022 factivum
1633 1958 1801 2040 prin-

315 2060 568 2141 cipium,
619 2061 730 2122 sed
791 2061 984 2122 etiam
1046 2059 1316 2122 sormam
1372 2057 1797 2139 exemplatam

319 2158 511 2220 ideam
561 2158 828 2220 vocavit.
881 2158 1116 2220 Omnes
1166 2175 1443 2238 namque
1491 2155 1800 2219 secundo-

315 2275 444 2317 rum
495 2257 794 2318 ordinum
845 2255 958 2328 dii,
1015 2255 1504 2338 participatione
1559 2253 1797 2316 summi

315 2354 414 2416 Dei
457 2355 760 2418 deitatem
799 2354 1158 2417 sortiuntur
1200 2371 1214 2416 :
1252 2353 1553 2436 quoniam
1598 2360 1670 2414 ut
1709 2353 1798 2415 ait

313 2451 578 2525 ProcluS,
613 2471 780 2514 unus
823 2452 1108 2523 αὐτόθεος,
1143 2451 1206 2514 id
1245 2459 1340 2513 est
1379 2471 1456 2513 ex
1497 2469 1564 2513 se
1604 2451 1792 2512 Deus.

313 2549 421 2611 Sed
478 2550 545 2612 in
611 2551 732 2613 hoc
790 2569 938 2612 cum
997 2548 1251 2612 Platone
1310 2549 1794 2620 concordamuS‚

312 2649 466 2730 quod
495 2655 626 2710 tam
657 2647 1094 2710 causalitatem
1132 2666 1324 2728 quam
1354 2647 1545 2709 etiam
1589 2647 1798 2727 cogni-

310 2747 486 2808 tionis
517 2746 819 2809 l'ontalem
851 2745 1158 2826 originem
1184 2744 1590 2807 attribuimus
1622 2745 1793 2808 ideae.

313 2844 452 2906 Nam
511 2853 584 2907 ut
638 2845 914 2928 septimo
963 2843 1186 2907 Primae
1237 2843 1656 2926 philosophiae
1706 2862 1797 2905 re-

313 2943 424 3005 fert
466 2943 860 3016 Aristoteles,
913 2949 1174 3025 propter
1225 2943 1350 3005 duo
1400 2942 1534 3005 haec
1584 2942 1796 3024 posuit

1911 775 2226 858 chetypus
2260 775 2367 838 ille
2401 776 2678 839 mundus
2711 774 3229 858 praecontinebat.

1996 874 2136 938 Haec
2170 892 2323 937 vero
2360 895 2501 956 quae
2542 893 2713 937 nunc
2753 874 2923 936 dicta
2961 881 3132 948 sunt,
3166 882 3415 936 senten-

1913 972 2019 1035 tiis
2049 973 2385 1054 Augustini
2426 981 2490 1036 et
2525 973 2811 1036 Anselmi
2852 991 2967 1056 per
3009 973 3224 1036 omnia
3268 987 3417 1034 con-

1913 1070 2146 1133 formia
2178 1079 2327 1133 sunt
2360 1090 2373 1133 :
2410 1072 2507 1134 hae
2550 1072 2789 1134 etenim
2832 1071 3067 1134 ideales
3112 1071 3413 1144 rationeS,

1913 1177 2165 1233 aeternae
2232 1179 2295 1232 et
2362 1169 2921 1234 incommutabiles
2979 1177 3129 1232 sunt
3183 1169 3417 1232 divinae

1915 1267 2148 1330 mentis
2196 1269 2508 1343 notioneS,
2552 1287 2825 1351 quarum
2877 1268 3417 1350 contemplatione

1914 1373 2144 1428 cuncta
2204 1369 2459 1430 condita
2518 1375 2667 1430 sunt
2724 1375 2914 1449 atque
2972 1373 3301 1448 reguntur,
3355 1372 3417 1428 et

1912 1484 2054 1546 quae
2086 1465 2557 1528 destructibilia
2598 1474 2767 1540 sunt,
2800 1472 2865 1528 et
2901 1484 3042 1547 quae
3084 1465 3419 1527 indissolu-

1913 1561 2085 1624 bilia.
2123 1564 2433 1647 Denique,
2466 1583 2615 1626 cum
2645 1563 3107 1646 temporalibus
3139 1581 3265 1625 non
3297 1561 3417 1624 ori-

1912 1670 2129 1734 untur,
2181 1683 2388 1746 neque
2450 1682 2595 1727 cum
2659 1662 3189 1744 corruptibilibus
3249 1661 3413 1724 occi-

1910 1760 2303 1841 dunt.Cujus
2334 1762 2668 1844 positionis
2698 1762 2953 1824 Boetius
2984 1759 3413 1835 exstitit‚dum

1911 2053 2160 2128 chrum,
2209 2055 2681 2136 pulcherrimus
2726 2056 2883 2138 ipse.

1989 2154 2169 2216 Nunc
2214 2171 2364 2235 ergo
2415 2155 2756 2217 innotescit
2804 2146 2955 2236 quid
3000 2153 3081 2216 sit
3133 2152 3293 2224 idea,
3345 2159 3408 2213 et

1907 2253 2063 2335 quid
2095 2253 2319 2316 idealis
2350 2253 2511 2315 ratio
2543 2271 2556 2314 :
2593 2253 2896 2336 quoniam
2936 2253 3105 2315 aliud
3148 2268 3274 2314 non
3314 2257 3409 2312 est

1907 2351 2030 2415 nisi
2090 2352 2325 2414 divinae
2386 2351 2617 2414 mentis
2676 2351 2996 2414 notionale
3054 2349 3405 2432 exemplar,

1907 2451 2159 2513 causale
2192 2459 2427 2524 tamen,
2460 2456 2524 2511 et
2566 2468 2691 2513 non
2738 2457 3082 2513 causatum.

2288 2713 2775 2778 ARTICULUS
2824 2715 3030 2777 LVII.

1908 2865 2091 2932 Quod
2148 2863 2463 2922 idealium
2522 2863 2853 2922 rationum
2910 2884 3021 2923 seu
3078 2867 3405 2939 exempla·

1989 2953 2167 3010 rium
2205 2951 2559 3025 specierum
2602 2951 2956 3010 multitudo
2993 2952 3408 3026 simplicitati

313 3041 469 3104 Plato
525 3042 762 3104 ideales
831 3041 1068 3104 formas
1127 3061 1242 3123 per
1297 3060 1364 3102 se
1422 3040 1791 3112 subsistere,
1824 3040 1869 3105 C
1986 3041 2209 3099 divini
2256 3041 2623 3100 intellec-tus
2668 3059 2798 3100 non
2846 3043 3123 3117 deroqet.

311 3158 562 3220 quarum
613 3139 1004 3221 intelligibili
1055 3139 1538 3222 participatione
1589 3157 1798 3202 causa-

312 3245 474 3299 retur
509 3239 781 3300 scientia
823 3238 888 3300 in
939 3238 1188 3300 cunctis
1238 3236 1692 3310 intellectibuS‚
1734 3245 1798 3300 et

310 3337 666 3400 earumdem
699 3335 950 3400 formali
991 3356 1104 3399 seu
1145 3335 1467 3400 essentiali
1513 3337 1798 3399 emicati-

310 3451 419 3496 one
459 3436 621 3497 dixit
661 3435 880 3498 omnia
923 3435 1210 3517 produci.

379 3533 680 3606 Quoniam
713 3533 910 3614 igitur
944 3533 1204 3596 divinus
1237 3531 1600 3595 intellectus
1645 3553 1796 3597 cun-

312 3641 400 3693 cta
444 3633 696 3696 aeternis
746 3631 1102 3694 rationibus
1157 3631 1481 3713 produxit,
1537 3639 1606 3693 ut
1661 3633 1792 3712 jam

311 3730 800 3793 demonstratum
871 3736 988 3802 est,
1051 3728 1464 3791 manifestum
1525 3739 1623 3792 est
1679 3731 1792 3792 has

311 3829 568 3891 rationes
609 3835 876 3891 aeternas
921 3828 1014 3890 illi
1065 3827 1238 3890 ideas
1281 3846 1420 3890 esse
1465 3846 1479 3890 :
1525 3829 1792 3910 ideoque

313 3925 368 3987 in
404 3926 922 4008 splendidissimo
965 3925 1198 3988 divinae
1244 3925 1404 3988 lucis
1446 3924 1618 3988 fonte
1659 3927 1794 3988 uni·

309 4043 473 4086 versa
529 4023 822 4086 idealiter
872 4023 1248 4086 consistunt.
1302 4023 1564 4105 Propter
1622 4025 1791 4106 quod

309 4120 366 4182 in
394 4123 624 4186 Timaeo
665 4122 757 4184 sic
797 4121 970 4184 Plato
1009 4121 1259 4184 locutus
1302 4129 1398 4182 est
1431 4138 1444 4182 :
1481 4122 1642 4184 Dum
1687 4123 1790 4185 hic

2033 3236 2245 3299 URUM
2276 3236 2516 3318 quippe
2548 3241 2663 3307 est,
2699 3235 2867 3318 quod
2898 3236 3121 3300 alienae
3166 3243 3405 3300 naturae

2060 3333 2551 3396 incommixtum
2601 3340 2694 3396 est
2742 3351 2755 3396 :
2803 3334 2895 3396 sic
2945 3333 3119 3396 enim
3169 3353 3403 3418 purum

1905 3451 2132 3494 aurum
2184 3431 2441 3503 dicitur,
2494 3430 2545 3492 si
2597 3430 2688 3492 nil
2747 3439 2989 3494 naturae
3046 3440 3403 3495 ceterorum

1907 3531 2310 3594 metallorum
2359 3529 2590 3592 habeat
2645 3530 3041 3611 adJunctum.
3094 3531 3401 3604 Quoniam

1903 3648 2053 3710 ergo
2096 3629 2449 3692 secundum
2492 3629 2905 3710 praeinducta,
2938 3629 3230 3692 divinum
3266 3649 3403 3692 esse

1903 3727 2459 3809 simplicissimum
2496 3735 2590 3789 est
2620 3735 2683 3788 et
2718 3729 2926 3789 unitas
2958 3747 3139 3808 pura,
3166 3729 3401 3790 mirum

1903 3825 2115 3888 forsan
2147 3825 2493 3898 videbitur,
2516 3825 2790 3906 qualiter
2821 3825 3164 3887 multitudo
3192 3827 3405 3909 aliqua

1904 3923 2023 4006 ipsi
2059 3923 2265 3985 inesse
2298 3921 2497 4004 possit
2527 3922 2963 3996 idearum,aut
2992 3932 3161 3985 certe
3192 3942 3403 3986 exem-

1901 4021 2179 4104 plarium
2218 4021 2555 4082 rationum.
2602 4020 2846 4094 Adhuc,
2890 4040 3090 4082 unum
3141 4021 3206 4083 in
3257 4022 3402 4084 sub-

1901 4119 2132 4182 stantia
2203 4118 2353 4181 facit
2424 4118 2618 4191 idem,
2694 4119 2759 4180 in
2829 4119 3180 4200 quantitate
3255 4138 3404 4183 vero

310 4220 568 4282 mundus
619 4220 906 4282 nondum
965 4220 1320 4283 contineret
1376 4220 1592 4282 omnia
1650 4240 1790 4302 quae
1822 4221 1870 4282 D
1901 4218 2167 4300 aequale,
2204 4217 2267 4278 in
2298 4217 2603 4298 qualitate
2634 4225 2845 4280 autem
2889 4217 3121 4292 simile,
3156 4227 3225 4280 ut
3266 4238 3405 4300 pro·

309 4316 715 4398 intelligibilis
757 4319 1055 4390 munduS,
1091 4319 1168 4380 ad
1218 4317 1404 4399 cujus
1447 4318 1792 4380 aemulatio-

307 4433 436 4476 nem
464 4415 684 4488 fiebat,
701 4415 819 4478 hoc
843 4416 1010 4497 quod
1038 4414 1558 4488 deerat‚addebat
1577 4415 1790 4497 opifex

309 4513 496 4592 Deus3
526 4521 718 4596 atque
749 4523 822 4576 ut
855 4533 1034 4576 mens
1063 4515 1250 4595 cujus
1295 4514 1472 4576 visus
1513 4523 1792 4577 contem-

307 4611 612 4695 platioque
659 4621 758 4675 est
805 4612 1190 4684 intellectuS,
1233 4612 1515 4675 idearum
1559 4630 1792 4694 genera

305 4711 760 4792 contemplatur
787 4710 852 4772 in
897 4710 1284 4792 intelligibili
1328 4711 1566 4772 mundo
1601 4727 1614 4772 :
1650 4731 1790 4793 quae

309 4805 448 4870 ideae
468 4817 614 4870 sunt
646 4807 739 4870 illi
773 4807 1092 4870 animalia.
1108 4808 1224 4870 Per
1246 4807 1527 4870 idearum
1548 4809 1788 4891 quippe

305 4923 520 4984 genera
559 4905 863 4987 intelligit
903 4905 1294 4988 multiplices
1336 4913 1528 4988 atque
1567 4906 1790 4968 distin-

307 5011 426 5065 ctas
453 5004 876 5067 animantium
910 5005 1200 5067 notiones
1236 5023 1250 5066 :
1285 5005 1380 5067 hae
1412 5023 1646 5087 nempe
1679 5023 1786 5067 no-

305 5101 494 5164 tiones
541 5110 694 5164 sunt
739 5104 868 5166 Deo
915 5103 1235 5166 animalia.
1271 5103 1346 5166 Et
1395 5111 1536 5185 post
1588 5121 1786 5184 pauca

305 5197 533 5260 addidit
573 5200 746 5262 Plato
789 5215 804 5260 :
849 5199 950 5262 Sic
991 5201 1158 5262 Deus
1209 5199 1274 5262 in
1323 5199 1444 5262 hoc
1493 5199 1783 5262 sensibili

305 5298 530 5362 mundo
565 5299 820 5362 diversa
863 5299 1240 5363 animalium
1285 5316 1520 5382 genera
1565 5299 1785 5363 statuit

1902 4316 2008 4379 bat
2037 4316 2425 4379 Aristoteles.
2448 4315 2759 4390 Quoniam
2789 4334 2939 4398 ergo
2969 4317 3134 4380 Deus
3165 4325 3262 4380 est
3294 4339 3402 4400 pu-

1900 4434 1969 4476 ra
1999 4415 2233 4488 unitaS,
2255 4414 2376 4496 ipsi
2408 4415 2672 4478 omnino
2702 4416 3007 4497 competit
3039 4434 3196 4498 pura
3229 4417 3401 4479 iden-

1900 4513 2046 4574 titas
2080 4530 2093 4574 :
2130 4512 2307 4574 nulla
2346 4531 2494 4593 ergo
2538 4513 2873 4575 diversitas
2920 4513 3041 4596 ipsi
3087 4515 3395 4594 congruit.

1899 4611 2116 4692 ltaque
2147 4630 2275 4674 non
2308 4618 2524 4673 essent
2554 4611 2619 4673 in
2652 4629 2727 4674 eo
2760 4612 2975 4693 plures
3010 4612 3165 4674 ideae
3189 4629 3205 4673 :
3231 4613 3399 4694 quod

1899 4717 2110 4772 tamen
2156 4710 2395 4771 directe
2446 4717 2541 4771 est
2591 4717 2809 4772 contra
2857 4709 3283 4790 Augustinum
3335 4711 3395 4772 in

1899 4808 2063 4870 libro
2101 4807 2393 4871 LXXXllI
2443 4808 2894 4881 Quaestionum.
2937 4808 3265 4882 Praeterea,
3308 4829 3399 4872 se-

1897 4907 2178 4969 cundum
2210 4913 2525 4968 auctorem
2560 4905 2707 4967 libri
2740 4905 3399 4988 Causarum,primum

1894 5005 2053 5067 adeo
2083 5012 2181 5066 est
2212 5004 2509 5086 simplex,
2544 5011 2613 5065 ut
2642 5021 2770 5066 non
2803 5005 2885 5066 sit
2918 5005 2981 5066 in
3015 5005 3155 5086 ipso
3192 5006 3397 5069 diver-

1893 5104 2046 5166 sitas
2077 5103 2435 5185 aliquorum
2470 5104 2803 5165 modorum
2839 5120 2853 5164 :
2887 5103 3177 5184 sequitur
3206 5104 3397 5184 igitur

1895 5201 1955 5263 id
2008 5202 2177 5283 quod
2226 5202 2424 5283 priuS.
2471 5201 2785 5283 AmpliuS,
2829 5219 3027 5283 quum
3070 5200 3235 5264 Deus
3280 5220 3397 5284 per

1891 5317 2070 5362 suam
2104 5300 2446 5363 essentiam
2480 5299 2793 5382 intelligat
2820 5299 3133 5382 quidquid
3166 5300 3393 5364 intelli-
