4300 6259
1120 491 1540 538 nummario
1578 489 1976 538 mommca.
2019 507 2102 522 —
2141 491 2223 538 DE
2262 492 2617 540 vmwmns

3289 472 3411 537 223

323 662 534 724 dicunt
561 661 842 724 similem
879 659 1248 724 certitudini
1283 659 1628 744 opinionis,
1660 677 1803 742 quae
1833 661 1884 726 Α
1913 666 2004 722 tet
2035 677 2150 724 nos
2180 661 2592 744 spiritualiter
2618 661 2790 735 moli,
2804 679 2886 724 ne
2914 661 3183 742 grandes
3212 659 3412 724 simus

321 760 638 822 formidini
667 760 746 822 de
776 759 1072 842 opposito
1101 767 1198 822 est
1223 758 1526 820 admixta.
1545 757 1808 820 Verum-

321 867 540 930 tamen,
590 877 793 940 quum
840 857 1062 940 opinio
1117 857 1404 939 (proprie
1462 854 1808 938 loquendo)

323 975 438 1018 non
495 957 723 1018 habeat
779 955 1252 1028 certitudinem,
1299 954 1517 1018 verius
1572 953 1810 1016 dicitur

323 1055 480 1136 quod
525 1073 674 1137 spes
712 1053 974 1116 sortitur
1011 1052 1462 1115 certitudinem
1507 1071 1586 1115 ex
1629 1059 1808 1134 parte

323 1153 568 1233 objecti,
599 1151 902 1214 videlicet
931 1151 1040 1214 Dei
1079 1151 1510 1234 promittentis
1548 1168 1624 1212 ac
1653 1169 1808 1232 prae-

325 1250 590 1324 miantiS,
633 1269 834 1332 quum
880 1256 1127 1312 certum
1167 1249 1252 1310 sit
1293 1248 1464 1330 quod
1507 1267 1584 1312 ex
1629 1255 1806 1331 parte

323 1349 514 1430 ipsius
570 1365 699 1410 non
756 1347 878 1409 erit
933 1355 1166 1410 nostrae
1213 1346 1436 1408 salutis
1492 1345 1800 1408 defectus.

325 1445 402 1507 Ex
433 1451 608 1527 parte
639 1443 938 1525 subJecti,
955 1453 1110 1526 puta
1138 1443 1474 1526 sperantis,
1493 1441 1806 1504 certitudo

323 1561 440 1606 non
494 1550 612 1614 est,
675 1541 786 1604 sed
845 1541 1143 1614 formido,
1193 1559 1394 1623 quum
1445 1540 1808 1621 ignoremus

321 1661 394 1703 an
440 1641 642 1703 simus
693 1641 760 1702 in
807 1640 1091 1714 caritate,
1137 1641 1278 1702 sine
1327 1659 1454 1721 qua
1502 1638 1662 1700 nihil
1712 1645 1810 1700 est

323 1739 714 1802 meritorium
752 1739 900 1802 vitae
937 1745 1230 1816 aeternae3
1261 1744 1324 1801 et
1363 1735 1658 1820 quamvis
1687 1735 1806 1798 sci-

1915 759 1982 820 in
2038 759 2244 822 oculis
2298 759 2549 834 nostris,
2610 760 2721 822 sed
2780 777 3092 843 pauperes
3158 758 3412 841 spiritu,

1919 856 1982 918 id
2041 864 2139 919 est
2196 857 2499 932 humiles,
2549 864 2741 939 atque
2791 857 2855 920 in
2916 857 3053 921 solo
3102 857 3229 920 Deo
3286 856 3419 918 fixa

1917 954 2002 1016 sit
2057 962 2272 1018 nostra
2330 955 2609 1035 fiducia3
2658 955 2879 1038 sicque
2936 961 3152 1017 tumor
3207 953 3417 1018 omnis

1919 1053 2236 1135 superbiae
2277 1053 2605 1134 frangatur
2644 1053 2709 1116 in
2751 1051 2936 1116 nobis
2964 1071 3037 1114 ac
3066 1053 3275 1116 cordis
3305 1052 3417 1114 du-

1919 1150 2086 1224 ritia,
2120 1151 2273 1214 dum
2322 1170 2727 1233 nequaquam
2772 1151 2851 1213 de
2892 1151 3141 1212 viribus
3184 1151 3417 1214 nostris

1921 1247 2393 1330 praesumimus,
2426 1255 2661 1311 aeterna
2698 1265 2953 1330 quoque
2993 1247 3417 1311 damnationis

1920 1346 2241 1428 supplicia
2282 1347 2554 1410 sollicite
2598 1346 3038 1410 formidamus,

2003 1444 2287 1526 Denique
2324 1445 2519 1508 timor
2554 1453 2653 1508 est
2689 1445 2945 1528 proprie
2983 1445 3135 1526 fuga
3172 1454 3235 1508 et
3271 1445 3419 1508 abo-

1919 1543 2189 1607 minatio
2230 1543 2382 1606 mali
2418 1561 2433 1605 ε
2468 1563 2799 1625 quumque
2846 1544 3085 1606 malum
3130 1545 3214 1606 sit
3258 1545 3417 1607 mul-

1918 1639 2141 1722 tiplex,
2188 1649 2286 1703 est
2333 1649 2395 1702 et
2445 1641 2782 1724 multiplex
2825 1645 3035 1704 timor.
3084 1641 3193 1704 Est
3240 1641 3413 1704 enim

1921 1737 2161 1800 malum
2214 1739 2441 1822 culpae,
2492 1747 2557 1802 et
2604 1740 2845 1802 malum
2894 1757 3120 1822 poenae‚
3174 1740 3413 1802 malum

322 1855 524 1899 remus
555 1856 672 1900 nos
703 1836 769 1898 in
799 1837 1060 1898 caritate
1089 1837 1557 1910 exsistere,non
1589 1841 1802 1896 tamen
1831 1835 1880 1900 B
1920 1836 2112 1900 etiam
2164 1838 2435 1901 mixtum
2484 1838 2640 1920 quid
2686 1838 2930 1901 habens
2986 1839 3065 1900 de
3123 1846 3413 1920 utroque.

325 1943 482 1997 certe
517 1953 1014 2016 agnosceremus
1055 1954 1136 1997 an
1173 1935 1240 1996 in
1279 1935 1540 1996 caritate
1579 1941 1644 1996 et
1677 1951 1804 1994 me-

324 2032 548 2096 ritoriis
595 2033 848 2094 actibus
894 2032 1180 2095 finaliter
1228 2030 1800 2115 perseverabimus.

320 2131 470 2193 Hinc
523 2131 722 2194 etiam
779 2131 1096 2194 certitudo
1143 2131 1280 2212 spei
1329 2138 1538 2213 potest
1593 2128 1806 2192 vocari

321 2230 628 2292 certitudo
671 2248 749 2292 ex
799 2229 1159 2312 hypothesi,
1205 2248 1318 2291 seu
1365 2227 1806 2311 suppositione

322 2337 424 2390 aut
464 2329 850 2392 conditione.
905 2329 1210 2392 Praeterea
1257 2326 1618 2408 subiectum
1667 2326 1806 2409 spei

321 2435 411 2490 est
446 2428 771 2511 appetitus
812 2428 1127 2509 superior,
1161 2435 1316 2510 puta
1359 2427 1671 2500 voluntas,
1704 2445 1809 2488 cu-

318 2527 414 2607 jus
453 2535 548 2589 est
593 2525 1056 2590 beatitudinem
1099 2525 1470 2608 praestolari.

391 2626 676 2700 Interim,
701 2625 994 2707 quamvis
1023 2624 1224 2708 aliqui
1253 2625 1487 2696 dicant,
1513 2623 1710 2687 fidem
1744 2631 1808 2686 et

321 2741 488 2804 spem
519 2724 586 2786 in
618 2723 957 2786 animabus
987 2723 1188 2786 beatis
1227 2741 1488 2786 manere
1517 2723 1583 2785 in
1613 2741 1808 2804 quan-

321 2829 446 2882 tum
488 2829 642 2884 sunt
689 2822 980 2903 quaedam
1022 2829 1414 2894 ornamenta,
1457 2821 1673 2883 verius
1718 2828 1806 2882 ta·

323 2938 458 2982 men
487 2929 790 2982 censetur
816 2919 986 3002 quod
1018 2937 1146 2982 non
1183 2937 1197 2981 :
1231 2938 1350 2982 nec
1380 2927 1596 2982 essent
1622 2937 1804 2983 orna-

1920 1935 1995 1996 Et
2025 1954 2246 1998 rursus
2275 1945 2373 1998 est
2410 1955 2601 2020 poena
2636 1937 3021 2019 temporalis,
3054 1955 3245 2019 poena
3283 1953 3417 2000 cor-

1918 2033 2177 2115 poralis,
2212 2053 2400 2116 poena
2428 2034 2821 2117 spiritualis;
2854 2053 3044 2117 poena
3072 2034 3217 2097 vitoe
3256 2054 3417 2117 prae-

1917 2133 2140 2208 sentis,
2186 2151 2374 2214 poena
2412 2135 2559 2197 vitae
2604 2133 2835 2196 futurae
2880 2140 3009 2196 tam
3054 2134 3419 2216 purgatoria

1917 2249 2110 2312 quam
2166 2231 2521 2306 infernalis,
2570 2231 2633 2292 in
2683 2250 2953 2314 quarum
3004 2239 3274 2312 utraque
3322 2239 3419 2292 est

1916 2328 2154 2410 duplex
2222 2329 2493 2411 punitio,
2554 2337 2709 2412 puta
2774 2329 2991 2392 damni
3049 2337 3113 2392 et
3168 2349 3413 2392 sensus.

1917 2426 2345 2490 Conformiter
2382 2428 2643 2509 quidam
2683 2435 2779 2490 est
2820 2428 3015 2491 timor
3055 2427 3299 2503 filialis,
3339 2447 3417 2490 ex

1916 2525 2176 2587 caritate
2228 2525 2339 2588 Dei
2382 2526 2736 2589 scaturiens
2780 2543 2794 2587 τ
2838 2544 2967 2608 quo
3013 2545 3278 2609 peccare
3315 2545 3417 2590 ve-

1915 2640 2157 2696 remur,
2192 2640 2271 2685 ne
2298 2623 2551 2686 vultum
2585 2622 3031 2704 benignissimi
3063 2623 3260 2686 Patris
3290 2642 3415 2688 coe·

1915 2719 2092 2783 lestis
2141 2720 2207 2784 in
2255 2721 2474 2805 aliquo
2522 2721 2951 2798 offendamus,
3002 2730 3067 2785 et
3116 2742 3196 2785 ne
3243 2723 3415 2786 elon-

1912 2836 2140 2898 gemur
2196 2826 2307 2880 aut
2364 2818 2749 2900 ainciamur
2808 2819 3049 2883 abeo.
3112 2821 3413 2894 Quamvis

1913 2933 2064 2996 ergo
2106 2916 2433 2996 objectum
2480 2917 2727 2982 timoris
2772 2917 2855 2980 sit
2900 2918 3164 2993 malum,
3210 2919 3415 2990 nihilo

321 3027 518 3082 menta
547 3020 616 3081 in
647 3019 798 3093 illis,
813 3037 1012 3101 quum
1044 3017 1398 3081 obscuritas
1428 3017 1582 3080 fidei
1613 3025 1804 3100 atque
1837 3015 1880 3079 C
1917 3013 2130 3076 minus
2172 3014 2395 3088 Deum,
2428 3016 2539 3096 qui
2578 3034 2739 3098 pura
2774 3022 2871 3078 est
2910 3016 3183 3091 bonitaS,
3216 3025 3280 3080 et
3312 3017 3412 3098 ju·

320 3117 590 3180 carentia
634 3117 774 3199 spei
817 3116 1193 3199 perfectioni
1241 3116 1546 3197 derogent
1589 3116 1805 3179 Beato·

321 3235 474 3278 rum.
517 3215 650 3278 Nec
697 3215 968 3277 dubium
1017 3215 1176 3296 quin
1224 3213 1514 3296 quaedam
1561 3213 1690 3277 sint
1739 3215 1805 3277 in

321 3314 663 3376 viatoribus
693 3320 1088 3386 ornamenta,
1120 3330 1262 3395 quae
1293 3313 1360 3374 in
1390 3313 1806 3395 comprehen-

319 3412 560 3474 soribus
603 3419 822 3475 essent
861 3411 1320 3474 deformitates.

690 3617 1212 3684 PROPOSITIO
1256 3617 1420 3682 CLI.

391 3801 660 3868 Timor
713 3815 810 3866 ex
866 3815 1006 3880 spe
1063 3799 1409 3882 aliisque
1461 3799 1808 3866 diversis

319 3901 567 3967 oritur
628 3899 944 3978 caus1s;
995 3897 1566 3980 mu1t1p1101ter
1623 3913 1808 3980 quo-

317 4011 458 4078 que
497 3997 924 4064 dividitur.

393 4095 564 4169 Quod
622 4103 744 4168 est,
804 4092 1108 4176 quoniam
1165 4109 1356 4157 nemo
1412 4100 1625 4176 sperat
1682 4093 1807 4156 nisi

1916 3121 2046 3175 stos
2087 3113 2317 3176 timere
2358 3115 2727 3188 asserimur,
2772 3133 2855 3177 ne
2898 3115 2979 3177 ab
3021 3115 3179 3198 ipsis
3227 3117 3414 3180 nobis

1917 3211 2158 3273 malum
2199 3212 2370 3292 quod
2412 3212 2760 3275 metuimus
2801 3213 3149 3294 infligatur.
3184 3215 3297 3277 Hic
3342 3216 3416 3277 ti-

1917 3325 2058 3371 mor
2085 3308 2307 3370 filialis
2336 3319 2435 3372 est
2464 3309 2905 3374 nobilissimus
2934 3311 3149 3386 timor,
3179 3321 3412 3387 castuS,

1915 3413 2177 3469 sanctus
2233 3414 2297 3469 et
2347 3425 2611 3470 manens
2662 3409 2728 3470 in
2778 3409 3003 3491 patria,
3058 3411 3411 3492 praesertim
3476 3437 3557 3482 Ρ..
3586 3451 3705 3493 xvm,

1917 3512 2106 3587 prout
2136 3512 2234 3567 est
2264 3523 2465 3568 unum
2502 3513 2749 3588 septem
2792 3507 3107 3570 donorum
3140 3508 3417 3591 Spiritus
3444 3503 3511 3544 ¹⁰·

1918 3601 2153 3664 Sancti.
2196 3603 2527 3666 Secundus
2568 3611 2667 3666 est
2714 3604 2908 3668 timor
2956 3605 3245 3680 initialis,
3286 3623 3419 3689 quo

1919 3699 2086 3762 mala
2141 3701 2441 3774 vitamuS,
2490 3709 2555 3764 et
2602 3701 2803 3764 Deum
2861 3720 3165 3766 veremur
3217 3704 3419 3768 offen-

1917 3797 2089 3872 dere,
2136 3798 2371 3880 partim
2418 3816 2634 3862 amore
2673 3799 2963 3880 justitia,
3008 3801 3237 3883 partim
3290 3822 3419 3886 poe-

1917 3914 2146 3959 narum
2191 3895 2559 3971 formidine,
2599 3897 3043 3980 principaliter
3083 3907 3293 3962 tamen
3339 3920 3418 3964 ex

1917 3995 2199 4057 caritate.
2254 3995 2503 4058 Tertius
2558 4003 2656 4058 est
2710 3997 2905 4059 timor
2963 3997 3238 4072 serviliS,
3290 4015 3421 4081 quo

1918 4100 2026 4155 aut
2055 4093 2263 4156 solum
2294 4101 2405 4155 aut
2434 4093 2875 4175 principaliter
2908 4095 3149 4158 malum
3182 4096 3420 4160 vitatur

319 4193 476 4274 quod
518 4201 740 4276 optat3
772 4200 836 4254 et
879 4193 1048 4275 quod
1091 4198 1268 4273 optat
1310 4209 1385 4253 ac
1425 4197 1640 4274 sperat
1676 4191 1808 4253 adi·
1839 4194 1888 4258 D
1919 4191 2155 4252 intuitu
2188 4208 2413 4273 poenae.
2446 4191 2717 4264 Quartus
2756 4200 2853 4254 est
2892 4193 3085 4256 timor
3122 4195 3415 4270 carnalis,

321 4292 494 4372 pisci,
527 4299 789 4354 veretur
829 4307 956 4353 non
1001 4289 1292 4352 obtinere
1337 4296 1446 4351 aut
1490 4289 1754 4371 perdere
1789 4306 1802 4352 :

321 4391 530 4472 sicque
595 4389 792 4451 timor
851 4387 1140 4470 procedit
1200 4405 1278 4448 ex
1345 4405 1479 4469 spe.
1539 4387 1810 4450 Profluit

321 4487 500 4550 etiam
547 4507 628 4550 ex
673 4503 890 4549 amore
934 4503 948 4546 ε
995 4502 1122 4548 non
1166 4483 1404 4547 etenim
1450 4484 1690 4548 malum
1735 4485 1810 4548 ti-

323 4593 539 4658 metur,
571 4585 700 4648 nisi
743 4583 896 4665 quia
935 4581 1306 4665 oppositum
1354 4581 1596 4644 bonum
1637 4601 1808 4656 ama-

323 4689 451 4762 tur;
483 4685 616 4746 imo
658 4701 738 4744 ex
784 4698 1001 4744 amore
1045 4681 1250 4744 oritur
1290 4688 1354 4742 et
1395 4699 1565 4762 spes,
1605 4699 1806 4762 quum

319 4783 594 4844 omnium
623 4779 1044 4844 affectionum
1069 4779 1280 4862 prima
1299 4779 1478 4860 origo
1507 4779 1590 4840 sit
1611 4797 1804 4842 amor.

319 4880 547 4963 ltaque,
578 4881 882 4962 quoniam
915 4879 994 4941 de
1022 4887 1260 4942 aeterna
1289 4877 1684 4940 beatitudine
1713 4898 1812 4941 ac-

319 4979 622 5060 quirenda
667 4997 850 5060 spem
897 4978 1232 5050 habemuS,
1278 4985 1342 5039 et
1385 4978 1464 5040 de
1507 4995 1634 5039 non
1677 4979 1808 5040 adi·

319 5077 616 5158 piscenda
655 5077 985 5149 timemus,
1017 5076 1372 5156 praesertim
1416 5095 1618 5157 quum
1655 5077 1807 5139 alio·

321 5193 452 5236 rum
493 5182 792 5258 respectu
833 5173 1020 5256 pauci
1061 5174 1390 5236 salventur
1423 5191 1438 5236 :
1472 5173 1623 5236 hinc
1662 5193 1808 5256 spes

321 5281 381 5337 et
403 5274 596 5338 timor
624 5281 772 5337 sunt
801 5273 944 5336 duoe
983 5271 1190 5348 moloe,
1223 5273 1390 5336 inter
1425 5291 1586 5355 quas
1622 5290 1806 5356 opor·

1920 4306 2048 4372 quo
2075 4288 2223 4370 quis
2255 4289 2529 4371 propriae
2560 4289 2712 4371 pelli
2754 4291 2938 4354 timet
2975 4291 3413 4368 immoderate,

1918 4395 1982 4450 et
2026 4406 2169 4468 quae
2211 4386 2521 4451 afflictiva
2562 4396 2715 4451 sunt
2750 4390 2960 4452 carnis
3010 4390 3175 4472 fugit
3212 4399 3276 4454 et
3311 4393 3419 4454 ab·

1915 4486 2060 4567 jicit
2109 4503 2122 4548 :
2172 4486 2339 4548 sicut
2381 4486 2492 4569 qui
2536 4487 2731 4567 digna
2784 4489 3177 4571 poenitentiae
3224 4508 3417 4573 opera

1919 4585 2128 4648 facere
2174 4585 2407 4647 renuit.
2455 4585 2727 4658 Quintus
2769 4595 2867 4648 est
2912 4589 3105 4651 timor
3153 4590 3417 4651 munda-

1919 4701 2062 4756 nus,
2105 4699 2234 4764 quo
2278 4682 2443 4744 mala
2488 4683 2703 4746 saeculi
2749 4683 2943 4764 hujus
2986 4685 3263 4767 poeualia
3304 4705 3417 4749 seu

1919 4780 2297 4862 temporalia
2342 4781 2574 4842 damna
2624 4780 3037 4844 immoderate
3086 4784 3414 4846 timentur.

1919 4879 2146 4942 Sextus
2190 4886 2287 4940 est
2324 4877 2519 4941 timor
2562 4879 2890 4952 naturaliS,
2924 4881 3035 4963 qui
3079 4881 3144 4943 in
3184 4901 3253 4944 se
3298 4901 3417 4945 nec

1919 4976 2364 5059 vituperabilis
2393 4985 2509 5050 est,
2542 4995 2661 5038 nec
2690 4978 3052 5041 virtuosus:
3086 4998 3213 5061 quo
3246 4999 3417 5044 mors

1917 5085 1981 5139 et
2024 5096 2165 5158 quae
2196 5076 2563 5158 corruptiva
2602 5083 2751 5138 sunt
2778 5077 3219 5159 abhorrentur.
3256 5080 3416 5142 Hinc

1919 5175 2281 5258 passionem
2322 5182 2385 5237 et
2418 5174 2829 5238 affection‘em
2869 5177 3118 5240 timoris
3160 5196 3417 5260 semper

1919 5275 2329 5338 moderemur
2357 5283 2422 5336 et
2449 5273 2883 5338 rectificemus
2915 5275 2981 5338 in
3010 5275 3215 5340 nobis.
3240 5277 3416 5342 Pror-
