4300 6259
861 464 980 533 186

1549 488 1971 536 namuurum
2013 488 2407 536 mmmmm.
2452 506 2532 518 -
2572 489 2652 536 Du·
2692 489 2893 536 Amin
2933 489 3262 538 RATloNALl

859 657 1146 742 quidam,
1166 678 1295 723 non
1324 679 1403 724 ex
1436 660 1698 734 malitia,
1731 661 1842 724 sed
1875 658 2199 742 imperitia
2226 665 2357 722 tam
2386 655 2439 723 A
2470 658 2598 724 lem
2624 667 2887 741 generat
2914 657 3079 724 intra
3108 678 3176 723 se
3205 661 3475 724 verbum
3506 669 3571 726 et
3596 669 3969 746 conceptum

856 757 1136 838 graviter
1177 759 1541 834 deliranteS,
1586 765 1658 821 ut
1694 760 1772 822 de
1811 759 2140 821 nonnullis
2184 760 2361 842 AEgy-

854 855 1010 939 ptiis
1067 857 1394 921 monachis
1453 857 1676 920 recitat
1731 856 2086 921 Cassianus.
2139 858 2357 939 ltaque

855 971 986 1018 non
1024 954 1092 1018 in
1132 955 1549 1038 productione
1592 956 1951 1020 coelestium
1991 974 2354 1040 corporum,

853 1071 974 1115 nec
1003 1052 1489 1129 elementorum,
1506 1073 1714 1137 neque
1744 1054 2085 1118 mixtorum
2113 1053 2357 1117 irratio·

855 1150 1246 1226 nalium,sed
1275 1152 1601 1216 rationalis
1633 1159 2126 1235 creaturae,puta
2155 1152 2360 1216 homi-

853 1249 1243 1324 nis‚1ocutus
1265 1259 1362 1314 est
1380 1252 1568 1327 DeuS,
1583 1270 1712 1314 non
1733 1253 1954 1334 utique
1974 1253 2052 1314 ad
2073 1252 2353 1333 angeIOS,

854 1348 966 1410 sed
1027 1349 1193 1412 Deus
1251 1349 1318 1412 in
1375 1351 1652 1413 essentia
1701 1370 1867 1413 unus
1925 1369 1998 1412 ac
2057 1350 2353 1432 simplex,

854 1452 919 1510 et
955 1447 1164 1510 trinus
1209 1447 1274 1511 in
1319 1449 1633 1532 personiS,
1668 1447 1916 1512 locutus
1961 1455 2058 1512 est
2099 1448 2357 1531 plurali-

855 1550 1002 1607 ter:
1037 1545 1367 1609 Faciamus
1411 1547 1740 1610 hominem
1785 1549 1862 1610 ad
1907 1547 2252 1629 imaginem
2294 1552 2357 1610 et

854 1642 1346 1708 similitudinem
1377 1653 1678 1720 nostram,
1712 1646 1775 1708 id
1803 1653 1902 1708 est
1928 1646 2006 1708 ad
2047 1645 2355 1727 majorem

853 1747 1086 1805 nostrae
1144 1742 1556 1825 perfectionis
1616 1744 2062 1818 imitationem,
2113 1763 2228 1807 seu
2286 1744 2352 1806 in

2468 758 2561 822 rei
2592 758 2951 834 intellectae,
2970 766 3161 841 atque
3191 779 3305 842 per
3332 760 3729 824 voluntatem
3758 759 3972 842 diligit

2467 857 2637 939 quod
2678 857 3022 937 cognoscit,
3062 865 3127 921 et
3164 858 3305 940 ejus
3352 877 3639 924 amorem
3686 859 3855 922 intra
3902 877 3971 922 se

2468 955 2685 1038 spirat.
2720 956 2835 1018 Per
2865 956 3366 1020 intellectualem
3395 976 3547 1021 vero
3586 957 3967 1022 memoriam

2469 1055 2535 1116 in
2576 1073 2643 1118 se
2684 1062 2965 1119 reservat
3002 1056 3281 1139 speciem
3321 1056 3413 1120 rei
3444 1075 3521 1120 ex
3552 1076 3701 1139 qua,
3731 1056 3967 1121 actuali

2471 1152 2903 1217 intellectione
2962 1162 3271 1230 cessante,
3332 1173 3554 1218 rursus
3608 1154 3849 1219 formet
3892 1174 3967 1218 ac

2469 1259 2733 1314 renovet
2782 1253 2847 1316 in
2888 1269 2955 1316 se
2994 1252 3306 1316 actualem
3358 1253 3673 1317 notitiam.
3718 1253 3965 1334 Itaque,

2469 1349 2637 1412 sicut
2664 1349 2730 1412 in
2760 1369 3013 1413 summa
3038 1350 3345 1414 Trinitate
3373 1369 3451 1414 ex
3478 1351 3658 1414 Patre
3685 1350 3973 1413 nascitur

2468 1447 2689 1522 Filius,
2721 1455 2786 1510 et
2814 1466 2891 1510 ex
2921 1455 3192 1530 utroque
3222 1448 3497 1532 Spiritus
3536 1449 3847 1527 Sanctus;
3880 1448 3969 1510 ita

2469 1547 2537 1609 in
2568 1546 2783 1610 anima
2809 1566 2887 1610 ex
2920 1554 3134 1610 mente
3165 1548 3453 1630 procedit
3493 1547 3722 1611 notitia
3764 1547 3965 1610 veluti

2468 1645 2679 1728 proles
2728 1645 2985 1720 mentiS,
3033 1653 3097 1709 et
3138 1665 3217 1709 ex
3258 1653 3471 1709 mente
3507 1653 3698 1728 atque
3738 1646 3968 1709 notitia

2466 1761 2644 1806 amor
2690 1750 2994 1826 tanquam
3042 1744 3378 1826 utriusque
3435 1763 3636 1807 nexus
3692 1763 3767 1808 ac
3826 1745 3965 1806 vin·

850 1839 1127 1922 pleniori
1159 1841 1646 1926 participatione
1687 1851 1911 1907 nostrae
1941 1842 2351 1925 perfectionis
2378 1844 2430 1909 B
2466 1842 2711 1905 culum.

850 1957 1044 2020 quam
1090 1948 1298 2004 cetera
1344 1947 1555 2004 creata
1602 1959 1927 2025 corporea,
1970 1942 2057 2004 ita
2106 1949 2177 2004 ut
2222 1961 2351 2024 prae

849 2037 979 2100 illis
1037 2038 1224 2102 nobis
1291 2039 1565 2102 similior
1625 2040 2141 2123 conformiorque
2199 2059 2350 2104 con-

848 2135 1048 2197 sistat.
1084 2135 1314 2218 Sicque
1347 2136 1595 2200 locutus
1633 2147 1749 2212 est,
1781 2139 1860 2200 ad
1891 2138 2350 2201 insinuandum

851 2232 1285 2316 pluralitatem
1331 2253 1748 2317 personarum
1793 2237 1857 2298 in
1901 2256 1990 2310 se,
2024 2237 2126 2299 vel
2170 2237 2352 2317 juxta

853 2349 1098 2394 morem
1129 2351 1255 2415 quo
1285 2333 1670 2397 excellentes
1716 2352 2001 2416 personae
2040 2335 2215 2417 loqui
2256 2335 2349 2398 sic

851 2431 1078 2495 solent.

929 2529 1216 2611 Denique
1246 2529 1366 2591 ista
1395 2529 1994 2604 locutio,Faciamus
2023 2531 2348 2594 hominem

848 2626 956 2690 ad·
987 2627 1330 2708 imaginem
1379 2634 1444 2690 et
1491 2628 1980 2692 similitudinem
2039 2636 2343 2704 nostram,

847 2724 1193 2807 dupliciter
1234 2733 1442 2807 potest
1485 2726 1776 2808 intelligi.
1824 2727 2054 2802 Prim0,
2097 2736 2170 2790 ut
2212 2729 2347 2791 haec

847 2824 1234 2907 praepositio,
1276 2829 1387 2896 ad,
1419 2824 1766 2887 terminum
1805 2824 2100 2889 factionis
2143 2827 2345 2889 deter-

847 2920 1089 3001 minet3
1132 2923 1381 3004 eritque
1425 2941 1650 2986 sensus
1684 2940 1697 2984 :
1732 2923 2060 2986 Faciamus
2105 2924 2199 2986 sic
2242 2925 2349 2987 ho-

2544 1941 2889 2015 Postremo,
2914 1939 3124 2023 imago
3155 1948 3220 2004 et
3246 1941 3604 2006 similitudo
3623 1941 3739 2005 Dei
3760 1943 3967 2006 consi-

2463 2047 2641 2102 stunt
2681 2040 2749 2102 in
2789 2040 3005 2103 anima
3051 2059 3088 2103 a
3134 2059 3265 2104 suae
3314 2040 3657 2103 creationis
3702 2041 3967 2104 exordio

2462 2137 2855 2222 imperfecte.
2893 2139 3097 2212 Quum
3127 2147 3344 2202 autem
3380 2138 3597 2201 anima
3637 2157 3755 2221 per
3790 2157 3967 2204 exer-

2463 2237 2831 2299 citationem
2860 2244 2925 2300 et
2955 2236 3475 2300 informationem
3517 2235 3801 2319 proficit,
3834 2256 3967 2300 cre-

2460 2335 2602 2410 scit,
2636 2334 2973 2417 perficitur
2998 2335 3249 2398 actibus
3278 2353 3352 2398 ac
3390 2333 3721 2398 habitibus
3758 2335 3964 2399 scien·

2459 2433 2694 2494 tiarum
2742 2438 2806 2494 et
2852 2431 3187 2505 virtutum,
3235 2432 3447 2513 imago
3492 2439 3559 2494 et
3602 2429 3965 2494 similitudo

2462 2531 2573 2594 Dei
2619 2531 2685 2592 in
2732 2549 2807 2593 ea
2859 2537 3141 2604 ornatur,
3188 2537 3460 2611 augetur
3503 2536 3570 2593 et
3614 2528 3961 2593 stabilitur.

2462 2629 2796 2710 Quumque
2862 2628 3476 2711 supernaturalibuS,
3535 2627 3832 2708 gratuitis
3900 2632 3965 2689 et

2461 2727 2693 2790 infusis
2722 2726 3091 2800 virtutibuS,
3124 2726 3308 2788 donis
3339 2735 3403 2789 et
3440 2709 3959 2798 charismatibus

2457 2844 2532 2888 ac
2593 2824 2934 2887 meritoriis
2980 2823 3230 2887 actibus
3277 2823 3492 2887 anima
3548 2824 3842 2887 elevatur
3889 2841 3963 2886 ac

2459 2925 2814 2997 decoratur,
2865 2923 3074 3004 imago
3122 2929 3186 2985 et
3222 2922 3579 2985 similitudo
3618 2923 3730 2986 Dei
3773 2923 3843 2985 in
3890 2941 3967 2984 ea

847 3021 1111 3093 minem,
1145 3021 1315 3102 quod
1364 3021 1429 3083 in
1475 3039 1550 3083 eo
1598 3020 1682 3084 sit
1719 3029 1932 3085 nostra
1972 3023 2201 3104 imago,
2235 3042 2347 3085 seu
2380 3022 2424 3087 C
2460 3021 2841 3104 completur,
2874 3021 3065 3084 floret
3093 3040 3167 3084 ac
3196 3020 3420 3097 radiat,
3456 3022 3542 3083 ita
3573 3021 3745 3103 quod
3776 3021 3963 3104 quasi

848 3117 1058 3199 imago
1101 3126 1311 3182 ereata
1353 3136 1468 3181 nos
1514 3119 1769 3182 imitans
1814 3138 1925 3182 seu
1972 3120 2160 3183 nobis
2196 3121 2347 3183 assi-

849 3215 1086 3278 milata.
1131 3216 1208 3278 Et
1257 3216 1344 3279 ita
1395 3216 1778 3299 intelligitur
1816 3218 1895 3280 de
1933 3226 2142 3280 creata
2194 3219 2347 3281 ima-

846 3313 1014 3394 gine.
1079 3314 1390 3390 Secundo,
1442 3316 1613 3396 quod
1669 3317 2034 3399 praepositio
2085 3335 2342 3379 causam

847 3413 1105 3475 denotet
1151 3413 1608 3495 exemplarem,
1658 3421 1731 3476 ut
1777 3414 1861 3476 sit
1905 3434 2130 3478 sensus
2178 3432 2192 3477 :
2237 3416 2346 3477 Fa—

845 3510 1088 3573 ciamus
1117 3511 1446 3574 hominem
1476 3513 1554 3574 ad
1584 3513 1929 3594 imaginem
1960 3514 2345 3588 nostram,id

845 3617 943 3672 est
973 3609 1060 3671 ita
1088 3610 1258 3691 quod
1291 3616 1521 3673 nostrae
1558 3610 1855 3675 increatae
1892 3611 2156 3692 imagini
2195 3613 2347 3675 assi-

847 3707 1128 3781 miletur,
1159 3715 1311 3789 puta
1340 3707 1572 3772 divinae
1611 3709 1900 3773 essentiae
1931 3727 2044 3772 seu
2074 3709 2343 3772 trinitati

846 3822 1282 3888 personarum.
1327 3806 1558 3888 Sicque
1601 3806 1811 3888 imago
1851 3807 2202 3890 improprie
2241 3828 2343 3872 su-

2458 3119 2745 3200 angelica
2784 3138 2859 3181 ac
2898 3119 3227 3182 deiformis
3275 3119 3581 3182 efficitur.
3625 3120 3965 3183 Potissime

2459 3236 2610 3281 vero
2642 3217 2761 3281 hoc
2793 3217 2891 3290 fit,
2925 3218 3081 3280 dum
3113 3236 3227 3300 per
3257 3218 3422 3281 dona
3450 3217 3667 3299 gloriae
3710 3217 3969 3300 insepa-

2458 3316 2746 3379 rabiliter
2774 3315 2901 3379 Deo
2928 3316 3361 3398 conjungitur,
3395 3325 3459 3380 et
3486 3322 3619 3380 tota
3647 3316 3718 3379 in
3746 3317 3967 3398 ipsum

2462 3415 2950 3479 transformatur
2990 3433 3065 3477 ac
3107 3415 3465 3479 deificatur.

2811 3624 3333 3690 PROPOSITIO
3371 3624 3609 3689 XCIV.

2537 3811 2814 3888 Imago
2870 3811 2953 3876 et
3009 3807 3458 3875 similitudo
3519 3809 3665 3876 Dei
3721 3810 3955 3878 tanto

848 3903 1066 3979 mitur,
1095 3921 1211 3987 pro
1248 3904 1601 3986 exemplari
1639 3923 1753 3968 seu
1795 3904 1998 3968 forma
2035 3906 2115 3970 ad
2158 3907 2343 3988 cujus
2454 3910 2937 3974 eminentius
3003 3908 3520 3989 resplendent
3576 3909 3663 3974 in
3718 3909 3958 3976 intel-

846 4002 1270 4066 imitationem
1300 4003 1377 4066 fit
1405 4003 1542 4066 sive
1575 4004 1947 4086 producitur
1976 4006 2241 4088 aliquid.
2452 4006 2934 4073 lectualibus
2974 4008 3386 4088 creaturis,
3418 4009 3718 4089 quanto
3759 4007 3959 4088 ipsoe

924 4101 1230 4164 Praeterea
1261 4101 1469 4183 imago
1498 4101 1609 4164 Dei
1644 4102 1708 4164 in
1738 4103 1952 4166 anima
1982 4104 2345 4186 specialiter
2452 4105 3049 4172 intellectuales
3079 4108 3462 4172 creaturae
3490 4107 3679 4172 sunt
3707 4108 3958 4174 excel-

845 4204 1054 4280 potest
1081 4201 1319 4262 attendi
1353 4219 1548 4282 penes
1579 4202 2040 4266 emanationem
2069 4204 2146 4265 ad
2180 4204 2343 4265 intra
2371 4203 2422 4268 D
2454 4205 2827 4270 lentioris
2910 4203 3230 4286 speciei,
3290 4205 3955 4287 perfectiorisque

842 4315 916 4358 ac
949 4296 1230 4370 relativa,
1244 4304 1308 4359 et
1337 4305 1646 4380 quantum
1676 4300 1754 4362 ad
1784 4301 1952 4382 ipsas
1983 4301 2342 4382 superiores
2452 4303 2765 4384 gradUS,
2796 4304 2880 4369 et
2921 4303 3223 4369 ordinis
3263 4304 3600 4371 altioris,

844 4395 1074 4458 animae
1104 4395 1274 4458 vires
1304 4415 1419 4478 per
1447 4397 1870 4479 aptitudinem
1911 4405 1976 4460 et
2017 4417 2343 4482 compara-
2533 4401 2707 4474 Quod
2754 4408 2871 4473 est,
2904 4400 3056 4482 quia
3095 4418 3222 4483 quo
3265 4400 3479 4483 aliqua
3522 4409 3815 4466 creatura
3858 4412 3960 4466 est

842 4493 1082 4556 tionem
1143 4513 1364 4556 earum
1410 4495 1490 4557 ad
1539 4511 1687 4557 suos
1735 4503 1934 4571 actus,
1987 4499 2339 4579 praesertim
2454 4499 2585 4561 Deo
2643 4497 3086 4581 propinquior,
3148 4505 3325 4562 tanto
3380 4507 3479 4562 est
3534 4500 3593 4562 ei
3654 4501 3952 4565 similior.

844 4592 1016 4655 circa
1047 4592 1400 4655 increatum
1440 4592 1807 4674 obJ’ectum;
1839 4593 2194 4659 similitudo
2230 4616 2339 4659 au·
2450 4596 2729 4677 Angelus
2776 4604 2991 4659 autem
3039 4597 3105 4659 in
3157 4597 3569 4660 universitate
3617 4607 3682 4661 et
3730 4599 3959 4662 ordine

841 4698 972 4754 tem
1014 4690 1246 4754 animae
1291 4709 1436 4754 cum
1473 4692 1621 4766 Deo,
1657 4710 1854 4773 penes
1896 4691 2189 4757 absoluta
2221 4713 2235 4756 ε
2271 4703 2340 4757 ut
2454 4703 2886 4757 creaturarum
2919 4695 3201 4776 primum
3232 4702 3297 4758 et
3322 4714 3698 4778 supremum
3740 4697 3957 4761 locum

839 4791 1055 4853 anima
1084 4789 1409 4853 rationalis
1453 4789 1520 4852 in
1560 4797 1873 4872 quantum
1911 4793 2206 4855 omnium
2244 4813 2341 4856 ca·
2453 4793 2734 4857 sortitur.
2798 4795 2974 4856 Unde
3031 4794 3256 4856 asserit
3313 4794 3729 4875 AugustinuS,
3780 4798 3955 4878 quod

841 4907 963 4971 pax
993 4895 1058 4950 et
1089 4888 1290 4950 Deum
1321 4905 1710 4968 cognoscens
1740 4907 1812 4952 ac
1844 4890 2139 4972 diligens,
2173 4892 2341 4954 dica·
2449 4892 2617 4954 Deus
2647 4893 2887 4955 creavit
2914 4891 3210 4973 angelum
3249 4911 3449 4976 prope
3492 4912 3583 4968 se,
3617 4895 3955 4958 materiam

837 4993 944 5049 tur
989 4987 1069 5048 ad
1115 4986 1608 5049 similitudinem
1653 4987 1763 5050 Dei
1810 4989 2141 5072 producta,
2186 4990 2339 5053 item
2451 5009 2652 5073 prope
2683 4990 2865 5053 nihil.
2902 4988 3229 5066 Praeterea,
3255 4992 3418 5054 utin
3452 4991 3617 5056 libro
3647 4992 3727 5055 de
3742 4995 3953 5075 Ange-

840 5084 906 5147 in
955 5091 1268 5165 quantum
1315 5091 1414 5146 est
1459 5085 1756 5167 simplex,
1802 5086 2219 5169 incorporalis
2267 5108 2341 5152 ac
2450 5089 2573 5151 lica
2602 5088 2958 5152 hierarchia
2987 5088 3245 5152 divinus
3274 5089 3613 5172 Dionysius
3643 5099 3950 5173 protesta-
3984 5125 4213 5168 „eoem

841 5181 1290 5245 intellectualis
1330 5189 1608 5262 naturae3
1643 5183 1852 5265 imago
1891 5204 2043 5249 vero
2081 5186 2194 5250 Dei
2233 5206 2340 5251 vo-

844 5286 1023 5343 cetur
1055 5279 1122 5342 in
1151 5287 1463 5363 quantum
1494 5298 1609 5363 per
1640 5281 2036 5348 intellectum
2067 5285 2343 5368 possibi-

2446 5195 2590 5250 tur:
2614 5187 2860 5268 Angeli,
2884 5187 3293 5269 potissimum
3325 5188 3550 5270 primae
3576 5207 3653 5252 ac
3683 5209 3951 5256 summae
3978 5189 4211 5294 ‹1¹¹{“i›.².÷‘.¹'j

2448 5286 2843 5361 hierarchiae,
2894 5291 3044 5349 sunt
3088 5285 3479 5352 divinissimi
3524 5287 3750 5364 animi,
3800 5307 3951 5372 pro-
3976 5327 4197 5358 nme«.
