4300 6259
797 471 919 540 492
1326 493 1406 540 nn
1448 493 1673 540 Lunum
1714 493 2094 540 cflmsnANAE
2134 494 2434 551 mnemia,
2481 494 2656 541 menn
2699 495 2761 540 11.
2807 513 2886 524 —
2927 495 3069 541 Aur.
3114 495 3386 542 Lxxxvnr

800 668 893 726 tot
922 663 987 725 in
1030 663 1191 727 coelo
1228 664 1641 747 recipiantur,
1674 672 1830 747 quot
1869 665 1932 728 in
1974 684 2051 729 eo
2088 665 2298 747 angeli
2328 664 2381 729 Α
2409 666 2487 729 de
2527 665 2662 730 fine
2703 667 2926 730 mundi
2965 675 3030 731 et
3071 666 3615 732 consummatione
3651 665 3882 748 specie-

801 770 1309 842 permanserunt.
1359 762 1620 836 RursuS,
1658 763 1709 826 si
1754 763 2023 839 dicatur,
2058 763 2300 827 Consti-

799 859 925 921 tuit
961 861 1269 923 terminos
1317 862 1699 943 populorum
1734 863 1915 943 juxta
1953 881 2292 924 numerum

799 957 1086 1020 filiorum
1118 960 1330 1032 Israel,
1365 959 1634 1041 intelligi
1669 969 1877 1043 potest
1905 962 2024 1023 hoc
2058 961 2244 1024 modo
2279 978 2292 1023 ε

799 1056 1045 1118 tamdiu
1088 1057 1155 1119 in
1200 1057 1321 1120 hoc
1366 1059 1606 1121 mundo
1656 1060 1949 1122 homines
2000 1079 2139 1122 esse
2190 1061 2296 1121 de-

798 1153 971 1227 bere,
1023 1155 1225 1218 donec
1283 1157 1633 1219 electorum
1690 1157 2025 1219 hominum
2076 1177 2296 1219 nume·

798 1272 905 1314 rus
951 1253 1273 1335 perfectus
1322 1255 1420 1317 sit.
1469 1256 1685 1337 Itaque
1731 1275 1846 1338 per
1890 1255 2060 1319 filios
2103 1256 2292 1318 Israel

798 1351 984 1414 electi
1016 1353 1309 1416 homines
1340 1353 1722 1416 denotantur
1756 1371 1769 1415 :
1804 1355 1914 1436 qui
1946 1355 2135 1416 etiam
2171 1354 2293 1417 filii

795 1448 1062 1513 Abrahae
1122 1451 1409 1514 vicissim
1468 1452 1892 1534 appellantur.
1950 1454 2190 1526 Denu0,
2242 1453 2295 1514 si

797 1567 914 1630 per
956 1550 1213 1631 angelos
1256 1550 1370 1614 Dei
1414 1567 1637 1613 omnes
1681 1551 1891 1625 electi,
1936 1551 2057 1633 ipsi
2102 1551 2295 1614 etiam

796 1647 1090 1710 homines
1122 1649 1551 1730 praedestinati
1583 1650 1722 1731 (qui
1755 1649 1898 1712 ideo
1927 1649 2136 1730 angeli
2169 1649 2296 1711 dici

797 1754 1086 1826 possunt,
1119 1748 1423 1829 quoniam
1469 1748 1533 1810 in
1581 1749 1768 1810 terris
1811 1747 2164 1830 angelicam
2211 1748 2299 1810 vi-

2407 783 2574 840 rum,
2619 765 3103 846 generationum
3151 785 3224 828 ac
3275 774 3562 829 motuum
3605 765 3748 845 ejus,
3791 771 3888 826 te·

2407 862 2544 924 neri
2575 863 2820 925 debeat.
2857 864 3408 937 Quemadmodum
3438 868 3645 924 autem
3681 869 3885 924 motus

2412 961 2631 1023 mundi
2673 969 2736 1023 et
2773 962 3202 1043 generationis
3239 963 3650 1025 aeternitatem
3683 961 3884 1042 quoad

2407 1059 2686 1132 initium,
2730 1059 3098 1123 Aristoteles
3147 1079 3292 1122 cum
3340 1057 3771 1140 PeripateticiS,
3815 1065 3888 1119 et

2406 1156 2578 1219 Plato
2621 1175 2768 1219 cum
2820 1157 3048 1220 Stoicis
3097 1157 3508 1234 asserebant3
3553 1156 3641 1218 sic
3679 1155 3888 1217 existi-

2410 1254 2670 1318 mabant
2723 1257 3200 1336 generationem
3247 1275 3286 1318 a
3341 1263 3522 1338 parte
3569 1253 3888 1337 posteriori

2407 1353 2771 1417 nullatenus
2816 1354 3190 1428 finiendam,
3241 1355 3350 1417 sed
3401 1371 3656 1436 semper
3695 1360 3755 1414 et
3794 1352 3890 1413 in-

2407 1452 2899 1515 terminabiliter
2947 1454 3298 1536 inquietam
3347 1453 3655 1516 exsistere
3699 1469 3714 1513 z
3755 1470 3891 1532 quae

2406 1552 2620 1614 omnia
2667 1571 2743 1614 ex
2794 1552 2894 1614 his
2951 1572 3093 1634 quae
3152 1571 3360 1634 nuper
3419 1551 3484 1613 in
3547 1551 3748 1632 primo
3795 1550 3892 1610 in-

2404 1649 2710 1730 vestigata
2739 1658 2908 1724 sunt,
2941 1650 3273 1732 limpidius
3305 1651 3688 1713 elucescunt.
3723 1648 3895 1711 Nunc

2409 1748 2602 1828 igitur
2642 1748 2823 1829 juxta
2868 1748 3315 1831 praesancitum
3363 1748 3680 1821 ordinem,
3711 1747 3785 1808 de
3823 1745 3898 1806 fi-

796 1850 925 1905 tam
986 1845 1250 1920 ducunt,
1302 1846 1401 1907 vel
1464 1854 1633 1908 certe
1694 1846 2043 1927 inchoant),
2093 1847 2295 1928 expli·
2333 1843 2380 1905 B
2408 1865 2490 1909 ne
2529 1847 2751 1908 mundi
2792 1848 3146 1909 secundum
3193 1847 3428 1910 divinae
3467 1845 3625 1909 fidei
3663 1843 3897 1927 sapien-

800 1950 1045 2016 centur‚
1092 1951 1259 2006 tunc,
1289 1963 1514 2006 sensus
1560 1945 1681 2007 erit
1732 1945 1847 2006 iste
1896 1962 1909 2007 ε
1958 1945 2299 2007 Constituit

802 2041 1109 2103 terminos
1169 2042 1575 2124 populorum,
1630 2043 1765 2124 ipse
1824 2043 2046 2124 utique
2105 2044 2294 2116 DeuS,

797 2139 977 2220 juxta
1030 2160 1370 2203 numerum
1412 2140 1781 2221 angelorum
1832 2142 1964 2214 Dei,
2007 2142 2126 2204 hoc
2177 2150 2293 2214 est,

800 2239 1047 2300 tamdiu
1109 2239 1367 2302 durabit
1422 2240 1758 2301 hominum
1817 2240 2171 2321 procreatio
2231 2241 2295 2301 in

800 2337 921 2399 hoc
990 2339 1249 2410 mundo,
1312 2339 1513 2400 donec
1580 2338 1928 2401 electorum
1992 2357 2298 2400 numerus

800 2455 878 2498 ex
920 2435 1293 2498 hominibus
1336 2445 1631 2499 constans
1673 2444 1738 2500 et
1780 2438 2042 2518 angeliS,
2079 2436 2301 2520 imple-

798 2541 959 2596 atur.
1036 2535 1111 2596 Et
1176 2535 1435 2616 quidem
1505 2536 1949 2599 determinatio
2016 2536 2301 2616 Gregorii

798 2633 1195 2695 rationabilis
1265 2634 1537 2708 videtur,
1611 2642 1674 2697 et
1742 2654 1819 2697 ex
1891 2635 2301 2717 praeinductis

800 2729 1251 2794 fulcimentum
1282 2733 1562 2795 sortitur.
1590 2733 1650 2794 Si
1684 2751 1983 2814 namque,
2005 2733 2303 2815 quemad-

802 2829 1065 2891 modum
1127 2830 1317 2913 paulo
1374 2837 1521 2893 ante
1568 2831 2029 2904 declarabatur,
2081 2849 2299 2912 super-

804 2929 1141 2992 mundanae
1194 2929 1366 2991 illius
1425 2929 1701 2992 civitatis
1763 2931 1871 2992 Dei
1925 2930 2114 3011 plena
2165 2930 2301 3012 pul-

801 3027 1098 3089 chritudo
1160 3027 1222 3089 in
1280 3027 1400 3090 hoc
1459 3029 1781 3102 consistat,
1836 3035 1904 3089 ut
1961 3047 1997 3090 a
2055 3027 2298 3110 duplici
2332 3031 2374 3094 C
2415 3047 2576 3088 mur.
2635 3027 2810 3089 Unde
2867 3027 3209 3109 Apostolus
3262 3027 3352 3089 ait
3406 3045 3419 3089 :

802 3126 1155 3199 intellectu,
1194 3134 1482 3207 separato
1528 3126 1775 3188 scilicet
1821 3133 1884 3189 et
1930 3127 2298 3206 conjuncto,

801 3243 915 3286 seu
984 3224 1271 3304 angelico
1326 3233 1390 3286 et
1455 3224 1733 3296 animali,
1793 3233 2176 3305 agnoscatur
2239 3232 2302 3286 et

802 3323 1095 3384 laudetur
1151 3323 1358 3402 Deus:
1412 3331 1566 3385 tunc
1634 3341 1987 3404 congruum
2047 3324 2302 3385 videtur

800 3428 872 3482 ut
910 3421 1038 3482 sint
1077 3429 1167 3482 tot
1207 3421 1500 3483 homines
1540 3421 1971 3502 praedestinati
2004 3429 2161 3502 quot
2196 3441 2301 3483 an-

798 3518 924 3600 geli
983 3519 1192 3581 electi.
1256 3520 1627 3601 Quanquam
1690 3520 1754 3582 in
1826 3521 2088 3581 materia
2158 3519 2296 3594 ista,

798 3617 1070 3680 aliorum
1115 3617 1462 3699 positiones
1504 3636 1799 3679 enarrare
1841 3617 1984 3699 plus
2024 3617 2302 3700 compla-

799 3723 958 3787 ceat,
992 3734 1183 3796 quam
1217 3716 1295 3776 de
1343 3715 1599 3797 proprio
1630 3716 1962 3798 quidpiam
1996 3715 2294 3778 inserere.

799 3814 929 3876 Scit
977 3832 1209 3894 nempe
1258 3813 1447 3886 DeuS,
1498 3814 1609 3895 qui
1660 3814 1974 3878 universae
2030 3814 2300 3899 beatitu-

801 3912 968 3974 dinis
1007 3912 1147 3975 sons
1189 3920 1284 3974 est
1328 3920 1391 3974 et
1432 3913 1603 3974 solus
1645 3912 2105 3986 desiderabilis,
2140 3931 2300 3994 quos

684 4047 709 4075 x
802 4019 864 4075 et
893 4018 1047 4093 quot
1086 4010 1369 4091 elegerit,
1406 4011 1470 4072 in
1509 4010 1746 4092 quibus
1786 4010 2147 4092 benignitas
2187 4031 2302 4074 sua

537 5015 611 5058 lib.
635 5015 667 5065 1,
691 5021 774 5060 art.

508 5092 604 5120 xxvi
630 5083 673 5121 ct
693 5093 727 5122 s.

802 4109 1101 4171 reluceat.
1148 4108 1336 4170 Novit
1382 4127 1583 4189 aeque,
1632 4126 1791 4189 quos
1841 4117 1903 4171 et
1946 4118 2100 4190 quot
2147 4128 2302 4190 prae-

2409 1945 2585 2017 tiam,
2621 1945 3076 2026 inquirendum
3118 1953 3232 2007 est.

2488 2043 2576 2104 Ex
2616 2043 3022 2124 praeostensis
3062 2044 3256 2124 igitur
3293 2043 3659 2116 innotescit,
3690 2059 3896 2123 quem·
3947 2052 4170 2095 mil-art-
4276 2079 4278 2120 ᾗ

2407 2140 2752 2203 admodum
2810 2161 2847 2203 a
2902 2141 3293 2223 protoplasto
3353 2141 3618 2204 homine
3677 2141 3742 2202 in
3799 2129 3998 2221 po-“¹‘

2407 2247 2606 2302 steros
2654 2241 2962 2321 originale
3007 2248 3340 2322 peccatum
3388 2240 3753 2301 traductum
3802 2238 3897 2300 sit.

2411 2338 2487 2399 Et
2529 2356 2656 2400 non
2701 2345 2947 2401 tantum
2993 2346 3328 2420 peccatum
3372 2339 3754 2409 traducitur,
3799 2337 3904 2399 sed

2411 2444 2474 2500 et
2525 2438 2747 2499 mortis
2797 2437 3166 2510 necessitas,
3216 2457 3358 2520 quae
3416 2437 3667 2518 peccati
3728 2454 3910 2519 poena

2411 2542 2528 2610 est,
2585 2543 2870 2617 posteros
2924 2555 3180 2619 quoque
3232 2543 3577 2598 consecuta
3629 2542 3745 2597 est.
3800 2535 3910 2597 Per

2413 2633 2734 2695 Christum
2789 2641 3003 2695 autem
3063 2633 3143 2696 ab
3201 2641 3472 2715 utroque
3540 2633 3909 2696 liberamur.

2411 2731 2489 2794 Ut
2539 2749 2690 2794 vero
2738 2751 2774 2793 a
2834 2741 3035 2794 morte
3088 2731 3458 2806 liberemur,
3511 2739 3912 2794 mortuorum

2413 2831 2795 2892 resurrectio
2851 2831 3210 2893 necessaria
3262 2838 3357 2892 est
3417 2849 3431 2891 :
3490 2829 3666 2892 sicut
3717 2829 3910 2892 etiam

2415 2947 2529 3011 per
2581 2936 2854 2991 mortem
2915 2928 3119 3010 ipsius
3178 2949 3215 2990 a
3269 2929 3549 3010 peccatis
3604 2928 3914 2990 emunda-

2411 3124 2582 3187 enim
2626 3131 2887 3205 propter
2923 3124 3155 3186 delicta
3194 3131 3424 3201 nostra,
3463 3131 3528 3187 et
3564 3123 3918 3187 resurrexit

2410 3230 2672 3305 propter
2705 3221 3237 3303 justificationem
3270 3229 3572 3286 nostram.
3605 3223 3773 3285 Mors
3805 3223 3920 3304 igi-

2411 3330 2514 3384 tur
2543 3322 2798 3395 Christi,
2831 3322 3178 3384 criminum
3221 3330 3586 3385 nostrorum
3619 3322 3920 3404 purgatio

2409 3430 2523 3484 est.
2566 3422 2681 3484 Per
2724 3421 3254 3484 resurrectionem
3297 3420 3471 3482 illius
3509 3440 3546 3482 a
3595 3428 3804 3482 morte
3844 3421 3920 3482 li-

3475 3027 3679 3090 MOI'tU
3689 3044 3762 3088 US
3820 3034 3916 3088 OS(
3947 3043 4176 3086 Remmia

2411 3519 2729 3582 beramur.
2773 3519 2982 3592 Quum
3029 3538 3310 3601 namque
3358 3519 3440 3582 sit
3487 3519 3780 3582 Christus
3819 3538 3918 3582 ca·
3977 3546 4172 3600 epam.
4266 3540 4268 3542 ’

2408 3624 2525 3699 put
2577 3617 2897 3691 Ecclesiae,
2949 3635 3196 3699 nosque
3246 3616 3535 3679 membra
3580 3617 3746 3697 ejuS,
3800 3636 3920 3698 per
3947 3611 4018 3652 ²³·

2411 3716 2943 3778 resurrectionem
3001 3716 3228 3797 capitis
3297 3715 3604 3778 membris
3675 3715 3920 3778 fiducia

2410 3816 2639 3877 donata
2691 3822 2787 3876 est
2835 3813 3189 3876 consimilis
3237 3813 3726 3876 resurrectionis
3770 3832 3785 3875 :
3827 3823 3920 3876 et-

2409 3913 2580 3976 enim
2619 3913 2906 3975 membra
2939 3913 3130 3995 capiti
3167 3913 3452 3994 copulari
3487 3913 3732 3975 volunt.
3751 3913 3914 3975 Hinc

2409 4012 2486 4073 ad
2527 4010 2884 4073 Corinthios
2922 4011 3009 4073 ait
3046 4011 3387 4092 Apostolus
3429 4029 3442 4072 :
3488 4011 3778 4074 Christus
3815 4031 3916 4074 re-
3979 4040 4110 4082 10...
4127 4051 4176 4078 n.

2411 4109 2687 4171 surrexit
2735 4128 2773 4172 a
2833 4109 3121 4182 mortuiS,
3181 4108 3482 4190 primitiae
3539 4109 3914 4171 dormienti-
3943 4105 4089 4146 ²⁰4²·

798 4208 1082 4279 sciverit,
1144 4206 1209 4268 in
1270 4205 1505 4287 quibus
1563 4207 1827 4288 aequitas
1888 4227 2001 4268 sua
2060 4207 2301 4270 innote-
2331 4208 2380 4270 D
2413 4224 2553 4285 um3
2577 4207 2880 4289 quoniam
2914 4206 3174 4287 quidem
3209 4225 3322 4288 per
3350 4207 3676 4269 hominem
3714 4225 3911 4271 mors,

803 4314 955 4369 scat.
994 4306 1119 4388 Ipsi
1150 4305 1360 4368 omnis
1390 4305 1595 4366 honor
1625 4314 1687 4367 et
1716 4305 1934 4386 gloria.
2032 4378 2043 4388 .

1062 4568 1551 4633 ARTICULUS
1599 4567 2040 4631 LXXXVIII.

806 4711 981 4778 Quid
1019 4712 1099 4769 dc
1144 4709 1622 4768 resurrectione
1670 4725 2017 4781 corporum
2063 4708 2303 4766 sentiat

1260 4798 1422 4873 fides
1465 4797 1847 4855 orthodoxa.

886 4996 935 5058 N
985 4993 1513 5058 antecedentibus
1562 4992 1825 5074 quippe,
1869 4992 1945 5054 de
1988 4990 2308 5074 principio

918 5094 1163 5166 mundi,
1248 5099 1377 5154 tarn
1458 5091 1810 5154 secundum
1895 5090 2311 5173 philosophos

811 5212 1003 5276 quam
1048 5191 1405 5254 secundum
1450 5189 1602 5252 fidei
1646 5189 1979 5262 theoriam,
2012 5189 2313 5251 determi-

814 5299 1036 5353 natum
1099 5297 1213 5353 est.
1275 5291 1543 5371 Insuper
1600 5289 2096 5370 agnoscendum,
2159 5287 2313 5369 quid

2413 4313 2477 4368 et
2515 4323 2630 4387 per
2666 4305 2994 4368 hominem
3034 4306 3418 4368 resurrectio
3460 4314 3862 4370 mortuorum
3897 4326 3912 4367 :

2414 4405 2581 4467 sicut
2619 4404 2793 4466 enim
2829 4404 2892 4465 in
2925 4403 3122 4466 Adam
3153 4422 3377 4467 omnes
3411 4404 3793 4477 moriuntur,
3831 4405 3920 4467 ita

2417 4510 2480 4564 et
2525 4502 2590 4564 in
2636 4501 2887 4564 Christo
2929 4519 3153 4564 omnes
3195 4501 3720 4564 vivificabuntur.

2494 4602 2705 4672 Porro,
2755 4607 3149 4663 sacramenta
3197 4600 3261 4662 in
3315 4600 3554 4663 virtute
3603 4601 3922 4682 passionis

2419 4697 2651 4762 Christi
2699 4706 3066 4781 operantur.
3119 4699 3188 4760 ln
3240 4700 3654 4763 sacramentis
3702 4700 3922 4782 itaque

2417 4795 2726 4860 effectum
2761 4797 2982 4860 mortis
3014 4797 3245 4860 Christi
3277 4797 3735 4878 consequimur
3763 4817 3922 4880 quo·

2418 4895 2495 4957 ad
2537 4895 2980 4957 remissionem
3025 4895 3270 4977 culpae3
3308 4895 3418 4957 sed
3461 4895 3528 4956 in
3573 4895 3707 4958 fine
3737 4915 3927 4960 mun-

2420 4993 2507 5068 di,
2559 4993 2865 5056 effectum
2927 4993 3413 5055 resurrectionis
3475 4993 3710 5056 Christi
3771 5014 3926 5059 con-

2421 5091 2703 5154 secuturi
2780 5110 3003 5153 sumus
3079 5091 3284 5172 quoad
3363 5090 3812 5155 liberationem
3893 5115 3932 5156 a

2424 5197 2646 5252 morte.
2685 5189 2759 5250 Et
2799 5189 3059 5271 quidem
3098 5206 3210 5270 per
3246 5188 3378 5269 jam
3417 5197 3568 5252 ante
3597 5197 3763 5253 tacta
3799 5192 3932 5256 cla-

2426 5307 2570 5350 rum
2619 5295 2736 5362 est,
2786 5294 2941 5350 tunc
2989 5287 3189 5349 finem
3241 5287 3464 5350 mundi
3512 5288 3674 5364 fore,
3721 5309 3932 5374 quum

4256 3754 4268 3789 Ι,
