4300 6259
967 510 1046 557 111¹:
1087 509 1314 556 Lmtmss
1355 507 1738 556 cums'rtANAE
1778 506 2081 564 THEORIAE,
2128 509 2303 555 mann
2345 511 2386 555 1.
2434 529 2511 540 ·—
2552 512 2690 558 ΛΒΤ.
2737 511 2835 557 clv

3332 489 3453 554 367

340 677 529 752 naliS,
561 696 692 741 non
737 679 890 761 quia
932 677 1294 741 intellectus
1339 677 1422 740 sit
1464 677 1668 740 virtus
1713 694 1848 739 cor·
1874 675 1925 740 A
1957 695 2148 758 quam
2184 677 2647 742 intellectivum
2679 679 2968 743 subsistit
2999 699 3115 762 per
3142 698 3211 742 se
3244 677 3455 761 :quod

343 778 516 858 poris
575 785 688 840 aut
747 777 1116 850 materialis,
1178 775 1279 839 vel
1349 774 1502 859 quia
1562 775 1848 858 operatio
1955 775 2186 840 animae
2234 794 2359 839 non
2412 778 2729 841 convenit.
2784 777 3025 862 Corpus
3064 795 3216 842 vero
3264 776 3455 860 parti-

343 875 739 938 intellectiva
767 877 852 938 sit
889 876 1250 939 communis
1279 874 1508 937 animae
1539 881 1602 936 et
1633 891 1850 956 corpo·

343 975 420 1046 ri,
453 975 624 1037 sicut
653 974 818 1037 visio
846 975 946 1038 vel
979 974 1296 1056 cogitatio,
1321 974 1431 1037 sed
1463 973 1614 1056 quia
1644 980 1849 1036 totum

342 1073 778 1156 compositum
823 1074 995 1156 quod
1039 1081 1136 1134 est
1179 1073 1392 1145 bom0,
1435 1071 1627 1136 habet
1672 1071 1736 1133 in
1783 1089 1850 1132 se

343 1170 618 1233 formale
689 1172 1082 1253 principium
1147 1170 1272 1233 sibi
1341 1169 1760 1249 conjunctum
1832 1185 1846 1230 :

344 1269 516 1351 quod
557 1270 918 1332 secundum
963 1269 1296 1332 inferiores
1333 1269 1566 1351 gradus
1597 1275 1692 1330 est
1725 1286 1855 1328 ma-

345 1369 574 1430 teriam
609 1367 985 1443 informanS,
1009 1376 1075 1431 et
1103 1369 1458 1431 secundum
1489 1385 1628 1430 esse
1662 1366 1850 1429 ratio-

343 1467 512 1540 nale,
557 1468 892 1529 materiam
938 1466 1344 1529 informatam
1388 1468 1466 1529 ad
1511 1485 1578 1528 se
1618 1474 1683 1528 et
1721 1484 1854 1529 mo-

341 1567 500 1628 dum
561 1585 754 1627 suum
821 1565 1080 1628 trahens
1137 1574 1204 1628 et
1257 1566 1517 1629 elevans
1588 1571 1659 1626 ut
1725 1564 1848 1626 sibi

341 1663 728 1726 subserviat.
781 1664 916 1728 Non
965 1683 1116 1746 ergo
1162 1663 1378 1727 anima
1427 1663 1490 1725 in
1540 1670 1848 1746 quantum

343 1761 678 1825 rationalis
732 1763 826 1824 sic
875 1763 940 1824 in
990 1781 1060 1824 se
1107 1762 1421 1835 subsistit,
1475 1769 1546 1824 ut
1593 1779 1718 1824 non
1771 1761 1855 1823 sit

1959 873 2131 956 cipat
2160 893 2301 938 esse
2334 875 2765 939 intellectuale
2805 877 3159 940 secundum
3194 876 3453 939 modum

1967 973 2337 1055 capacitatis
2380 993 2510 1037 suae
2554 992 2567 1036 τ
2613 994 2759 1038 nam
2803 975 2881 1037 ad
2927 975 3085 1037 illud
3130 974 3461 1037 ordinatur

1960 1086 2150 1134 omne
2186 1091 2326 1135 esse
2368 1073 2637 1136 inferius
2680 1082 2743 1137 et
2782 1075 3197 1155 conjunctum
3242 1091 3463 1155 corpo-

1963 1169 2037 1230 ri.
2073 1169 2255 1232 Nunc
2288 1171 2483 1252 igitur
2514 1171 2727 1235 lucide
2767 1173 2984 1246 claret,
3020 1172 3341 1255 quomodo
3381 1171 3465 1233 sit

1959 1266 2175 1328 anima
2204 1267 2559 1332 subsistens
2593 1271 2655 1332 in
2690 1289 2779 1343 se,
2806 1279 2869 1332 et
2896 1278 3109 1332 tamen
3144 1289 3289 1353 pars
3318 1268 3465 1330 sub—

1963 1365 2269 1428 sistentis.
2299 1367 2372 1428 Et
2406 1387 2517 1450 per
2550 1369 2669 1432 hoc
2702 1369 2909 1452 prima
2938 1370 3097 1431 ratio
3120 1369 3325 1432 soluta
3344 1375 3460 1430 est.

2043 1464 2333 1527 Secunda
2365 1466 2523 1529 ratio
2554 1466 2784 1529 similis
2814 1476 2911 1530 est
2951 1468 3171 1549 primae
3210 1465 3461 1529 rationi.

1961 1561 2118 1624 Nam
2170 1564 2339 1645 quod
2394 1565 2602 1645 prima
2648 1567 2859 1647 arguit
2906 1567 2983 1628 de
3032 1567 3327 1638 essentia,
3374 1584 3467 1627 se-

1963 1661 2173 1723 cunda
2222 1662 2433 1744 arguit
2482 1665 2559 1726 de
2610 1683 2751 1726 esse
2796 1681 2811 1726 t
2858 1665 3127 1745 ideoque
3179 1663 3289 1746 qui
3340 1682 3466 1727 non

1964 1759 2367 1841 distinguunt
2425 1761 2680 1824 realiter
2728 1780 2866 1824 esse
2912 1761 2993 1824 ab
3040 1762 3338 1835 essentia,
3390 1761 3467 1823 ad

343 1880 495 1943 pars
538 1860 840 1924 hominis
891 1861 1093 1924 Homo
1141 1860 1315 1922 enim
1359 1861 1518 1923 dicit
1563 1860 1852 1922 substan·
1881 1860 1928 1922 B
1967 1875 2108 1919 eam
2139 1858 2426 1920 dicerent
2457 1859 2624 1922 sicut
2652 1861 2729 1922 ad
2762 1861 3056 1942 primam.
3094 1861 3214 1923 Sed
3254 1861 3467 1923 dicen-

343 1962 504 2022 tiam
539 1977 668 2022 non
698 1959 904 2022 solum
949 1959 1470 2032 intellectualem,
1505 1960 1614 2022 sed
1657 1959 1850 2022 etiam

345 2059 750 2132 sensitivam,
796 2058 1100 2121 mobilem
1143 2077 1216 2121 ac
1259 2058 1614 2121 naturalem
1651 2075 1664 2120 :
1699 2057 1854 2120 alias

346 2175 478 2220 non
519 2165 692 2220 esset
727 2157 984 2220 animal.
1018 2158 1484 2220 intellectivam
1527 2157 1698 2220 enirn
1746 2157 1856 2219 ho-

349 2255 550 2318 minis
588 2273 716 2318 non
754 2263 852 2318 est
889 2275 1149 2339 purum,
1183 2257 1292 2318 sed
1333 2263 1405 2318 ut
1448 2256 1692 2318 dictum
1736 2262 1853 2329 est,

347 2354 843 2436 comprehendit
905 2353 970 2416 in
1030 2373 1120 2426 se,
1184 2360 1431 2417 tantum
1500 2354 1854 2415 secundum

349 2453 618 2516 modum
653 2453 776 2526 sui,
809 2453 1189 2516 sensitivum
1222 2461 1284 2514 et
1313 2453 1473 2516 alios
1505 2452 1856 2515 formarum

345 2553 610 2633 gradus.

431 2651 498 2713 Si
537 2650 778 2713 dixeris
813 2667 826 2711 :
863 2651 977 2713 Per
1011 2649 1319 2714 rationale
1365 2649 1626 2732 ponitur
1666 2650 1858 2713 homo

349 2749 456 2812 vel
487 2767 724 2831 corpus
756 2749 822 2811 in
855 2749 1071 2831 specie
1105 2766 1120 2810 ε
1155 2766 1305 2830 ergo
1335 2748 1494 2811 illud
1525 2748 1646 2810 erit
1686 2766 1856 2810 com-

349 2867 554 2910 mune
597 2845 826 2910 animae
870 2855 934 2909 et
977 2847 1250 2930 corpori,
1302 2865 1512 2929 neque
1555 2845 1860 2909 radicabi-

349 2955 456 3008 tur
488 2947 556 3008 in
595 2945 730 3008 sola
771 2944 1122 3008 substantia
1160 2945 1410 3008 animae.
1463 2945 1639 3019 Quod
1683 2945 1856 3007 enim

1965 1955 2143 2029 dum,
2198 1956 2367 2038 quod
2422 1957 2589 2020 idem
2644 1977 2783 2021 esse
2834 1959 2897 2021 in
2950 1958 3281 2022 identitate
3338 1978 3468 2022 suae

1963 2054 2349 2117 actualitatis
2380 2063 2593 2120 manet
2626 2057 2689 2118 in
2722 2057 2957 2132 anima,
2989 2058 3145 2120 dans
3176 2058 3233 2120 ei
3266 2057 3470 2120 subsi-

1965 2153 2287 2226 stentiam,
2322 2161 2510 2235 prout
2551 2154 2699 2216 fluit
2740 2154 2821 2217 ab
2865 2174 2941 2217 ea
2982 2157 3336 2218 secundum
3380 2155 3470 2218 di-

1965 2251 2183 2314 vinam
2253 2260 2316 2314 et
2381 2261 2734 2334 separatam
2806 2273 2987 2318 suam
3056 2255 3413 2337 portionem
3450 2273 3466 2334 ;

1963 2352 2477 2414 communicatur
2505 2359 2716 2415 autem
2752 2355 3026 2436 corpori,
3059 2355 3227 2417 sicut
3254 2373 3467 2419 essen·

1965 2449 2053 2510 tia
2081 2447 2418 2522 animae,ut
2450 2450 2511 2512 in
2545 2453 2929 2533 praecedenti
2960 2453 3230 2516 articulo
3260 2453 3464 2517 decla·

1967 2555 2175 2610 ratum
2226 2555 2341 2610 est.
2394 2548 2558 2610 Dum
2608 2568 2885 2633 namque
2929 2552 3190 2614 materia
3238 2553 3467 2635 recipit

1965 2647 2311 2709 essentiam
2370 2645 2729 2723 formalem,
2791 2650 3022 2732 recipit
3076 2651 3269 2713 etiam
3328 2670 3468 2714 esse

1967 2744 2207 2808 formae.
2244 2744 2690 2828 Corrumpitur
2727 2765 2982 2830 quoque
3024 2749 3183 2811 illud
3223 2768 3361 2812 esse
3402 2750 3467 2812 in

1967 2851 2277 2926 quantum
2328 2843 2655 2907 materiale
2698 2853 2815 2920 est,
2850 2847 3017 2909 sicut
3054 2855 3119 2910 et
3157 2847 3363 2911 forma
3402 2849 3466 2911 in

1967 2949 2277 3024 quantum
2312 2943 2657 3006 materialis
2688 2953 2806 3019 est,
2832 2946 3157 3028 corrumpi
3191 2946 3465 3010 dicitur:

349 3045 540 3128 ponit
569 3044 744 3107 aliud
787 3044 853 3106 in
895 3045 1130 3127 specie,
1163 3051 1260 3106 est
1300 3063 1445 3127 pars
1485 3044 1763 3126 speciei3
1796 3050 1861 3106 et
1891 3043 1934 3108 C
1969 3058 2094 3103 non
2137 3041 2305 3123 quod
2347 3040 2703 3104 substantia
2740 3043 2961 3106 formae
3000 3044 3101 3106 vel
3140 3046 3469 3108 actualitas

349 3145 415 3206 id
451 3143 627 3225 quod
658 3143 918 3224 ponitur
947 3143 1011 3205 in
1043 3143 1281 3225 specie,
1307 3143 1648 3226 participat
1679 3150 1859 3205 natu-

349 3263 492 3306 ram
521 3249 592 3305 et
617 3261 760 3305 esse
787 3241 1090 3324 principii
1135 3240 1422 3304 formalis
1465 3241 1674 3304 dantis
1719 3259 1858 3324 spe-

351 3343 546 3405 ciem.
581 3341 719 3404 Non
749 3357 900 3421 ergo
937 3339 1102 3403 bene
1141 3339 1384 3402 dictum
1427 3347 1546 3414 est,
1578 3339 1860 3402 animam

349 3440 716 3504 secundum
755 3439 1022 3520 gradum
1073 3437 1400 3501 rafionalis
1448 3437 1860 3520 perfectionis

353 3541 422 3602 in
469 3558 540 3602 se
586 3536 956 3609 subsistere,
989 3536 1171 3619 quasi
1219 3535 1568 3618 potentiam
1614 3555 1864 3620 separa·

353 3647 488 3701 tam
529 3644 596 3700 et
636 3635 1074 3718 operationem
1120 3635 1444 3719 propriam
1495 3634 1857 3699 habentem.

351 3737 450 3800 Ad
497 3736 664 3798 hanc
705 3733 1136 3814 objectionem
1177 3734 1533 3796 secundum
1577 3734 1862 3798 diversos

351 3833 792 3898 diversimode
823 3831 1194 3914 responderi
1227 3831 1448 3913 possit,
1483 3839 1554 3894 ut
1591 3833 1718 3896 cito
1758 3852 1864 3915 pa-

352 3934 540 3997 tebit.
568 3933 690 3996 Sed
719 3932 850 4013 jam
883 3930 1250 4004 dicendum,
1275 3931 1445 4013 quod
1477 3931 1698 4013 utique
1729 3932 1864 3995 haec

353 4041 458 4096 est
498 4050 618 4115 per
659 4049 742 4092 se.
777 4029 978 4092 Homo
1019 4035 1117 4090 est
1160 4027 1507 4103 rationaliS,
1541 4035 1606 4090 et
1651 4029 1866 4092 anima

353 4141 456 4194 est
499 4149 648 4213 pars
691 4127 994 4200 hominiS,
1038 4145 1282 4210 ponens
1327 4145 1560 4208 corpus
1609 4127 1675 4189 in
1725 4147 1866 4192 esse

1968 3158 2107 3202 esse
2138 3139 2522 3220 simpliciter
2558 3140 2987 3215 destruantur,
3022 3142 3133 3205 sed
3174 3144 3325 3225 quia
3362 3145 3469 3206 de-

1968 3237 2187 3299 sinunt
2246 3236 2481 3300 habere
2531 3240 2792 3300 modum
2843 3241 3229 3304 exsistentiae
3275 3261 3469 3324 quem

1969 3334 2307 3397 habebant.
2344 3335 2445 3397 Sic
2479 3355 2711 3418 nempe
2750 3337 2904 3399 dum
2946 3338 3217 3402 moritur
3254 3340 3467 3414 homo,

1969 3453 2110 3497 esse
2138 3434 2280 3515 ejus
2320 3436 2645 3517 corrumpi
2686 3435 2944 3511 dicitur,
2979 3438 3129 3519 quia
3167 3456 3295 3502 non
3341 3459 3471 3503 ma·

1971 3542 2079 3596 net
2119 3551 2260 3595 esse
2306 3533 2521 3596 totius.

2049 3632 2142 3694 Ad
2188 3633 2439 3695 tertiam
2484 3635 3025 3715 respondendum,
3060 3636 3231 3717 quod
3270 3635 3335 3698 in
3372 3655 3472 3700 eo-

1971 3732 2116 3793 dem
2158 3749 2297 3793 esse
2338 3731 2630 3794 subsistit
2674 3731 2878 3794 forma
2924 3733 3371 3797 intellectualis
3411 3742 3476 3798 et

1971 3829 2185 3910 ipsum
2218 3837 2459 3907 totum3
2494 3849 2611 3892 nec
2652 3837 2865 3893 tamen
2908 3831 2974 3892 in
3018 3832 3280 3895 homine
3324 3843 3475 3897 sunt

1971 3927 2097 3990 duo
2128 3927 2564 4001 subsistentia,
2600 3929 2746 4010 quia
2776 3929 3011 4004 anima,
3045 3950 3187 4013 quae
3219 3948 3342 3993 non
3376 3939 3474 3994 est

1972 4026 2307 4108 completae
2336 4025 2785 4102 subsistentiae,
2819 4035 2915 4089 est
2944 4047 3091 4110 pars
3128 4029 3271 4110 ejus
3301 4031 3472 4113 quod

1971 4125 2256 4208 perfecte
2304 4123 2613 4186 subsistit.
2660 4125 2795 4188 Non
2846 4133 3059 4190 tamen
3112 4128 3281 4192 idem
3332 4148 3473 4192 esse

354 4231 660 4293 humanae
691 4226 949 4310 speciei.
993 4225 1114 4288 Sed
1155 4225 1342 4287 aliter
1381 4225 1684 4288 convenit
1723 4245 1862 4290 esse
1892 4227 1942 4288 D
1974 4225 2143 4306 quod
2176 4231 2268 4285 est
2302 4223 2365 4285 in
2392 4222 2605 4285 anima
2635 4231 2698 4285 et
2728 4225 3116 4297 toto,differt
3144 4235 3253 4289 aut
3283 4227 3473 4291 distat

355 4326 828 4391 intellectivum
859 4343 972 4386 seu
1003 4323 1312 4387 rationale
1351 4323 1620 4398 homini,
1655 4332 1719 4386 et
1755 4325 1865 4387 ali-

353 4439 458 4491 ter
485 4427 760 4504 animae3
794 4431 1062 4505 uterque
1103 4431 1318 4486 tamen
1360 4424 1662 4486 convenit
1699 4423 1865 4486 sicut

353 4528 416 4590 ei
470 4525 642 4608 quod
691 4542 808 4606 per
855 4541 924 4584 se
976 4521 1286 4584 subsistit.
1331 4521 1582 4584 Homini
1625 4522 1864 4584 etenim

355 4622 664 4687 convenit
699 4619 1053 4683 secundum
1095 4625 1292 4681 totam
1323 4637 1504 4680 suam
1536 4619 1860 4694 virtutem,

352 4741 490 4806 qua
516 4720 765 4784 scilicet
793 4716 1282 4799 comprehendit
1309 4717 1376 4778 in
1415 4735 1484 4779 se
1523 4724 1587 4778 et
1627 4716 1865 4779 diffun-

353 4823 454 4885 dit
502 4838 540 4882 a
582 4837 651 4881 se
689 4817 1068 4879 sensitivum
1119 4823 1183 4878 et
1230 4815 1394 4892 alia3
1435 4815 1664 4877 animae
1713 4833 1864 4877 vero

352 4917 684 4990 convenit,
720 4917 784 4978 in
818 4923 1128 4998 quantum
1159 4914 1239 4977 ab
1280 4932 1354 4976 ea
1393 4913 1542 4976 fluit
1583 4915 1866 4994 potentia

351 5017 776 5088 intellectiva,
821 5022 886 5076 et
929 5012 1376 5076 intellectualis
1415 5013 1701 5094 operatio
1745 5031 1758 5074 :
1801 5021 1864 5076 et

351 5115 572 5200 quoad
605 5113 749 5185 hoc,
783 5112 998 5174 anima
1027 5110 1318 5173 subsistit
1349 5111 1416 5173 in
1456 5129 1546 5183 se,
1581 5111 1691 5174 sed
1733 5129 1862 5174 non

357 5213 666 5298 perfecte.
704 5211 905 5274 Homo
933 5217 1146 5271 autem
1185 5216 1279 5272 est
1321 5209 1617 5290 perfectae
1659 5209 1864 5273 subsi-

357 5313 638 5386 stentiae,
689 5309 845 5394 quia
889 5315 1016 5371 tam
1078 5307 1434 5370 secundum
1482 5307 1858 5372 sensitivum

1972 4343 2008 4385 a
2037 4322 2350 4402 subject0,
2384 4341 2638 4403 semper
2668 4323 2839 4384 enim
2888 4333 3101 4387 manet
3133 4325 3195 4387 in
3228 4325 3471 4408 forma3

1974 4421 2084 4483 sed
2150 4421 2386 4482 dicitur
2454 4421 2779 4483 materiale
2838 4429 2901 4484 et
2959 4430 3136 4485 actus
3196 4426 3475 4489 materiae

1973 4527 2163 4601 atque
2194 4519 2410 4592 totius,
2436 4526 2506 4580 ut
2536 4520 2869 4600 egrediens
2901 4521 2981 4583 ab
3010 4522 3223 4585 anima
3255 4543 3476 4586 secun-

1974 4617 2128 4678 dum
2199 4614 2625 4698 perfectiones
2692 4636 2839 4678 suas
2900 4617 3135 4699 quibus
3196 4621 3475 4684 materiae

1974 4715 2277 4776 immersa
2306 4721 2370 4775 et
2400 4713 2711 4794 impressa
2740 4723 2857 4788 est,
2891 4715 2991 4777 vel
3032 4717 3145 4778 toti
3190 4718 3471 4799 speciem

1973 4822 2035 4876 et
2078 4814 2387 4874 rationem
2438 4811 2729 4892 largiens,
2776 4813 2883 4874 Est
2927 4832 3077 4895 ergo
3122 4814 3285 4878 idem
3334 4835 3474 4880 esse

1973 4921 2176 4974 totum
2210 4911 2273 4973 in
2304 4910 2519 4971 anima
2550 4911 2899 4973 secundum
2934 4913 3263 4976 entitatem
3303 4923 3473 4977 actu-

1969 5010 2205 5072 alitatis
2236 5029 2385 5082 suae,
2416 5026 2538 5070 non
2572 5016 2783 5071 autem
2816 5011 3169 5072 secundum
3202 5021 3471 5093 potesta-

1969 5117 2099 5171 tem
2130 5127 2261 5170 suae
2291 5107 2616 5169 efficaeiae.
2652 5107 2867 5168 Virtus
2895 5108 3070 5170 enim
3100 5111 3301 5191 ipsius
3332 5131 3473 5174 esse

1973 5207 2347 5290 parificatur
2424 5205 2644 5267 virtuti
2722 5207 3036 5280 essentiae,
3115 5211 3471 5274 secundum

1971 5303 2340 5390 praehabita.
2368 5303 2495 5366 Hoc
2526 5303 2828 5387 equidem
2860 5305 3049 5369 modo
3078 5307 3294 5371 anima
3322 5310 3472 5374 sub-
