4300 6259
845 477 926 544 60
1505 492 1928 542 ELEMENTAUO
1969 490 2429 540 Pultosopmca.
2478 508 2557 519 -
2598 492 2677 537 ΒΕ
2718 451 2917 539 Amin
2960 492 3290 539 RATIONALI

847 665 1186 731 lectualem
1217 666 1562 730 essentiam
1604 665 1790 747 cujus
1821 672 1920 728 est
1948 664 2044 726 vis
2075 662 2205 737 illa,
2239 662 2343 725 de·
2373 660 2425 725 A
2458 663 2659 745 magis
2718 662 3073 728 sufficiens.
3126 665 3256 728 Hoc
3306 664 3475 729 idem
3524 664 3592 728 in
3648 664 3815 729 libro
3870 664 3950 729 de

849 767 1156 831 nominat.
1195 766 1430 849 Estque
1471 765 1761 829 mirabile
1802 766 1879 828 de
1918 763 2178 827 homine
2211 762 2341 837 illo,

848 867 1018 950 quod
1076 873 1208 929 tam
1257 866 1669 929 vehementer
1715 864 2040 927 erraverit.
2093 864 2342 925 Etenim

846 984 1211 1049 supremam
1250 965 1383 1027 vim
1423 964 1652 1027 animae
1695 964 2105 1026 exsistentem
2150 962 2343 1025 inhae·
2387 950 2398 960 ’

847 1064 982 1127 sive
1027 1064 1092 1126 in
1133 1082 1230 1136 ea,
1266 1062 1513 1145 putavit
1556 1063 1687 1124 vim
1731 1061 2157 1143 cogitativam,
2204 1079 2345 1142 quae

846 1170 910 1227 et
981 1163 1341 1226 intellectus
1414 1161 1704 1244 passivus
1775 1167 2056 1223 vocatur.
2129 1159 2345 1241 ltaque

846 1261 1016 1343 quod
1047 1261 1125 1323 de
1155 1260 1500 1343 Pythagora
1527 1258 1689 1321 dixit
1718 1256 2344 1340 PhilosophuS,quod

849 1360 1049 1422 multa
1091 1359 1298 1421 sciens
1345 1358 1660 1439 ignoravit
1703 1376 1770 1420 sc
1816 1358 2052 1439 ipsum,
2099 1357 2178 1419 de
2228 1355 2343 1417 mi-

846 1475 989 1521 sero
1031 1458 1152 1520 isto
1192 1458 1468 1520 Averroe
1509 1455 1636 1519 dici
1681 1461 1907 1540 potest.

1171 1667 1694 1733 PROPOSITIO
1741 1666 2014 1730 XLVII.

2457 762 2675 826 Causis
2718 763 3023 825 asseritur
3052 771 3117 827 et
3158 763 3480 846 probatur.

2533 861 2850 943 Amplius,
2912 861 3107 942 hujus
3166 860 3662 925 immortalitatis
3718 860 3950 923 animae

2455 960 2634 1041 ponit
2675 960 3000 1023 Avicenna
3042 968 3220 1023 sexto
3262 962 3341 1023 de
3383 957 3811 1031 NaturalibuS‚
3844 958 3950 1020 de·

2454 1077 2593 1121 cem
2636 1058 2833 1140 signa.
2876 1058 3158 1121 Primum
3200 1067 3319 1133 est,
3360 1058 3528 1141 quod
3573 1056 3783 1120 omnis
3827 1055 3952 1118 vir-

2453 1165 2555 1219 tus
2604 1158 2921 1239 organica,
2976 1175 3239 1239 corpore
3288 1158 3633 1229 destructo,
3684 1154 3951 1218 destrui-

2455 1265 2599 1335 tur3
2642 1256 3004 1319 intellectus
3054 1274 3226 1331 vero,
3271 1274 3535 1339 corpore
3582 1254 3946 1327 deficiente,

2454 1353 2731 1437 amplius
2775 1355 3177 1419 convalescit.
3214 1354 3577 1418 Secundum
3620 1360 3737 1427 est,
3780 1352 3951 1435 quod

2453 1454 2629 1516 nulla
2666 1452 2765 1516 vis
2807 1453 3103 1536 organica
3140 1461 3239 1518 est
3284 1453 3362 1515 ad
3404 1471 3472 1515 se
3516 1452 3721 1535 ipsam
3765 1450 3950 1514 refle-

2453 1553 2620 1627 xiva,
2654 1571 2771 1616 nec
2809 1560 2987 1616 actus
3029 1552 3271 1635 proprii
3312 1552 3670 1634 cognitiva3
3704 1550 3951 1613 intelle-

2454 1659 2594 1714 ctus
2623 1659 2834 1714 autem
2866 1652 3032 1713 redit
3059 1651 3136 1713 ad
3168 1668 3257 1725 se,
3291 1658 3355 1713 et
3387 1650 3709 1733 proprium
3740 1656 3949 1711 actum

2456 1749 2798 1832 cognoscit.
2846 1750 3151 1823 Tertium,
3200 1750 3368 1831 quod
3413 1747 3775 1811 intellectus
3822 1748 3953 1829 agit

927 1854 1380 1921 Rationalis
1418 1852 1710 1934 anima,
1748 1852 2183 1919 secundum
2211 1865 2339 1916 ve·
2378 1852 2426 1917 B
2458 1849 2822 1912 immediate
2861 1866 2928 1911 se
2970 1847 3129 1930 ipso,
3162 1865 3290 1911 non
3334 1865 3568 1929 organo
3608 1845 3946 1909 mediante.

846 1966 1019 2018 ram
1040 1950 1656 2033 philosophiam,
1679 1952 1804 2016 est
1831 1950 2339 2016 immortalia.

927 2050 1102 2123 Quod
1148 2057 1264 2124 est,
1311 2049 1463 2132 quia
1511 2056 1582 2111 ut
1627 2048 2024 2129 Anaxagoras
2074 2046 2233 2108 dixit
2281 2054 2346 2108 et

845 2147 1213 2210 Aristoteles
1251 2147 1584 2229 approbat,
1617 2146 1977 2210 intellectus
2017 2152 2343 2227 separatus

845 2252 944 2309 est
985 2253 1050 2307 et
1093 2246 1446 2318 immixtuS,
1480 2245 1641 2308 nulli
1686 2244 1840 2327 quid
1883 2243 2124 2306 habens
2168 2260 2343 2305 com-

849 2362 1066 2418 mune,
1131 2351 1284 2427 puta
1353 2343 1789 2406 immaterialis
1857 2350 1924 2405 et
1979 2342 2345 2423 inorganica

847 2444 1070 2506 virtus.
1125 2443 1213 2506 De
1261 2460 1388 2525 quo
1433 2441 1804 2505 Aristoteles
1854 2441 2121 2523 loquens
2174 2457 2188 2501 ε
2239 2439 2344 2502 Se-

848 2550 1127 2624 paretur,
1161 2541 1391 2625 inquit,
1424 2541 1544 2603 hoc
1574 2539 1655 2603 ab
1683 2540 1826 2614 hoc,
1861 2540 1923 2601 id
1963 2547 2060 2601 est
2100 2538 2345 2601 intelle-

846 2640 1088 2704 ctivum
1146 2661 1183 2704 a
1231 2640 1559 2714 sensitivo,
1610 2646 1910 2721 tanquam
1961 2644 2345 2719 perpetuum

845 2759 882 2802 a
931 2738 1353 2822 corruptibili.
1405 2740 1563 2802 Hinc
1612 2737 1895 2800 universi
1943 2734 2344 2818 Peripatetici

845 2846 1036 2919 atque
1094 2837 1419 2911 Platonici,
1480 2836 1587 2919 qui
1651 2841 2104 2898 concesserunt
2164 2833 2349 2895 intel-

849 2936 1084 2999 lectum
1123 2954 1272 2998 vere
1316 2954 1454 2998 esse
1494 2935 1624 2997 vim
1666 2934 1895 2997 animae
1933 2932 1990 2995 ei
2035 2932 2341 3005 innatam,

2454 1950 2780 2023 Quartum,
2826 1948 3129 2029 quoniam
3180 1947 3409 2029 recipit
3452 1946 3723 2009 formam
3768 1945 3949 2008 intel-

2454 2047 2761 2128 ligibilem
2810 2065 2847 2108 a
2898 2046 3157 2108 materia
3200 2053 3263 2107 et
3303 2045 3443 2126 ejus
3487 2043 3951 2127 appendicibus

2451 2164 2525 2207 ac
2556 2144 3028 2208 conditionibus
3060 2144 3313 2226 penitus
3343 2144 3736 2225 depuratam.
3759 2142 3949 2216 Quin-

2453 2252 2613 2317 tum,
2665 2244 2966 2325 quoniam
3026 2241 3361 2325 potissima
3420 2241 3781 2304 intellectus
3840 2239 3949 2303 ob-

2451 2342 2641 2424 jecta,
2674 2349 2825 2404 sunt
2855 2358 3114 2424 prorsus
3160 2340 3625 2413 immaterialia,
3667 2340 3949 2402 incorru-

2456 2439 2708 2523 ptibilia
2756 2447 2820 2502 et
2864 2447 3114 2503 aeterna.
3172 2439 3455 2512 Sextum,
3501 2438 3803 2520 quoniam
3853 2438 3951 2500 vis

2457 2538 2845 2602 intellectiva
2918 2538 2981 2599 in
3056 2537 3319 2600 senibus
3384 2537 3581 2619 magis
3650 2535 3953 2599 fortifica-

2456 2645 2598 2715 tur3
2648 2636 2746 2699 vis
2801 2644 3013 2698 autem
3072 2636 3370 2717 organica
3428 2636 3490 2698 in
3545 2634 3807 2698 senibus
3854 2654 3950 2697 as-

2456 2736 2637 2798 sidue
2704 2734 3089 2797 debilitatur.
3163 2734 3545 2818 Septimum,
3616 2734 3787 2815 quod
3852 2734 3951 2796 vis

2454 2833 2751 2913 organica
2810 2840 2947 2915 post
3003 2832 3342 2895 fortiorum
3398 2832 3797 2912 objectorum
3845 2850 3953 2914 ap-

2456 2930 2967 3014 prehensionem,
3020 2931 3233 2993 minus
3276 2929 3458 2992 fortis
3505 2937 3603 2992 est
3642 2929 3721 2992 ad
3768 2948 3951 2993 suam

848 3042 912 3096 et
957 3033 1310 3097 formaliter
1353 3051 1425 3095 ac
1471 3032 1814 3095 intrinsece
1853 3031 2340 3094 convenientem
2375 3028 2419 3093 C
2456 3029 2931 3111 operationem;
2974 3028 3335 3091 intellectus
3380 3045 3529 3091 vero
3571 3028 3946 3090 econtrariO.

848 3151 922 3195 ac
967 3132 1406 3206 inhaerentem,
1439 3140 1776 3194 senserunt
1818 3130 2166 3192 humanam
2211 3129 2344 3191 ani-

854 3251 1020 3294 mam
1066 3231 1492 3293 immortalem
1528 3247 1541 3292 :
1576 3229 1744 3311 quod
1786 3237 1850 3292 et
1888 3228 2080 3302 Plato,
2115 3228 2345 3291 ceteris

852 3330 1250 3413 philosophis
1300 3329 1599 3402 divinior,
1646 3329 1709 3391 in
1761 3328 2070 3392 Phaedone
2118 3335 2182 3389 et
2228 3327 2347 3389 Me-

847 3448 1014 3493 none
1061 3448 1136 3491 ac
1183 3429 1418 3493 Timaeo
1467 3427 1822 3490 clarissime
1877 3427 2083 3489 fassus
2131 3433 2229 3489 est
2283 3432 2347 3487 et

847 3528 1160 3612 probavit.

929 3626 1214 3708 Denique
1254 3625 1510 3689 Proclus
1549 3624 1908 3687 Platonicus
1953 3623 2017 3684 in
2059 3622 2347 3685 Elemen-

845 3725 1084 3787 tatione
1125 3743 1240 3787 sua
1285 3723 1639 3805 theologica
1679 3722 2032 3785 efficaciter
2077 3740 2150 3783 ac
2200 3721 2347 3783 sub-

845 3824 1146 3887 tilissime
1187 3824 1250 3886 id
1297 3822 1672 3885 monstravit
1706 3838 1720 3883 :
1753 3820 1954 3885 Omne
1989 3819 2347 3902 (inquiens)

847 3924 925 3986 ad
985 3941 1054 3985 se
1113 3922 1326 4005 ipsum
1385 3922 1856 3995 conversivum,
1907 3926 2005 3982 est
2059 3919 2347 4001 incorpo-

849 4041 1050 4086 reum.
1075 4021 1334 4083 Nullum
1368 4020 1540 4083 enim
1572 4020 1898 4101 corporale
1928 4019 2006 4081 ad
2037 4036 2104 4081 se
2136 4019 2345 4101 ipsum

850 4128 947 4185 est
975 4119 1422 4183 conversivum
1459 4136 1472 4181 :
1506 4118 1738 4201 alioqui
1772 4137 2170 4202 unaquaeque
2202 4137 2347 4200 pars

2454 3128 2785 3201 Octavum,
2829 3128 2996 3209 quod
3036 3128 3214 3190 nulla
3250 3127 3545 3209 organica
3588 3128 3685 3189 vis
3728 3145 3953 3210 appre-

2454 3226 2677 3289 hendit
2730 3234 2791 3288 et
2848 3226 3037 3289 sentit
3096 3226 3465 3307 qualitatem
3535 3243 3651 3288 suo
3714 3242 3952 3306 organo

2452 3324 2736 3408 perfecte
2786 3324 3199 3388 assimilatam
3253 3342 3267 3385 :
3316 3324 3659 3387 calefactus
3708 3324 3951 3406 quippe

2454 3440 2581 3485 non
2625 3423 2819 3485 sentit
2855 3422 2977 3484 sibi
3018 3421 3228 3485 simile
3267 3421 3570 3497 calidum,
3606 3440 3723 3485 nec
3752 3420 3950 3483 hecti·

2455 3542 2567 3586 cus
2601 3524 2929 3606 proprium
2961 3522 3571 3604 calorem,quamvis
3602 3522 3948 3595 intensum,

2454 3620 2605 3704 quia
2643 3621 2721 3683 ad
2762 3620 3050 3683 habitum
3104 3619 3229 3682 sibi
3280 3620 3558 3683 similem
3604 3637 3951 3683 conversus

2458 3728 2570 3783 est.
2626 3719 2746 3783 Sed
2798 3719 3159 3781 intellectus
3200 3719 3323 3782 sibi
3364 3717 3565 3799 magis
3601 3717 3953 3781 assimilata

2459 3817 2687 3881 melius
2737 3816 3178 3899 apprehendit.
3230 3816 3503 3890 Nonum,
3549 3816 3721 3897 quod
3771 3816 3950 3879 intel-

2458 3916 2660 3979 lectus
2718 3915 3000 3997 concipit
3058 3915 3387 3977 infinitum
3446 3922 3512 3977 et
3567 3914 3950 3987 universale,

2456 4015 2626 4098 quod
2670 4020 2767 4077 est
2809 4014 3049 4096 ubique
3092 4021 3157 4077 et
3207 4032 3463 4097 semper
3511 4031 3525 4075 t
3572 4014 3743 4095 quod
3794 4014 3955 4075 nulli

2456 4113 2768 4196 organicae
2834 4112 3141 4195 competit
3207 4112 3523 4195 potentiae.
3595 4112 3955 4184 Decimum,

849 4221 992 4302 ejus
1023 4218 1289 4283 cuilibet
1317 4218 1478 4301 parti
1512 4218 2024 4299 conjungeretur,
2047 4224 2114 4279 et
2140 4225 2343 4279 totum
2377 4219 2427 4281 D
2457 4214 2627 4297 quod
2668 4211 3117 4275 intellectualis
3156 4212 3440 4294 operatio
3482 4211 3715 4273 melius
3752 4219 3818 4273 et
3856 4230 3961 4274 ex-

851 4319 966 4381 toti
998 4336 1014 4397 ;
1047 4336 1164 4380 nec
1210 4324 1420 4399 partes
1464 4316 1769 4378 distarent
1813 4315 1893 4377 ab
1939 4315 2239 4389 invicem,
2272 4336 2347 4378 ac

854 4417 1110 4480 infinita
1178 4416 1735 4497 pertransirentur.
1799 4415 1873 4476 Et
1939 4414 2038 4476 his
2099 4414 2163 4476 in
2222 4415 2348 4478 alio

851 4517 1244 4580 theoremate
1288 4514 1543 4576 Proclus
1587 4513 1822 4594 adJecit
1863 4530 1876 4575 :
1912 4513 2112 4576 Omne
2157 4514 2235 4576 ad
2280 4533 2349 4577 se

852 4615 1062 4698 ipsum
1135 4611 1606 4685 conversivum,
1667 4611 1859 4674 habet
1922 4611 2345 4677 substantiam

849 4714 930 4777 ab
990 4713 1165 4776 omni
1223 4728 1488 4794 corpore
1544 4710 1985 4793 separabilem.
2049 4711 2113 4774 Si
2172 4712 2349 4774 enim

851 4810 1278 4894 inseparabile
1335 4809 1419 4872 sit
1474 4829 1510 4871 a
1561 4827 1848 4892 corpore,
1903 4827 2029 4871 non
2089 4809 2351 4873 habebit

850 4912 1286 4995 operationem
1345 4917 1700 4992 separatam
1757 4927 1793 4970 a
1852 4926 2118 4990 corpore
2172 4927 2185 4970 :
2238 4909 2352 4971 im-

850 5009 1156 5095 possibile
1188 5027 1464 5091 namque
1495 5016 1592 5071 est
1619 5006 1991 5071 substantiae
2020 5026 2055 5069 a
2087 5025 2351 5089 corpore

853 5108 1298 5192 inseparabilis
1329 5107 1765 5189 operationem
1797 5124 1938 5169 esse
1969 5112 2349 5187 separatam,

852 5206 1005 5271 alias
1034 5204 1320 5289 operatio
1357 5211 1526 5266 esset
1565 5202 1962 5285 praestantior
1999 5202 2355 5265 substantia

858 5325 894 5370 a
937 5324 1062 5388 qua
1103 5304 1255 5379 exit,
1289 5308 1355 5366 et
1397 5301 1610 5365 minus
1656 5301 1970 5382 indigenS,
2011 5319 2084 5363 ac
2129 5319 2244 5383 per
2284 5320 2353 5364 se

2460 4312 2733 4395 peditius
2765 4318 2906 4393 post
2935 4310 3396 4392 separationem
3426 4330 3463 4373 a
3492 4327 3757 4391 corpore
3789 4328 3962 4373 exer-

2460 4420 2679 4489 cetur3
2733 4411 2864 4473 imo
2912 4410 3197 4491 corporis
3255 4409 3760 4472 necessitudines
3820 4410 3959 4493 plu-

2461 4510 2697 4573 rimum
2741 4528 2881 4572 eam
2926 4508 3305 4591 impediunt.

2541 4610 2807 4691 Insuper
2854 4609 2988 4671 sola
3036 4607 3485 4671 intellectualis
3534 4607 3809 4671 essentia
3865 4617 3962 4672 est

2459 4708 2806 4791 appetitiva
2861 4707 3014 4770 boni
3068 4705 3341 4780 honesti,
3390 4725 3463 4768 ac
3508 4707 3962 4788 permanentiae

2461 4807 2888 4888 sempiternae,
2922 4803 3196 4867 naturali
3236 4803 3427 4865 etiam
3469 4802 3757 4886 appetitu
3784 4821 3801 4883 ;
3832 4804 3963 4867 ani-

2464 4924 2565 4968 ma
2624 4923 2775 4967 vero
2833 4902 3159 4966 rationalis
3220 4908 3317 4965 est
3363 4902 3508 4964 talis
3562 4919 3575 4964 :
3630 4922 3961 4985 quumque

2461 5002 2747 5066 naturale
2804 5002 3194 5065 desiderium
3255 5018 3658 5082 nequaquam
3709 5002 3773 5064 in
3830 5010 3964 5067 toto

2462 5102 2823 5175 frustretur,
2856 5100 3072 5163 anima
3100 5099 3470 5181 hujusmodi
3503 5098 3622 5161 rite
3658 5108 3965 5183 perpetua

2462 5200 2853 5285 perhibetur.

2544 5300 2865 5363 Postremo
2908 5297 2987 5361 ad
3031 5296 3153 5361 hoc
3197 5302 3349 5359 sunt
3389 5295 3743 5378 theologica
3781 5315 3962 5379 argu·
