4300 6259
808 455 927 524 138

1475 477 1899 527 nmmum
1940 476 2340 526 mmmmm.
2385 493 2466 508 -·
2505 477 2586 524 nt
2627 475 2745 524 ΠΕΟ
2787 475 2907 526 1]Νο
2947 475 3023 524 ΕΤ
3061 475 3245 526 'mmo

798 647 999 712 trium
1030 647 1263 712 unitas.
1297 650 1466 713 Deus
1495 656 1707 713 autem
1746 649 2070 713 interdum
2106 649 2302 712 sumi·
2329 646 2382 712 A
2411 648 2523 712 scd
2554 665 2842 731 personne
2873 653 3222 712 numeratas
3264 645 3570 710 dicuntur
3605 643 3920 708 subsiste-

797 753 907 809 tur
934 746 1256 828 absolute3
1279 749 1662 831 quandoque
1692 748 2000 832 supponit
2026 765 2145 831 pro
2173 766 2302 810 una

801 862 1099 928 persona,
1130 851 1203 908 ut
1229 865 1430 928 quum
1460 846 1755 922 dicimus,
1789 847 1953 910 Deus
1996 854 2298 929 generat3

803 943 1127 1007 interdum
1157 961 1273 1027 pro
1300 943 1571 1020 duabus,
1602 945 1771 1008 sicut
1796 963 1999 1028 quum
2038 945 2297 1019 dicitur,

801 1041 971 1106 Deus
1010 1041 1247 1125 spirat3
1288 1060 1750 1126 nonnunquam
1796 1061 1915 1126 pro
1960 1043 2170 1107 tribus
2215 1043 2298 1105 si-

802 1139 963 1214 mul,
996 1148 1068 1203 ut
1107 1140 1221 1216 ibi,
1262 1140 1429 1204 Deus
1470 1149 1569 1204 est
1608 1141 1881 1205 Trinitas
1928 1159 1942 1203 :
1990 1142 2294 1224 quoniam

801 1257 927 1300 una
957 1245 1023 1300 et
1049 1238 1273 1302 eadem
1304 1239 1505 1302 deitas
1534 1246 1633 1302 est
1670 1240 1737 1302 in
1777 1239 1956 1303 Patre
1995 1257 2070 1302 ac
2115 1239 2296 1314 Filio,

799 1343 865 1398 et
894 1334 1085 1398 simul
1127 1335 1195 1398 in
1239 1336 1415 1400 Patre
1455 1345 1521 1399 et
1555 1336 1715 1401 Filio
1751 1356 1825 1400 ac
1866 1337 2106 1420 Spiritu
2146 1337 2298 1400 San-

799 1441 921 1496 cto.
963 1433 1207 1498 Idcirco
1249 1453 1451 1518 quum
1492 1434 1749 1509 dicitur,
1781 1435 1949 1499 Deus
1990 1443 2089 1499 est
2130 1454 2300 1499 unus

798 1549 873 1594 ac
921 1532 1151 1608 trinuS,
1204 1532 1325 1596 hoc
1374 1551 1633 1608 nomen,
1685 1535 1877 1608 DeuS,
1928 1534 2298 1598 indistincte

799 1631 1108 1712 supponit
1148 1648 1265 1713 pro
1308 1631 1517 1694 tribus
1560 1632 1894 1716 personis3
1926 1641 1991 1695 et
2032 1633 2168 1697 haec
2210 1633 2300 1695 di-

800 1727 949 1802 ctio,
982 1748 1171 1804 unuS,
1215 1729 1523 1812 supponit
1563 1730 1835 1793 formam
1877 1737 2170 1810 tantum3
2210 1739 2302 1794 at-

2411 765 2480 810 re
2526 747 2592 811 in
2634 747 2880 812 unitate
2920 745 3235 819 essentiae,
3270 743 3816 828 quemadmodum
3847 741 3914 804 in

2411 845 2720 908 creaturis
2760 844 3091 927 supposita
3129 849 3505 908 asseruntur
3531 856 3672 904 esse
3705 839 3775 902 in
3809 859 3920 903 na·

2408 950 2552 1006 tura
2589 963 2705 1007 sua
2741 941 3066 1026 specifica.
3097 941 3554 1008 Verumtamen
3594 956 3724 1003 non
3767 955 3920 1002 con·

2409 1041 2659 1106 ceditur
2705 1042 2875 1125 quod
2923 1039 3197 1106 Trinitas
3243 1039 3328 1104 sit
3371 1038 3562 1112 trina,
3615 1036 3768 1120 quia
3816 1035 3920 1098 in·

2409 1140 2774 1204 sinuaretur
2799 1157 3030 1204 novem
3062 1155 3164 1202 res
3191 1155 3334 1202 esse
3371 1136 3439 1199 in
3478 1137 3626 1200 Deo.
3655 1133 3918 1198 Etenim

2407 1257 2610 1320 quum
2656 1238 2914 1312 dicitur,
2965 1237 3239 1302 Trinitas
3282 1241 3378 1299 est
3423 1233 3616 1308 trina,
3665 1232 3918 1296 ratione

2409 1336 2665 1400 numeri
2707 1335 3034 1418 importati
3076 1332 3480 1416 significatur
3527 1330 3920 1413 multiplica·

2409 1434 2499 1498 tio
2545 1432 2836 1515 ejusdem
2887 1432 3144 1496 numeri
3191 1431 3258 1496 in
3305 1449 3374 1496 se
3423 1430 3661 1513 ipsum,
3705 1446 3916 1510 quum

2408 1532 2659 1596 trinitas
2703 1532 3008 1614 importet
3043 1529 3526 1596 distinctionem
3569 1527 3638 1591 in
3675 1543 3917 1609 suppo-

2409 1629 2551 1693 sitis
2581 1630 2660 1693 de
2691 1629 2929 1711 quibus
2957 1629 3154 1693 simul
3185 1627 3464 1711 sumptis
3500 1625 3916 1703 enuntiatur3

2411 1736 2636 1811 estque
2683 1728 2935 1794 trinitas
2981 1727 3166 1811 quasi
3214 1745 3452 1792 nomen
3498 1722 3915 1791 collectivum

799 1845 926 1910 que
969 1844 1091 1891 vox
1136 1828 1278 1903 ista,
1309 1828 1541 1903 trinus,
1576 1829 1902 1911 significat
1943 1830 2296 1894 ternarium
2335 1825 2383 1890 B
2411 1827 2478 1890 in
2521 1826 2777 1890 divinis.

798 1925 1230 2008 theologicum
1260 1944 1680 2010 personarum
1711 1934 1901 2011 prout
1929 1927 2300 1991 indistincte

798 2033 1256 2106 supponuntur
1292 2045 1407 2108 per
1449 2043 1685 2090 nomen
1727 2027 1871 2102 hoe,
1913 2027 2102 2102 DeuS,
2149 2028 2302 2111 quia

798 2122 1185 2185 determinat
1239 2123 1424 2186 illum
1480 2125 1833 2187 ternarium
1891 2125 1958 2187 in
2008 2127 2299 2208 personis

794 2221 1154 2283 secundum
1193 2223 1362 2302 quod
1409 2231 1559 2285 sunt
1598 2223 1789 2286 unius
1828 2232 2086 2288 naturae.
2119 2225 2299 2288 Insu-

796 2336 915 2400 per
944 2318 1071 2381 dici
1110 2325 1341 2400 potest,
1375 2320 1547 2402 quod
1588 2321 1657 2383 in
1686 2321 1807 2383 hac
1838 2322 2295 2404 propositione,

798 2416 965 2479 Deus
994 2424 1094 2479 est
1120 2435 1287 2480 unus
1318 2425 1384 2481 et
1418 2417 1647 2494 trinuS,
1684 2419 1747 2502 ly
1787 2419 1953 2482 Deus
1992 2422 2301 2502 supponit

796 2514 1141 2578 essentiam
1193 2515 1257 2577 in
1306 2516 1639 2598 supposito
1688 2517 1754 2580 in
1804 2519 2135 2580 communi
2184 2538 2298 2582 seu

797 2611 1167 2676 indistincte
1187 2614 1436 2697 :sicque
1468 2616 1712 2679 ratione
1741 2617 2033 2682 essentiae
2063 2617 2300 2680 dicitur

796 2730 987 2784 unus,
1022 2712 1265 2776 ratione
1294 2721 1509 2777 autem
1540 2716 2019 2798 suppositorum
2065 2717 2293 2780 trinus.

798 2807 1035 2871 Iterum
1085 2809 1215 2872 dici
1268 2818 1505 2892 posset,
1556 2813 1727 2894 quod
1776 2813 1944 2876 Deus
1992 2814 2300 2896 supponit

798 2923 934 2969 rem
987 2906 1327 2972 habentem
1381 2909 1444 2972 in
1496 2929 1565 2974 se
1622 2910 1945 2986 deitatem,
1997 2913 2300 2976 videlicet

2749 2035 3270 2101 PROPOSITIO
3318 2035 3609 2100 XXXII.

2489 2222 2751 2301 Quum
2799 2221 3060 2288 Filius
3105 2221 3252 2287 Det
3311 2220 3615 2286 dieitur
3667 2219 3916 2286 natus

2408 2321 2508 2388 de
2579 2319 3030 2386 substantia
3097 2319 3385 2400 Patria,
3451 2316 3918 2399 praepositio

2409 2420 2530 2499 de,
2580 2416 3500 2485 consubstantialitatem
3545 2419 3632 2483 et
3683 2415 3916 2484 habt-

2406 2517 2772 2584 tudinem
2815 2516 3154 2594 orig-ints
3195 2517 3446 2584 notat.

2487 2614 2666 2690 Quod
2697 2620 2814 2687 est,
2848 2613 2999 2695 quia
3025 2613 3163 2676 haec
3204 2611 3571 2695 praepositio
3612 2615 3718 2682 de,
3745 2611 3916 2674 mul-

2407 2713 2716 2796 tipliciter
2756 2712 2820 2773 in
2860 2710 3171 2774 creaturis
3207 2710 3527 2792 accipitur
3568 2728 3583 2772 :
3623 2710 3778 2792 quia
3814 2709 3918 2772 in-

2409 2813 2660 2875 terdum
2707 2827 2868 2892 pure
2914 2807 3348 2882 materialiter,
3377 2814 3450 2870 ut
3491 2806 3792 2872 cultellus
3831 2809 3916 2872 de

2408 2910 2619 2988 ferr03
2680 2908 3064 2991 quandoque
3123 2925 3282 2988 pure
3350 2905 3768 2988 originaliter,
3841 2915 3918 2969 ut

798 3005 999 3067 Deum
1030 3004 1317 3069 absolute
1348 3008 1821 3071 consideratum
1842 3011 1985 3092 :qui
2006 3018 2104 3073 est
2130 3030 2296 3074 unus
2334 3009 2379 3072 C
2408 3026 2610 3090 quum
2641 3005 2898 3080 dicitur,
2929 3004 3165 3068 Radius
3195 3011 3291 3066 est
3321 3004 3400 3067 de
3429 3003 3595 3081 sole3
3626 3001 3918 3084 aliquan-

799 3103 1042 3166 ratione
1085 3104 1499 3168 indivisibilis
1542 3105 1817 3180 deitatis,
1858 3117 1921 3171 et
1956 3109 2166 3171 trinus
2207 3128 2298 3171 ra-

796 3199 973 3264 tione
1015 3201 1208 3263 trium
1254 3203 1758 3286 suppositorum,
1791 3224 1933 3286 quae
1975 3214 2126 3268 sunt
2167 3214 2298 3269 tres

799 3317 1087 3381 personae
1128 3300 1390 3363 relative
1432 3311 1728 3384 acceptae,
1772 3303 1837 3365 in
1881 3304 2119 3385 quibus
2163 3323 2296 3368 om-

796 3396 989 3459 nibus
1038 3406 1135 3460 est
1176 3398 1376 3462 deitas
1422 3419 1569 3462 una.
1612 3401 1949 3483 Propterea
1993 3403 2160 3466 Deus
2203 3412 2301 3466 est

797 3513 947 3557 vere
1003 3513 1193 3570 unus,
1252 3497 1336 3559 ob
1393 3498 2045 3580 immultiplicabilem
2103 3501 2300 3563 deita-

795 3598 928 3654 tem
957 3610 975 3672 ;
1008 3600 1071 3655 et
1109 3594 1341 3670 trinus,
1374 3594 1457 3658 ob
1500 3595 1697 3658 trium
1741 3615 2160 3678 personarum
2204 3617 2298 3661 re-

799 3689 1058 3753 lativam
1102 3691 1602 3756 distinctionem.

878 3789 1141 3852 Interim
1191 3791 1245 3852 si
1290 3799 1631 3874 quaeratur,
1677 3812 1759 3855 an
1804 3793 2005 3856 deitas
2049 3814 2163 3858 seu
2207 3797 2299 3858 di-

799 3887 951 3950 vina
990 3889 1268 3952 essentia
1304 3891 1505 3972 possit
1546 3891 1759 3955 vocari
1800 3893 2011 3973 trina3
2043 3913 2304 3977 respon-

800 3985 1006 4062 detur,
1050 3988 1221 4070 quod
1262 4006 1497 4052 nomen
1544 3989 1685 4064 hoc,
1727 3990 1955 4066 trinuS,
1999 3992 2302 4075 importat

800 4084 1113 4148 unitatem
1160 4094 1232 4148 ut
1282 4087 1346 4150 in
1395 4089 1821 4162 concretione,
1874 4098 1937 4153 et
1982 4091 2071 4152 ita
2117 4093 2300 4173 quasi

2408 3107 2489 3170 do
2536 3124 2695 3188 pure
2739 3103 3134 3176 ordinaliter,
3183 3109 3276 3178 ut,
3323 3102 3413 3166 De
3455 3120 3664 3176 mane,
3709 3100 3774 3165 id
3815 3109 3918 3164 est

2411 3211 2552 3285 post
2595 3220 2804 3276 mane,
2835 3201 2913 3264 sit
2953 3200 3295 3280 meridies3
3327 3217 3788 3283 nonnunquam
3833 3199 3918 3262 si-

2409 3301 2542 3364 mul
2583 3319 2697 3364 seu
2741 3299 2992 3362 mixtim
3039 3298 3454 3362 materialiter
3492 3317 3568 3362 ac
3609 3297 3916 3362 ordinali-

2408 3408 2526 3474 ter,
2572 3398 2740 3461 sicut
2787 3398 2853 3460 in
2901 3397 3207 3460 creaturis
3256 3397 3434 3460 filius
3491 3402 3588 3460 est
3633 3397 3714 3459 de
3759 3395 3917 3460 sub-

2410 3497 2641 3561 stantia
2687 3495 2907 3580 patris.
2963 3495 3031 3558 In
3091 3495 3332 3559 divinis
3378 3503 3588 3559 autem
3637 3513 3766 3558 non
3813 3503 3916 3558 est

2413 3595 2698 3670 materia,
2748 3595 2860 3657 sed
2917 3594 3273 3657 substantia
3338 3612 3482 3677 quae
3545 3601 3645 3657 est
3709 3613 3914 3676 purus

2410 3701 2610 3757 actus,
2673 3694 2891 3775 Itaque
2949 3691 3512 3775 proportionaliter
3567 3690 3912 3775 loquendo,

2411 3791 2478 3855 in
2517 3790 2777 3864 divinis,
2809 3793 2914 3861 de,
2945 3789 3290 3872 aliquando
3333 3789 3585 3871 capitur
3622 3791 3917 3854 substan·

2410 3889 2670 3964 tialiter‚
2722 3895 2794 3951 ut
2835 3887 3033 3951 Filius
3074 3887 3153 3950 de
3201 3888 3479 3952 essentia
3515 3889 3714 3952 Patris
3737 3907 3756 3968 ;
3799 3889 3916 3952 ali-

2412 3988 2668 4071 quando
2707 3986 3126 4069 originaliter,
3160 3995 3231 4049 ut
3273 3987 3474 4050 Filius
3517 3988 3598 4051 de
3638 4005 3917 4070 persona

2412 4087 2650 4166 Patris3
2703 4086 3026 4149 interdum
3074 4085 3469 4160 ordinaliter,
3513 4092 3582 4149 ut
3623 4086 3914 4150 Christus

800 4180 1096 4264 pluribus
1129 4183 1543 4248 inhaerentem
1578 4203 1591 4247 :
1625 4186 1777 4249 hinc
1805 4188 1884 4250 de
1916 4188 2027 4251 illo
2065 4189 2304 4251 dicitur
2331 4193 2382 4256 D
2411 4185 2489 4247 de
2519 4191 2755 4248 aeterno
2785 4182 2988 4246 factus
3019 4190 3117 4246 est
3143 4182 3547 4265 temporalis;
3568 4182 3916 4267 aliquando

798 4287 1049 4343 tantum
1094 4281 1263 4363 quod
1307 4283 1669 4347 concretive
1714 4285 2024 4349 unitatem
2063 4287 2301 4369 impor-

801 4384 914 4450 tat,
948 4384 1018 4439 ut
1049 4379 1233 4441 Deus.
1267 4380 1511 4443 Idcirco
1550 4383 1923 4446 conceditur
1962 4383 2101 4459 ista,
2137 4385 2302 4448 Deus

800 4483 899 4538 est
926 4476 1170 4556 trinus3
1204 4495 1330 4541 non
1363 4477 1504 4553 ista,
1540 4479 1749 4543 Deitas
1779 4488 1876 4544 est
1903 4483 2071 4545 trina
2104 4500 2118 4545 :
2154 4485 2305 4565 quia

800 4575 969 4638 Deus
1018 4575 1325 4658 supponit
1371 4595 1733 4659 personam,
1767 4597 1895 4644 non
1938 4581 2170 4644 Deitas,

880 4674 1117 4736 Verum
1162 4673 1358 4755 objici
1416 4683 1626 4758 potest
1672 4677 1832 4740 illud
1883 4679 1946 4741 in
1998 4679 2239 4762 hymno
2285 4698 2299 4743 :

799 4773 1087 4844 Te,trina
1115 4773 1325 4836 Deitas
1357 4792 1628 4856 unaque,
1644 4776 1987 4857 poscimus.
2008 4779 2100 4840 Ad
2131 4780 2302 4860 quod

799 4872 1035 4954 poterit
1094 4873 1486 4954 responderi,
1537 4875 1706 4956 quod
1764 4874 2156 4938 abstractum
2214 4876 2304 4939 ibi

800 4970 1061 5052 ponitur
1117 4986 1232 5052 pro
1282 4978 1597 5035 concreto.
1640 5007 1721 5018 —
1750 4973 2095 5048 Postremo,
2149 4975 2304 5036 dum

801 5068 867 5130 in
900 5067 1205 5152 Symbolo
1235 5069 1493 5142 dicitur,
1528 5071 1606 5133 Ut
1632 5071 1844 5134 unitas
1876 5073 1941 5134 in
1971 5071 2301 5146 Trinitate,

799 5174 865 5230 et
904 5166 1178 5230 Trinitas
1225 5167 1291 5230 in
1334 5168 1577 5231 unitate
1620 5170 1983 5233 veneranda
2024 5169 2127 5244 sit,
2177 5189 2304 5234 non

802 5263 1173 5347 designatur
1224 5284 1533 5329 numerus
1582 5266 1648 5332 in
1697 5267 1941 5331 unitate
1988 5267 2304 5344 essentiae,

2414 4284 2663 4348 mixtim
2715 4282 3221 4346 substantialiter
3269 4290 3332 4346 et
3377 4283 3794 4365 originaliter,
3843 4293 3918 4347 ut

2412 4401 2612 4465 quum
2663 4381 2859 4445 Filius
2908 4380 3146 4443 dicitur
3190 4388 3379 4444 natus
3423 4381 3504 4444 de
3556 4381 3919 4446 substantia

2413 4481 2608 4544 Patris
2629 4497 2644 4542 :
2664 4480 2817 4562 quia
2848 4479 2912 4541 in
2943 4480 3209 4543 nomine
3237 4478 3614 4544 substantiae
3644 4479 3918 4544 consub-

2413 4578 2790 4642 stantialitas
2846 4577 3242 4659 designatur,
3292 4586 3487 4660 atque
3534 4579 3602 4642 in
3650 4579 3916 4644 nomine

2411 4678 2610 4742 Patris
2654 4678 2833 4758 origo
2875 4675 3226 4739 nativitatis
3273 4675 3680 4760 exprimitur.
3722 4678 3916 4742 Porro

2414 4777 2479 4838 in
2523 4775 2832 4838 creaturis
2870 4774 3048 4837 filius
3095 4773 3383 4837 nascitur
3428 4793 3506 4838 ex
3557 4775 3918 4839 substantia

2414 4874 2633 4958 patris,
2669 4873 2731 4936 id
2761 4882 2858 4936 est
2897 4892 2975 4936 ex
3017 4879 3194 4956 parte
3237 4872 3635 4948 substantiae,
3667 4890 3796 4937 non
3831 4893 3918 4938 ex

2413 4981 2546 5036 tota
2583 4973 2725 5054 ejus
2769 4971 3145 5036 substantia.
3193 4971 3321 5035 Nec
3366 4979 3464 5035 est
3504 4972 3596 5034 ibi
3641 4971 3919 5036 consub-

2413 5071 2792 5135 stantialitas
2847 5078 3088 5134 natura)
3137 5069 3430 5151 ejusdem
3489 5070 3558 5134 in
3617 5089 3916 5148 numero,

2415 5171 2525 5234 sed
2569 5170 2634 5232 in
2679 5169 2893 5251 specie
2935 5185 2950 5230 ε
2995 5169 3147 5251 quia
3197 5169 3263 5232 in
3315 5168 3578 5233 homine
3623 5176 3802 5253 patre
3847 5180 3920 5233 et

2413 5269 2556 5333 filio
2585 5267 2746 5350 ejus,
2779 5284 2908 5331 non
2935 5273 3035 5330 est
3061 5267 3286 5331 eadem
3325 5285 3596 5334 numero
3625 5267 3920 5334 substan-
