4300 6259
613 3161 676 3206 De
707 3161 824 3205 Bccl.

573 3226 684 3270 hier.
695 3237 736 3270 e.
752 3238 808 3268 vu

576 3457 640 3502 De
661 3457 824 3502 Conso-

558 3520 638 3564 ht.
665 3520 744 3564 lib.
765 3533 824 3570 w.

557 3596 676 3640 pros.
703 3586 744 3627 3.

841 502 962 566 238

1479 519 1559 565 DE
1601 515 1828 564 Lunum
1871 504 2253 561 cumsnANAE
2294 507 2597 567 mcum,
2640 509 2817 557 LIBER
2858 511 2899 556 1.
2946 529 3025 540 —
3068 511 3208 560 Am.
3252 511 3323 558 m

846 687 1130 752 cundum
1177 687 1636 770 Anaxagoram,
1684 684 2045 749 intellectus
2096 680 2347 744 immix-
2375 679 2427 743 A
2460 679 2953 762 purissimorum
3021 687 3138 743 est.
3200 679 3747 754 Quemadmodum
3805 694 3953 759 ergo

847 793 950 848 tus
997 793 1112 849 est.
1163 787 1389 850 Nostro
1437 787 1651 868 itaque
1700 781 2077 855 intellectui,
2129 799 2347 843 secun-

845 882 997 946 dum
1028 883 1194 946 hunc
1227 884 1430 964 ipsius
1459 882 1832 965 adspectum
1865 896 1990 966 quo
2018 898 2056 940 a
2085 894 2345 958 corpore

846 981 1346 1063 comprehensus
1396 997 1522 1043 non
1567 986 1682 1052 est,
1729 978 1948 1041 divina
1992 983 2057 1038 et
2099 974 2347 1057 sapien-

843 1078 1021 1141 tialia
1085 1077 1517 1157 intelligibilia
1583 1076 2100 1159 correspondent.
2162 1072 2344 1135 Nunc

845 1176 1039 1257 igitur
1066 1176 1394 1250 elucescit,
1429 1174 1969 1257 quemadmodum
2008 1171 2225 1234 anima
2262 1169 2347 1231 sit

845 1274 1174 1357 sapientiae
1215 1293 1433 1357 capax.

925 1372 1115 1435 Porro
1171 1371 1377 1435 divini
1436 1371 1800 1434 intellectus
1855 1370 2008 1442 vita,
2069 1373 2346 1430 contem·

845 1470 1042 1553 platio
1085 1478 1202 1533 est.
1235 1470 1379 1534 Haec
1419 1470 1594 1531 enim
1633 1469 1766 1530 vita
1807 1466 2188 1546 dignissima
2224 1471 2341 1538 est,

845 1576 911 1632 et
955 1569 1130 1631 omni
1188 1569 1318 1630 vita
1367 1566 1892 1630 indissolubilior.
1948 1565 2114 1627 Dicit
2170 1563 2342 1626 enim

844 1666 1214 1731 Aristoteles
1259 1667 1326 1728 in
1371 1666 1653 1729 secundo
1699 1664 1851 1728 Coeli
1890 1682 1903 1726 :
1939 1663 2130 1725 Extra
2174 1662 2345 1723 hunc

846 1765 1106 1847 quidem
1166 1783 1315 1846 ergo
1378 1765 1690 1827 mundum
1752 1763 1916 1824 nihil
1965 1769 2082 1835 est,
2135 1777 2344 1841 neque

2457 777 2555 842 hae
2598 778 2831 842 divinae
2874 778 3247 842 substantiae
3291 787 3440 841 sunt
3479 777 3806 841 sensibilis
3844 777 3957 838 hu·

2454 875 2560 955 jus
2602 876 2823 938 mundi
2870 876 3351 956 gubernatrices
3394 874 3955 952 instrumentales;

2458 974 2550 1036 sic
2616 973 3065 1036 universorum
3126 973 3560 1037 scientialium
3619 973 3955 1035 habituum

2458 1079 2523 1133 et
2573 1071 3106 1154 speculationum,
3154 1071 3470 1155 sapientia
3519 1071 3673 1132 finis
3726 1079 3849 1144 est,
3898 1077 3963 1132 et

2458 1169 2707 1230 entium
2770 1169 3027 1231 rectrix.
3091 1169 3351 1252 Propter
3409 1169 3580 1250 quod
3638 1168 3717 1231 de
3778 1174 3960 1230 natu-

2458 1287 2527 1330 ra
2582 1272 2647 1329 et
2704 1266 3052 1330 mobilibus
3102 1274 3365 1350 propter
3412 1275 3700 1349 separata
3748 1272 3815 1328 et
3862 1264 3961 1327 di-

2456 1366 2606 1428 vina
2650 1384 2717 1428 se
2761 1366 3222 1429 determinasse
3266 1365 3357 1428 ait
3400 1355 3793 1429 Aristoteles.
3840 1365 3961 1438 Qui

2456 1484 2678 1527 rursus
2736 1465 2913 1540 dicit,
2963 1465 3270 1544 sapientis
3328 1482 3467 1527 esse
3525 1471 3733 1527 cetera
3790 1463 3959 1526 ordi-

2456 1581 2625 1625 nare.
2679 1563 2856 1626 Unde
2906 1561 3398 1625 desiderabilius
3446 1568 3545 1625 est
3591 1580 3821 1642 parum
3880 1561 3960 1622 de

2455 1662 2691 1724 divinis
2737 1661 2865 1724 illis
2910 1661 3206 1724 essentiis
3251 1662 3438 1735 scire,
3471 1679 3662 1742 quam
3690 1654 3785 1723 'de
3822 1677 3960 1722 cor-

2456 1760 2667 1842 poreis
2699 1760 2942 1822 naturis
2974 1761 3252 1842 plurima
3283 1777 3685 1840 cognoscere.
3701 1758 3963 1822 Praecla-

843 1870 1124 1946 tempus,
1159 1882 1369 1945 neque
1412 1863 1612 1934 locus,
1648 1880 1857 1944 neque
1887 1877 2199 1937 vacuum3
2233 1857 2343 1920 sed
2372 1859 2420 1922 Β
2459 1858 2695 1921 rissimi
2747 1865 2897 1920 sunt
2946 1859 3160 1940 itaque
3213 1857 3576 1920 intellectus
3628 1857 3962 1940 sapientiae

845 1968 996 2024 sunt
1043 1961 1132 2024 ibi
1185 1962 1356 2024 entia
1406 1962 1716 2043 optimam
1776 1960 1970 2023 vitam
2021 1957 2339 2020 ducentia.

843 2060 914 2121 In
965 2060 1176 2141 primo
1222 2068 1434 2123 autem
1486 2058 1640 2122 Coeli
1691 2058 1779 2120 ait
1831 2076 1844 2119 :
1893 2057 2189 2139 Operatio
2234 2055 2345 2117 Dei

845 2165 943 2219 est
990 2157 1450 2220 immortalitas.
1503 2157 1601 2219 Fit
1650 2174 1801 2238 ergo
1846 2156 2059 2218 anima
2108 2154 2349 2216 divino·

847 2275 991 2317 rum
1023 2255 1566 2337 contemplationi
1617 2255 1877 2326 intent-a,
1926 2253 2160 2317 divinae
2200 2253 2347 2314 vitae

847 2354 1185 2437 particeps.
1248 2354 1585 2436 Propterea
1643 2371 1940 2434 namque,
1991 2352 2347 2414 secundum

846 2452 1286 2516 testimonium
1321 2451 1700 2526 Aristotelis,
1735 2452 1865 2512 vita
1897 2457 2110 2513 nostra
2147 2469 2347 2531 quan-

847 2549 1057 2632 doque
1101 2549 1384 2632 quidem,
1417 2550 1528 2612 sed
1572 2550 1650 2611 ad
1695 2548 2019 2611 modicum
2062 2566 2345 2631 prorsuS,

845 2648 992 2710 talis
1057 2654 1153 2710 est
1209 2647 1417 2730 qualis
1479 2656 1576 2710 est
1621 2647 1753 2710 vita
1814 2645 2010 2727 primi
2070 2649 2344 2728 s'emper.

848 2746 961 2807 Dei
1020 2746 1318 2827 equidem
1383 2745 1516 2806 vita
1571 2743 1955 2808 aeternaliter
2011 2743 2351 2806 delectabi-

851 2845 1096 2908 lissima
1151 2853 1266 2907 est.
1323 2843 1788 2926 Contemplatio
1846 2850 2058 2905 autem
2118 2842 2350 2904 animae

853 2943 1333 3007 multiformiter
1403 2941 1908 3025 interrumpitur.
1982 2942 2203 3022 Itaque
2276 2939 2352 3001 fit

2458 1956 2709 2030 intenti,
2760 1957 3062 2039 quoniam
3125 1957 3477 2019 secundum
3526 1955 3961 2030 Aristotelem,

2457 2055 2771 2137 sapientia
2818 2063 2915 2117 est
2962 2055 3179 2118 divina
3227 2054 3546 2138 possessio
3599 2071 3613 2115 ε
3658 2053 3967 2137 splendor

2458 2173 2735 2236 namque
2790 2162 2853 2216 et
2896 2154 3143 2236 species
3190 2154 3424 2216 mentis
3476 2161 3575 2215 est
3624 2153 3961 2235 sapientia,

2459 2260 2523 2315 et
2565 2271 2691 2315 non
2746 2253 3055 2334 competit
3108 2252 3294 2314 nobis
3353 2251 3479 2314 nisi
3533 2270 3648 2334 per
3690 2251 3756 2313 id
3804 2251 3967 2313 divi·

2462 2370 2615 2413 num
2649 2351 2818 2432 quod
2852 2351 2917 2412 in
2950 2349 3136 2413 nobis
3165 2357 3279 2413 est.
3304 2349 3623 2432 Amplius,
3646 2349 3965 2432 sapientia

2460 2448 2542 2511 ab
2590 2448 2925 2512 Aristotele
2969 2448 3189 2511 divina
3239 2448 3485 2511 theoria
3528 2454 3590 2510 et
3640 2448 3965 2529 theologia

2459 2566 2533 2609 ac
2574 2548 2865 2610 omnium
2909 2547 3323 2609 scientiarum
3366 2547 3699 2629 capitanea
3738 2547 3963 2629 appel-

2462 2645 2643 2707 latur.
2705 2644 2951 2720 Adhuc,
3014 2645 3372 2727 primorum
3438 2663 3653 2708 rerum
3724 2645 3966 2728 princi-

2461 2745 2739 2826 piorum,
2793 2751 2857 2806 et
2905 2743 3341 2806 universitatis
3389 2743 3637 2806 entium
3685 2743 3969 2807 fontanae

2462 2859 2668 2904 causae
2717 2841 3030 2922 sapientia
3078 2840 3545 2904 considerativa
3590 2848 3690 2903 est
3735 2858 3749 2902 :
3796 2841 3970 2903 ideo-

2462 2956 2587 3020 que
2628 2937 2770 3017 ejus
2812 2944 2910 2999 est
2951 2954 3173 2999 omnes
3217 2937 3518 2999 scientias
3568 2937 3861 3000 stabilire
3906 2943 3971 3000 et

851 3043 1065 3106 anima
1110 3043 1343 3105 divinae
1395 3042 1592 3104 menti
1639 3039 1992 3103 consimilis
2042 3057 2159 3121 per
2206 3039 2351 3102 vitae
2385 3037 2431 3101 C
2460 3035 2711 3098 fulcire.
2759 3035 3085 3107 Praeterea,
3131 3034 3661 3098 intellectualium
3714 3043 3973 3099 natura—

855 3141 1278 3204 imitationem
1335 3141 1536 3222 (unde
1597 3145 1660 3201 et
1717 3158 1756 3201 a
1812 3138 2113 3220 Dionysio
2171 3137 2353 3200 deata

811 3255 823 3267 ·
852 3247 916 3302 et
943 3239 1162 3302 divina
1191 3239 1458 3320 dicitur)
1488 3255 1502 3300 :
1536 3238 1838 3320 quoniam
1884 3237 2096 3299 omnis
2127 3244 2353 3298 natura

852 3337 920 3400 in
968 3337 1032 3400 id
1093 3337 1562 3420 quodammodo
1619 3334 2109 3399 transformatur
2166 3335 2351 3414 cujus

853 3444 1131 3499 sectatur
1177 3455 1361 3518 opuS,
1408 3435 1760 3498 secundum
1811 3434 2120 3496 Boetium.
2170 3431 2353 3495 Deni-

853 3552 978 3616 que
1009 3534 1364 3597 similitudo
1394 3541 1491 3596 est
1529 3551 1720 3595 causa
1758 3532 1995 3594 amoris
2030 3549 2043 3592 :
2079 3531 2351 3612 ideoque

852 3632 1044 3696 homo
1111 3631 1668 3714 contemplativuS,
1727 3629 1807 3692 fit
1868 3627 2350 3692 amantissimus

851 3731 1002 3804 Dee,
1032 3731 1215 3811 juxta
1255 3730 1612 3794 doctrinam
1652 3728 2027 3792 Aristotelis

1267 4016 1760 4082 ARTIGULUS
1808 4016 1929 4080 III.

927 4197 1024 4258 De
1070 4195 1410 4254 nobilitate
1456 4201 1518 4253 et
1557 4193 1860 4269 puritate
1907 4190 2264 4267 sapientiae.

979 4414 1322 4480 URIORUM
1367 4421 1585 4476 autem
1632 4421 1697 4476 et
1752 4414 2112 4495 digniorum
2173 4415 2354 4479 intel-

1009 4513 1355 4596 ligibilium
1387 4513 1956 4595 contemplationes
1997 4522 2060 4575 et
2096 4513 2351 4577 habitus

853 4614 1144 4698 puriores
1176 4620 1324 4676 sunt
1362 4619 1428 4674 et
1463 4611 1890 4674 sublimiores.
1925 4611 2195 4674 Necesse
2236 4612 2349 4693 igi-

851 4721 957 4776 tur
1022 4719 1139 4786 est,
1197 4710 1528 4794 sapientiae
1593 4710 1964 4791 dignitatem
2025 4709 2349 4792 parificari

849 4812 951 4874 his
995 4812 1073 4874 de
1119 4809 1356 4893 quibus
1401 4817 1516 4872 est.
1552 4809 1876 4893 Sapientia
1917 4827 2070 4872 vero
2109 4809 2353 4872 divino-

850 4930 995 4973 rum
1053 4916 1170 4982 est,
1222 4925 1495 4992 quorum
1556 4915 1782 4970 natura
1841 4908 2237 4989 incorporea,
2290 4914 2354 4969 et

851 5027 992 5072 esse
1049 5006 1554 5090 indispergibile.
1619 5006 2078 5086 Hujuscemodi
2135 5013 2351 5070 autem

852 5107 1026 5169 entia
1057 5106 1300 5168 lumina
1331 5106 1620 5188 quaedam
1651 5111 1821 5177 sunt,
1844 5112 1910 5166 et
1938 5105 2161 5187 primae
2192 5104 2355 5167 lucis

854 5203 1016 5267 radii
1049 5205 1115 5265 in
1146 5222 1214 5265 se
1243 5202 1688 5276 subsistentes,
1714 5219 1841 5264 non
1873 5202 2114 5284 recepti
2146 5220 2356 5284 neque

855 5300 1254 5370 obtenebrati
1312 5300 1379 5361 in
1437 5299 1718 5362 materia.
1784 5299 2104 5382 Sapientia
2164 5300 2358 5382 igitur

2461 3152 2604 3195 rum
2654 3133 2829 3206 finis,
2878 3140 2974 3195 est
3022 3133 3218 3214 primi
3266 3139 3331 3196 et
3379 3133 3612 3195 summi
3662 3133 3969 3216 intelligi-

2460 3231 2615 3294 bilis
2666 3231 3348 3314 divinissimarumque
3406 3248 3623 3295 rerum
3682 3239 3970 3295 contem-

2460 3331 2657 3412 platio
2710 3348 2723 3392 :
2776 3331 2945 3412 quod
2996 3330 3134 3392 sine
3183 3330 3585 3412 possessione
3632 3330 3969 3412 sapientia

2461 3430 2829 3510 contingere
2888 3427 3129 3510 nequit.
3192 3427 3497 3508 lgnobilis
3562 3428 3758 3510 igitur
3819 3449 3971 3512 per-

2462 3533 2678 3591 manet
2723 3526 2939 3589 anima
2987 3545 3128 3608 quae
3186 3525 3515 3608 sapientiae
3562 3545 3791 3608 expers
3842 3535 3967 3603 est,

2464 3643 2675 3707 neque
2704 3624 2827 3697 sui,
2860 3641 3070 3705 neque
3108 3640 3536 3705 supernorum
3572 3623 3999 3699 animorum,'

2463 3743 2673 3806 neque
2729 3721 3195 3805 simplicissimi
3252 3721 3355 3784 sui
3402 3722 3715 3786 Creatoris
3772 3725 3973 3806 parti·

2463 3841 2615 3905 ceps
2642 3820 3007 3904 agnitionis.
3040 3821 3216 3884 Unde
3257 3820 3787 3904 philosophorum
3825 3825 3977 3906 qui-

2462 3922 2609 3984 dam
2650 3919 2939 4003 proprias
2968 3918 3215 3982 animas
3254 3917 3591 3983 brutorum
3628 3921 3975 3986 animabus

2462 4020 2816 4082 secundum
2849 4017 3132 4099 speciem
3164 4016 3526 4080 conformes
3555 4019 3971 4084 asserebant:

2462 4118 2631 4181 sicut
2673 4115 3093 4200 Pythagorici,
3145 4133 3423 4198 quorum
3481 4117 3783 4201 princeps
3828 4127 3975 4183 erat

2383 4221 2435 4286 D
2462 4216 2863 4298 Pythagoras,
2917 4215 2995 4276 de
3043 4231 3171 4297 quo
3217 4214 3307 4277 ait
3352 4215 3744 4290 AristoteleS,
3791 4219 3971 4300 quod

2463 4313 2757 4398 quamvis
2796 4312 2999 4376 multa
3037 4313 3235 4386 novit,
3270 4331 3338 4376 se
3370 4321 3582 4376 tamen
3624 4315 3967 4397 ignoravit.

2460 4413 2584 4475 Alii
2626 4410 3121 4475 intellectualem
3164 4418 3467 4485 mentem,
3501 4418 3572 4473 ut
3609 4413 3973 4478 Alexander

2462 4509 2939 4592 Peripateticus,
3002 4515 3110 4570 aut
3176 4514 3347 4570 certe
3412 4509 3757 4573 humanam
3826 4513 3970 4574 ani-

2466 4627 2659 4682 mam,
2692 4614 2763 4670 ut
2790 4608 3120 4681 AverroeS,
3154 4625 3302 4668 cum
3334 4625 3601 4690 corpore
3630 4609 3971 4673 destructi-

2463 4707 2662 4770 bilem
2690 4706 3104 4770 aestimarunt.
3122 4705 3389 4778 Quidam
3418 4715 3679 4782 vero,ut
3696 4707 3971 4773 Avicen-

2462 4826 2544 4869 na
2580 4814 2645 4868 et
2685 4804 2827 4885 ejus
2875 4811 3146 4868 sectator
3189 4805 3462 4886 Algazel,
3504 4822 3633 4868 non
3680 4825 3719 4868 a
3757 4807 3975 4889 primo

2464 4905 2853 4978 immediate,
2914 4905 3025 4966 sed
3083 4903 3164 4966 ab
3232 4904 3655 4985 intelligentia
3721 4913 3971 4970 nostras

2464 5002 2849 5087 profluxisse
2897 5003 3142 5064 animas
3192 5001 3369 5064 effati
3420 5010 3588 5065 sunt.
3643 5004 3973 5086 Sapientia

2465 5103 2681 5184 itaque
2720 5109 3002 5164 mentem
3046 5101 3124 5163 ad
3168 5101 3267 5163 sui
3313 5100 3514 5182 ipsius
3559 5101 3969 5166 Conditorem

2464 5201 2714 5263 reducit
2761 5207 2825 5261 et
2878 5199 3161 5261 felicitat.
3215 5197 3525 5262 Omnibus
3572 5217 3724 5282 ergo
3779 5200 3971 5266 bonis

2465 5297 2951 5362 desiderabilior
2990 5303 3086 5359 est
3124 5297 3455 5380 sapientia.
