<?xml version="1.0" encoding="UTF-8"?>
<!DOCTYPE html PUBLIC "-//W3C//DTD XHTML 1.0 Transitional//EN"
    "http://www.w3.org/TR/xhtml1/DTD/xhtml1-transitional.dtd">
<html xmlns="http://www.w3.org/1999/xhtml" xml:lang="en" lang="en">
 <head>
  <title>
</title>
<meta http-equiv="Content-Type" content="text/html;charset=utf-8" />
  <meta name='ocr-system' content='tesseract 3.04.00' />
  <meta name='ocr-capabilities' content='ocr_page ocr_carea ocr_par ocr_line ocrx_word'/>
</head>
<body>
  <div class='ocr_page' id='page_1' title='image "./doctorisecstati05unkngoog_0298.png"; bbox 0 0 4300 6259; ppageno 0'>
   <div class='ocr_carea' id='block_1_1' title="bbox 898 487 1022 553">
    <p class='ocr_par' dir='ltr' id='par_1_1' title="bbox 898 487 1022 553">
     <span class='ocr_line' id='line_1_1' title="bbox 898 487 1022 553; baseline 0.024 -3"><span class='ocrx_word' id='word_1_1' title='bbox 898 487 1022 553; x_wconf 81' lang='lat'><strong>280</strong></span> 
     </span>
    </p>
   </div>
   <div class='ocr_carea' id='block_1_2' title="bbox 1438 504 3457 560">
    <p class='ocr_par' dir='ltr' id='par_1_2' title="bbox 1438 504 3457 560">
     <span class='ocr_line' id='line_1_2' title="bbox 1438 504 3457 560; baseline -0.002 -6"><span class='ocrx_word' id='word_1_2' title='bbox 1438 508 1518 554; x_wconf 74' lang='lat' dir='ltr'><strong>DE</strong></span> <span class='ocrx_word' id='word_1_3' title='bbox 1559 507 1786 554; x_wconf 67' lang='lat' dir='ltr'><strong>numme:</strong></span> <span class='ocrx_word' id='word_1_4' title='bbox 1829 505 2213 554; x_wconf 65' lang='lat' dir='ltr'><strong>cnms&#39;rmNAE</strong></span> <span class='ocrx_word' id='word_1_5' title='bbox 2254 504 2558 560; x_wconf 72' lang='lat' dir='ltr'><strong>THEORIAE,</strong></span> <span class='ocrx_word' id='word_1_6' title='bbox 2608 504 2782 550; x_wconf 79' lang='lat' dir='ltr'>LIBER</span> <span class='ocrx_word' id='word_1_7' title='bbox 2826 505 2865 549; x_wconf 89' lang='lat'><strong>1.</strong></span> <span class='ocrx_word' id='word_1_8' title='bbox 2912 523 2992 533; x_wconf 94' lang='grc'>-</span> <span class='ocrx_word' id='word_1_9' title='bbox 3033 505 3173 550; x_wconf 76' lang='lat' dir='ltr'><strong>ART.</strong></span> <span class='ocrx_word' id='word_1_10' title='bbox 3218 504 3457 551; x_wconf 81' lang='lat' dir='ltr'><strong>xxxvlu</strong></span> 
     </span>
    </p>
   </div>
   <div class='ocr_carea' id='block_1_3' title="bbox 898 671 3968 759">
    <p class='ocr_par' dir='ltr' id='par_1_3' title="bbox 898 671 3968 759">
     <span class='ocr_line' id='line_1_3' title="bbox 898 671 3968 759; baseline -0.002 -21"><span class='ocrx_word' id='word_1_11' title='bbox 898 683 1115 738; x_wconf 89' lang='lat' dir='ltr'><strong>autem</strong></span> <span class='ocrx_word' id='word_1_12' title='bbox 1173 676 1239 738; x_wconf 91' lang='lat' dir='ltr'><strong>in</strong></span> <span class='ocrx_word' id='word_1_13' title='bbox 1297 677 1507 759; x_wconf 90' lang='lat' dir='ltr'><strong>primo</strong></span> <span class='ocrx_word' id='word_1_14' title='bbox 1555 683 1701 740; x_wconf 91' lang='lat' dir='ltr'><strong>ente</strong></span> <span class='ocrx_word' id='word_1_15' title='bbox 1746 675 1939 738; x_wconf 91' lang='lat' dir='ltr'><strong>habet</strong></span> <span class='ocrx_word' id='word_1_16' title='bbox 1984 676 2104 738; x_wconf 92' lang='lat' dir='ltr'><strong>hoc</strong></span> <span class='ocrx_word' id='word_1_17' title='bbox 2154 673 2469 748; x_wconf 81' lang='lat' dir='ltr'><strong>locum‚·A</strong></span> <span class='ocrx_word' id='word_1_18' title='bbox 2504 674 2757 738; x_wconf 88' lang='lat' dir='ltr'><strong>lectuali</strong></span> <span class='ocrx_word' id='word_1_19' title='bbox 2788 675 3040 756; x_wconf 90' lang='lat' dir='ltr'><strong>gaudio,</strong></span> <span class='ocrx_word' id='word_1_20' title='bbox 3065 675 3203 738; x_wconf 90' lang='lat' dir='ltr'><strong>sine</strong></span> <span class='ocrx_word' id='word_1_21' title='bbox 3232 675 3559 738; x_wconf 86' lang='lat' dir='ltr'><strong>voluntate</strong></span> <span class='ocrx_word' id='word_1_22' title='bbox 3590 691 3717 736; x_wconf 90' lang='lat' dir='ltr'><strong>non</strong></span> <span class='ocrx_word' id='word_1_23' title='bbox 3748 671 3968 736; x_wconf 89' lang='lat' dir='ltr'><strong>contin-</strong></span> 
     </span>
    </p>
   </div>
   <div class='ocr_carea' id='block_1_4' title="bbox 899 775 2394 1034">
    <p class='ocr_par' dir='ltr' id='par_1_4' title="bbox 899 775 2394 1034">
     <span class='ocr_line' id='line_1_4' title="bbox 899 775 2391 857; baseline -0.001 -21"><span class='ocrx_word' id='word_1_24' title='bbox 899 793 1102 854; x_wconf 91' lang='lat' dir='ltr'><strong>quum</strong></span> <span class='ocrx_word' id='word_1_25' title='bbox 1133 793 1342 857; x_wconf 90' lang='lat' dir='ltr'><strong>neque</strong></span> <span class='ocrx_word' id='word_1_26' title='bbox 1373 793 1488 857; x_wconf 90' lang='lat' dir='ltr'><strong>per</strong></span> <span class='ocrx_word' id='word_1_27' title='bbox 1518 775 1957 838; x_wconf 86' lang='lat' dir='ltr'><strong>necessitatem</strong></span> <span class='ocrx_word' id='word_1_28' title='bbox 2001 780 2241 846; x_wconf 88' lang='lat' dir='ltr'><strong>causet,</strong></span> <span class='ocrx_word' id='word_1_29' title='bbox 2273 791 2391 834; x_wconf 89' lang='lat' dir='ltr'><strong>nec</strong></span> 
     </span>
     <span class='ocr_line' id='line_1_5' title="bbox 901 870 2394 957; baseline 0 -25"><span class='ocrx_word' id='word_1_30' title='bbox 901 870 968 934; x_wconf 92' lang='lat' dir='ltr'><strong>in</strong></span> <span class='ocrx_word' id='word_1_31' title='bbox 1029 891 1240 935; x_wconf 89' lang='lat' dir='ltr'><strong>rerum</strong></span> <span class='ocrx_word' id='word_1_32' title='bbox 1300 873 1716 956; x_wconf 89' lang='lat' dir='ltr'><strong>productione</strong></span> <span class='ocrx_word' id='word_1_33' title='bbox 1770 872 2014 957; x_wconf 90' lang='lat' dir='ltr'><strong>aliquid</strong></span> <span class='ocrx_word' id='word_1_34' title='bbox 2075 872 2196 954; x_wconf 90' lang='lat' dir='ltr'><strong>ipsi</strong></span> <span class='ocrx_word' id='word_1_35' title='bbox 2256 890 2394 953; x_wconf 82' lang='lat' dir='ltr'><strong>per-</strong></span> 
     </span>
     <span class='ocr_line' id='line_1_6' title="bbox 901 968 1549 1034; baseline 0.005 -3"><span class='ocrx_word' id='word_1_36' title='bbox 901 968 1196 1034; x_wconf 86' lang='lat' dir='ltr'><strong>fectionis</strong></span> <span class='ocrx_word' id='word_1_37' title='bbox 1235 972 1549 1034; x_wconf 89' lang='lat' dir='ltr'><strong>adveniat.</strong></span> 
     </span>
    </p>
   </div>
   <div class='ocr_carea' id='block_1_5' title="bbox 1187 1235 2103 1300">
    <p class='ocr_par' dir='ltr' id='par_1_5' title="bbox 1187 1235 2103 1300">
     <span class='ocr_line' id='line_1_7' title="bbox 1187 1235 2103 1300; baseline -0.003 -1"><span class='ocrx_word' id='word_1_38' title='bbox 1187 1235 1676 1300; x_wconf 87' lang='lat' dir='ltr'><strong>ARTICULUS</strong></span> <span class='ocrx_word' id='word_1_39' title='bbox 1721 1235 2103 1298; x_wconf 88' lang='lat' dir='ltr'>XXXVIII.</span> 
     </span>
    </p>
   </div>
   <div class='ocr_carea' id='block_1_6' title="bbox 907 1382 2399 1634">
    <p class='ocr_par' dir='ltr' id='par_1_6' title="bbox 907 1382 2399 1634">
     <span class='ocr_line' id='line_1_8' title="bbox 907 1382 2397 1458; baseline -0.001 -18"><span class='ocrx_word' id='word_1_40' title='bbox 907 1383 1090 1449; x_wconf 83' lang='lat' dir='ltr'><strong>Quod</strong></span> <span class='ocrx_word' id='word_1_41' title='bbox 1135 1382 1442 1440; x_wconf 81' lang='lat' dir='ltr'><strong>divinum</strong></span> <span class='ocrx_word' id='word_1_42' title='bbox 1488 1401 1600 1440; x_wconf 82' lang='lat' dir='ltr'><strong>ens</strong></span> <span class='ocrx_word' id='word_1_43' title='bbox 1647 1382 1733 1440; x_wconf 79' lang='lat' dir='ltr'><strong>sit</strong></span> <span class='ocrx_word' id='word_1_44' title='bbox 1783 1385 2042 1448; x_wconf 84' lang='lat' dir='ltr'><strong>volens,·</strong></span> <span class='ocrx_word' id='word_1_45' title='bbox 2080 1389 2141 1440; x_wconf 83' lang='lat' dir='ltr'><strong>et</strong></span> <span class='ocrx_word' id='word_1_46' title='bbox 2180 1399 2397 1458; x_wconf 79' lang='lat' dir='ltr'><strong>quem-</strong></span> 
     </span>
     <span class='ocr_line' id='line_1_9' title="bbox 985 1471 2399 1530; baseline 0.001 -1"><span class='ocrx_word' id='word_1_47' title='bbox 985 1472 1334 1530; x_wconf 80' lang='lat' dir='ltr'><em>admodum</em></span> <span class='ocrx_word' id='word_1_48' title='bbox 1383 1473 1447 1529; x_wconf 75' lang='grc' dir='ltr'><strong>εἰ</strong></span> <span class='ocrx_word' id='word_1_49' title='bbox 1492 1473 1675 1530; x_wconf 78' lang='lat' dir='ltr'><strong>insit·</strong></span> <span class='ocrx_word' id='word_1_50' title='bbox 1703 1475 2002 1530; x_wconf 79' lang='lat' dir='ltr'><strong>voluntas</strong></span> <span class='ocrx_word' id='word_1_51' title='bbox 2049 1471 2399 1530; x_wconf 75' lang='lat' dir='ltr'><strong>immobilis</strong></span> 
     </span>
     <span class='ocr_line' id='line_1_10' title="bbox 983 1562 1479 1634; baseline 0.004 -15"><span class='ocrx_word' id='word_1_52' title='bbox 983 1562 1479 1634; x_wconf 76' lang='lat' dir='ltr'><strong>complacentioe.</strong></span> 
     </span>
    </p>
   </div>
   <div class='ocr_carea' id='block_1_7' title="bbox 1048 1757 2401 1839">
    <p class='ocr_par' dir='ltr' id='par_1_7' title="bbox 1048 1757 2401 1839">
     <span class='ocr_line' id='line_1_11' title="bbox 1048 1757 2401 1839; baseline 0 -21"><span class='ocrx_word' id='word_1_53' title='bbox 1048 1757 1230 1819; x_wconf 82' lang='lat' dir='ltr'><strong>MNIS</strong></span> <span class='ocrx_word' id='word_1_54' title='bbox 1261 1775 1447 1838; x_wconf 89' lang='lat' dir='ltr'><strong>porro</strong></span> <span class='ocrx_word' id='word_1_55' title='bbox 1488 1757 1689 1819; x_wconf 89' lang='lat' dir='ltr'><strong>virtus</strong></span> <span class='ocrx_word' id='word_1_56' title='bbox 1721 1765 1786 1820; x_wconf 90' lang='lat' dir='ltr'><strong>et</strong></span> <span class='ocrx_word' id='word_1_57' title='bbox 1815 1765 2039 1819; x_wconf 89' lang='lat' dir='ltr'><strong>natura</strong></span> <span class='ocrx_word' id='word_1_58' title='bbox 2077 1757 2401 1839; x_wconf 79' lang='lat' dir='ltr'><strong>propriam</strong></span> 
     </span>
    </p>
   </div>
   <div class='ocr_carea' id='block_1_8' title="bbox 2501 773 4201 1840">
    <p class='ocr_par' dir='ltr' id='par_1_8' title="bbox 2501 773 4201 1840">
     <span class='ocr_line' id='line_1_12' title="bbox 2501 773 3969 854; baseline -0.002 -19"><span class='ocrx_word' id='word_1_59' title='bbox 2501 773 2609 853; x_wconf 86' lang='lat' dir='ltr'><strong>git.</strong></span> <span class='ocrx_word' id='word_1_60' title='bbox 2646 774 2987 837; x_wconf 89' lang='lat' dir='ltr'><strong>Enimvero</strong></span> <span class='ocrx_word' id='word_1_61' title='bbox 3018 775 3184 836; x_wconf 90' lang='lat' dir='ltr'><strong>Deus</strong></span> <span class='ocrx_word' id='word_1_62' title='bbox 3214 774 3505 837; x_wconf 89' lang='lat' dir='ltr'><strong>omnium</strong></span> <span class='ocrx_word' id='word_1_63' title='bbox 3536 790 3729 836; x_wconf 88' lang='lat' dir='ltr'><strong>causa</strong></span> <span class='ocrx_word' id='word_1_64' title='bbox 3758 779 3845 834; x_wconf 89' lang='lat' dir='ltr'><strong>est</strong></span> <span class='ocrx_word' id='word_1_65' title='bbox 3868 790 3969 854; x_wconf 87' lang='lat' dir='ltr'><strong>per</strong></span> 
     </span>
     <span class='ocr_line' id='line_1_13' title="bbox 2501 868 3969 954; baseline -0.004 -20"><span class='ocrx_word' id='word_1_66' title='bbox 2501 874 2932 954; x_wconf 78' lang='lat' dir='ltr'><strong>exemplarem</strong></span> <span class='ocrx_word' id='word_1_67' title='bbox 2976 872 3261 954; x_wconf 90' lang='lat' dir='ltr'><strong>ipsorum</strong></span> <span class='ocrx_word' id='word_1_68' title='bbox 3305 872 3642 944; x_wconf 88' lang='lat' dir='ltr'><strong>rationem,</strong></span> <span class='ocrx_word' id='word_1_69' title='bbox 3686 887 3804 932; x_wconf 92' lang='lat' dir='ltr'><strong>non</strong></span> <span class='ocrx_word' id='word_1_70' title='bbox 3846 868 3969 950; x_wconf 91' lang='lat' dir='ltr'><strong>qui-</strong></span> 
     </span>
     <span class='ocr_line' id='line_1_14' title="bbox 2503 970 3969 1052; baseline -0.003 -20"><span class='ocrx_word' id='word_1_71' title='bbox 2503 971 2646 1033; x_wconf 90' lang='lat' dir='ltr'><strong>dem</strong></span> <span class='ocrx_word' id='word_1_72' title='bbox 2678 970 2757 1032; x_wconf 90' lang='lat' dir='ltr'><strong>ab</strong></span> <span class='ocrx_word' id='word_1_73' title='bbox 2786 971 3002 1052; x_wconf 89' lang='lat' dir='ltr'><strong>aliquo</strong></span> <span class='ocrx_word' id='word_1_74' title='bbox 3041 971 3345 1044; x_wconf 83' lang='lat' dir='ltr'><strong>elicitam,</strong></span> <span class='ocrx_word' id='word_1_75' title='bbox 3379 970 3491 1033; x_wconf 91' lang='lat' dir='ltr'><strong>sed</strong></span> <span class='ocrx_word' id='word_1_76' title='bbox 3530 989 3610 1033; x_wconf 89' lang='lat' dir='ltr'><strong>ex</strong></span> <span class='ocrx_word' id='word_1_77' title='bbox 3650 987 3717 1032; x_wconf 92' lang='lat' dir='ltr'><strong>se</strong></span> <span class='ocrx_word' id='word_1_78' title='bbox 3752 977 3809 1030; x_wconf 90' lang='lat' dir='ltr'><strong>et</strong></span> <span class='ocrx_word' id='word_1_79' title='bbox 3843 987 3875 1030; x_wconf 88' lang='lat' dir='ltr'><strong>a</strong></span> <span class='ocrx_word' id='word_1_80' title='bbox 3908 986 3969 1028; x_wconf 90' lang='lat' dir='ltr'><strong>se</strong></span> 
     </span>
     <span class='ocr_line' id='line_1_15' title="bbox 2504 1067 3973 1152; baseline -0.003 -21"><span class='ocrx_word' id='word_1_81' title='bbox 2504 1077 2899 1152; x_wconf 87' lang='lat' dir='ltr'><strong>conceptam,</strong></span> <span class='ocrx_word' id='word_1_82' title='bbox 2934 1078 3005 1131; x_wconf 91' lang='lat' dir='ltr'><strong>ut</strong></span> <span class='ocrx_word' id='word_1_83' title='bbox 3045 1071 3269 1132; x_wconf 89' lang='lat' dir='ltr'><strong>dicunt</strong></span> <span class='ocrx_word' id='word_1_84' title='bbox 3309 1070 3503 1143; x_wconf 80' lang='lat' dir='ltr'><strong>Plato,</strong></span> <span class='ocrx_word' id='word_1_85' title='bbox 3536 1067 3875 1130; x_wconf 83' lang='lat' dir='ltr'><strong>Avicebron</strong></span> <span class='ocrx_word' id='word_1_86' title='bbox 3914 1073 3973 1127; x_wconf 91' lang='lat' dir='ltr'><strong>et</strong></span> 
     </span>
     <span class='ocr_line' id='line_1_16' title="bbox 2502 1163 4201 1237; baseline 0.001 -8"><span class='ocrx_word' id='word_1_87' title='bbox 2502 1168 2777 1230; x_wconf 81' lang='lat' dir='ltr'><strong>Boetius.</strong></span> <span class='ocrx_word' id='word_1_88' title='bbox 2824 1168 2899 1230; x_wconf 88' lang='lat' dir='ltr'><strong>Et</strong></span> <span class='ocrx_word' id='word_1_89' title='bbox 2939 1169 3059 1231; x_wconf 89' lang='lat' dir='ltr'><strong>hoc</strong></span> <span class='ocrx_word' id='word_1_90' title='bbox 3102 1175 3249 1230; x_wconf 89' lang='lat' dir='ltr'><strong>ante</strong></span> <span class='ocrx_word' id='word_1_91' title='bbox 3290 1175 3620 1230; x_wconf 90' lang='lat' dir='ltr'><strong>ostensum</strong></span> <span class='ocrx_word' id='word_1_92' title='bbox 3661 1172 3773 1228; x_wconf 86' lang='lat' dir='ltr'><strong>est.</strong></span> <span class='ocrx_word' id='word_1_93' title='bbox 3814 1163 3973 1237; x_wconf 84' lang='lat' dir='ltr'><strong>Quod</strong></span> <span class='ocrx_word' id='word_1_94' title='bbox 4030 1195 4097 1232; x_wconf 54' lang='grc' dir='ltr'><strong>«ι.</strong></span> <span class='ocrx_word' id='word_1_95' title='bbox 4132 1205 4201 1232; x_wconf 68' lang='lat' dir='ltr'><strong>m</strong></span> 
     </span>
     <span class='ocr_line' id='line_1_17' title="bbox 2503 1261 4117 1340; baseline -0.003 -12"><span class='ocrx_word' id='word_1_96' title='bbox 2503 1274 2717 1329; x_wconf 90' lang='lat' dir='ltr'><strong>autem</strong></span> <span class='ocrx_word' id='word_1_97' title='bbox 2767 1267 2860 1328; x_wconf 91' lang='lat' dir='ltr'><strong>sic</strong></span> <span class='ocrx_word' id='word_1_98' title='bbox 2898 1274 3135 1340; x_wconf 90' lang='lat' dir='ltr'><strong>causat,</strong></span> <span class='ocrx_word' id='word_1_99' title='bbox 3176 1267 3533 1329; x_wconf 84' lang='lat' dir='ltr'><strong>voluntarie</strong></span> <span class='ocrx_word' id='word_1_100' title='bbox 3571 1271 3783 1328; x_wconf 89' lang='lat' dir='ltr'><strong>causat</strong></span> <span class='ocrx_word' id='word_1_101' title='bbox 3822 1281 3837 1324; x_wconf 72' lang='grc' dir='ltr'>ε</span> <span class='ocrx_word' id='word_1_102' title='bbox 3876 1261 3975 1324; x_wconf 88' lang='lat' dir='ltr'><strong>de·</strong></span> <span class='ocrx_word' id='word_1_103' title='bbox 3998 1266 4117 1296; x_wconf 56' lang='lat'>¹¹¹¹*</span> 
     </span>
     <span class='ocr_line' id='line_1_18' title="bbox 2505 1361 3977 1436; baseline -0.003 -9"><span class='ocrx_word' id='word_1_104' title='bbox 2505 1366 2807 1428; x_wconf 83' lang='lat' dir='ltr'><strong>terminat</strong></span> <span class='ocrx_word' id='word_1_105' title='bbox 2834 1367 3007 1428; x_wconf 89' lang='lat' dir='ltr'><strong>enim</strong></span> <span class='ocrx_word' id='word_1_106' title='bbox 3039 1373 3330 1429; x_wconf 87' lang='lat' dir='ltr'><strong>naturam</strong></span> <span class='ocrx_word' id='word_1_107' title='bbox 3360 1365 3461 1427; x_wconf 89' lang='lat' dir='ltr'><strong>sui</strong></span> <span class='ocrx_word' id='word_1_108' title='bbox 3500 1364 3675 1436; x_wconf 86' lang='lat' dir='ltr'><strong>facti,</strong></span> <span class='ocrx_word' id='word_1_109' title='bbox 3704 1370 3767 1425; x_wconf 91' lang='lat' dir='ltr'><strong>et</strong></span> <span class='ocrx_word' id='word_1_110' title='bbox 3792 1361 3977 1423; x_wconf 88' lang='lat' dir='ltr'><strong>libere</strong></span> 
     </span>
     <span class='ocr_line' id='line_1_19' title="bbox 2508 1460 3976 1546; baseline -0.004 -20"><span class='ocrx_word' id='word_1_111' title='bbox 2508 1463 2687 1544; x_wconf 85' lang='lat' dir='ltr'><strong>eligit</strong></span> <span class='ocrx_word' id='word_1_112' title='bbox 2736 1464 2800 1525; x_wconf 91' lang='lat' dir='ltr'><strong>in</strong></span> <span class='ocrx_word' id='word_1_113' title='bbox 2838 1482 2967 1546; x_wconf 91' lang='lat' dir='ltr'><strong>quo</strong></span> <span class='ocrx_word' id='word_1_114' title='bbox 3007 1462 3417 1546; x_wconf 83' lang='lat' dir='ltr'><strong>perfectionis</strong></span> <span class='ocrx_word' id='word_1_115' title='bbox 3455 1463 3654 1543; x_wconf 90' lang='lat' dir='ltr'><strong>gradu</strong></span> <span class='ocrx_word' id='word_1_116' title='bbox 3692 1460 3976 1522; x_wconf 87' lang='lat' dir='ltr'><strong>effectum</strong></span> 
     </span>
     <span class='ocr_line' id='line_1_20' title="bbox 2512 1558 3983 1643; baseline -0.004 -20"><span class='ocrx_word' id='word_1_117' title='bbox 2512 1563 2875 1624; x_wconf 87' lang='lat' dir='ltr'><strong>constituet.</strong></span> <span class='ocrx_word' id='word_1_118' title='bbox 2929 1561 3087 1635; x_wconf 86' lang='lat' dir='ltr'><strong>Quia</strong></span> <span class='ocrx_word' id='word_1_119' title='bbox 3128 1561 3368 1624; x_wconf 88' lang='lat' dir='ltr'><strong>etenim</strong></span> <span class='ocrx_word' id='word_1_120' title='bbox 3408 1559 3718 1643; x_wconf 77' lang='lat' dir='ltr'><strong>perfectio</strong></span> <span class='ocrx_word' id='word_1_121' title='bbox 3752 1558 3857 1620; x_wconf 90' lang='lat' dir='ltr'><strong>Dei</strong></span> <span class='ocrx_word' id='word_1_122' title='bbox 3892 1565 3983 1619; x_wconf 88' lang='lat' dir='ltr'><strong>est</strong></span> 
     </span>
     <span class='ocr_line' id='line_1_21' title="bbox 2513 1657 3987 1742; baseline -0.005 -19"><span class='ocrx_word' id='word_1_123' title='bbox 2513 1678 2772 1742; x_wconf 88' lang='lat' dir='ltr'><strong>prorsus</strong></span> <span class='ocrx_word' id='word_1_124' title='bbox 2803 1659 3079 1733; x_wconf 86' lang='lat' dir='ltr'><strong>infinita,</strong></span> <span class='ocrx_word' id='word_1_125' title='bbox 3110 1666 3175 1720; x_wconf 91' lang='lat' dir='ltr'><strong>et</strong></span> <span class='ocrx_word' id='word_1_126' title='bbox 3214 1676 3405 1722; x_wconf 89' lang='lat' dir='ltr'><strong>omne</strong></span> <span class='ocrx_word' id='word_1_127' title='bbox 3449 1664 3773 1720; x_wconf 88' lang='lat' dir='ltr'><strong>causatum</strong></span> <span class='ocrx_word' id='word_1_128' title='bbox 3800 1657 3987 1718; x_wconf 88' lang='lat' dir='ltr'><strong>deter-</strong></span> 
     </span>
     <span class='ocr_line' id='line_1_22' title="bbox 2520 1753 3987 1840; baseline -0.004 -19"><span class='ocrx_word' id='word_1_129' title='bbox 2520 1759 2829 1821; x_wconf 88' lang='lat' dir='ltr'><strong>minatum</strong></span> <span class='ocrx_word' id='word_1_130' title='bbox 2872 1766 2985 1820; x_wconf 78' lang='lat' dir='ltr'><strong>‚est</strong></span> <span class='ocrx_word' id='word_1_131' title='bbox 3032 1757 3109 1820; x_wconf 89' lang='lat' dir='ltr'><strong>ad</strong></span> <span class='ocrx_word' id='word_1_132' title='bbox 3162 1757 3576 1840; x_wconf 88' lang='lat' dir='ltr'><strong>perfectionis</strong></span> <span class='ocrx_word' id='word_1_133' title='bbox 3632 1753 3987 1826; x_wconf 89' lang='lat' dir='ltr'><strong>terminum,</strong></span> 
     </span>
    </p>
   </div>
   <div class='ocr_carea' id='block_1_9' title="bbox 1076 1851 3991 1938">
    <p class='ocr_par' dir='ltr' id='par_1_9' title="bbox 1076 1851 3991 1938">
     <span class='ocr_line' id='line_1_23' title="bbox 1076 1851 3991 1938; baseline -0.002 -20"><span class='ocrx_word' id='word_1_134' title='bbox 1076 1854 1536 1938; x_wconf 80' lang='lat' dir='ltr'><strong>perfectionem</strong></span> <span class='ocrx_word' id='word_1_135' title='bbox 1568 1856 1911 1938; x_wconf 90' lang='lat' dir='ltr'><strong>appetit,et</strong></span> <span class='ocrx_word' id='word_1_136' title='bbox 1940 1856 2094 1917; x_wconf 90' lang='lat' dir='ltr'><strong>dum</strong></span> <span class='ocrx_word' id='word_1_137' title='bbox 2124 1856 2401 1918; x_wconf 91' lang='lat' dir='ltr'><strong>nondum</strong></span> <span class='ocrx_word' id='word_1_138' title='bbox 2440 1859 2486 1920; x_wconf 91' lang='lat' dir='ltr'>B</span> <span class='ocrx_word' id='word_1_139' title='bbox 2520 1855 2675 1936; x_wconf 87' lang='lat' dir='ltr'><strong>fingi</strong></span> <span class='ocrx_word' id='word_1_140' title='bbox 2726 1874 2854 1917; x_wconf 90' lang='lat' dir='ltr'><strong>non</strong></span> <span class='ocrx_word' id='word_1_141' title='bbox 2912 1862 3116 1937; x_wconf 88' lang='lat' dir='ltr'><strong>potest</strong></span> <span class='ocrx_word' id='word_1_142' title='bbox 3164 1873 3279 1916; x_wconf 88' lang='lat' dir='ltr'><strong>cur</strong></span> <span class='ocrx_word' id='word_1_143' title='bbox 3325 1854 3521 1935; x_wconf 87' lang='lat' dir='ltr'><strong>hujus</strong></span> <span class='ocrx_word' id='word_1_144' title='bbox 3576 1851 3991 1915; x_wconf 67' lang='lat' dir='ltr'><strong>determinatae</strong></span> 
     </span>
    </p>
   </div>
   <div class='ocr_carea' id='block_1_10' title="bbox 858 1953 2410 3014">
    <p class='ocr_par' dir='ltr' id='par_1_10' title="bbox 858 1953 2410 3014">
     <span class='ocr_line' id='line_1_24' title="bbox 905 1953 2402 2035; baseline -0.001 -20"><span class='ocrx_word' id='word_1_145' title='bbox 905 1972 1046 2015; x_wconf 89' lang='lat' dir='ltr'><strong>eam</strong></span> <span class='ocrx_word' id='word_1_146' title='bbox 1079 1953 1290 2027; x_wconf 87' lang='lat' dir='ltr'><strong>habet,</strong></span> <span class='ocrx_word' id='word_1_147' title='bbox 1324 1953 1526 2035; x_wconf 84' lang='lat' dir='ltr'><strong>ipsam</strong></span> <span class='ocrx_word' id='word_1_148' title='bbox 1560 1955 1828 2035; x_wconf 87' lang='lat' dir='ltr'><strong>adipisci</strong></span> <span class='ocrx_word' id='word_1_149' title='bbox 1871 1955 2114 2034; x_wconf 84' lang='lat' dir='ltr'><strong>satagit.</strong></span> <span class='ocrx_word' id='word_1_150' title='bbox 2151 1955 2226 2016; x_wconf 85' lang='lat' dir='ltr'><strong>Et</strong></span> <span class='ocrx_word' id='word_1_151' title='bbox 2264 1955 2402 2035; x_wconf 91' lang='lat' dir='ltr'><strong>qui-</strong></span> 
     </span>
     <span class='ocr_line' id='line_1_25' title="bbox 908 2051 2402 2133; baseline 0.001 -21"><span class='ocrx_word' id='word_1_152' title='bbox 908 2051 1054 2113; x_wconf 90' lang='lat' dir='ltr'><strong>dem</strong></span> <span class='ocrx_word' id='word_1_153' title='bbox 1112 2070 1253 2132; x_wconf 83' lang='lat' dir='ltr'><strong>quae</strong></span> <span class='ocrx_word' id='word_1_154' title='bbox 1313 2052 1442 2113; x_wconf 86' lang='lat' dir='ltr'><strong>vita</strong></span> <span class='ocrx_word' id='word_1_155' title='bbox 1497 2060 1733 2125; x_wconf 86' lang='lat' dir='ltr'><strong>carent,</strong></span> <span class='ocrx_word' id='word_1_156' title='bbox 1787 2052 2058 2114; x_wconf 89' lang='lat' dir='ltr'><strong>naturali</strong></span> <span class='ocrx_word' id='word_1_157' title='bbox 2115 2051 2402 2133; x_wconf 88' lang='lat' dir='ltr'><strong>appetitu</strong></span> 
     </span>
     <span class='ocr_line' id='line_1_26' title="bbox 908 2149 2405 2231; baseline 0.002 -22"><span class='ocrx_word' id='word_1_158' title='bbox 908 2149 1030 2210; x_wconf 86' lang='lat' dir='ltr'><strong>hoc</strong></span> <span class='ocrx_word' id='word_1_159' title='bbox 1079 2149 1344 2220; x_wconf 88' lang='lat' dir='ltr'><strong>faciunt,</strong></span> <span class='ocrx_word' id='word_1_160' title='bbox 1396 2157 1696 2231; x_wconf 90' lang='lat' dir='ltr'><strong>tanquam</strong></span> <span class='ocrx_word' id='word_1_161' title='bbox 1751 2157 1976 2211; x_wconf 88' lang='lat' dir='ltr'><strong>natura</strong></span> <span class='ocrx_word' id='word_1_162' title='bbox 2022 2150 2099 2211; x_wconf 88' lang='lat' dir='ltr'><strong>ad</strong></span> <span class='ocrx_word' id='word_1_163' title='bbox 2150 2151 2268 2212; x_wconf 92' lang='lat' dir='ltr'><strong>hoc</strong></span> <span class='ocrx_word' id='word_1_164' title='bbox 2316 2151 2405 2212; x_wconf 91' lang='lat' dir='ltr'><strong>in-</strong></span> 
     </span>
     <span class='ocr_line' id='line_1_27' title="bbox 858 2246 2405 2330; baseline 0.001 -22"><span class='ocrx_word' id='word_1_165' title='bbox 858 2297 862 2300; x_wconf 90' lang='lat'><strong>.</strong></span> <span class='ocrx_word' id='word_1_166' title='bbox 909 2246 1214 2308; x_wconf 88' lang='lat' dir='ltr'><strong>stinctum</strong></span> <span class='ocrx_word' id='word_1_167' title='bbox 1247 2247 1865 2330; x_wconf 88' lang='lat' dir='ltr'><strong>imprimente.Opus</strong></span> <span class='ocrx_word' id='word_1_168' title='bbox 1897 2249 2197 2330; x_wconf 89' lang='lat' dir='ltr'><strong>equidem</strong></span> <span class='ocrx_word' id='word_1_169' title='bbox 2230 2257 2405 2310; x_wconf 90' lang='lat' dir='ltr'><strong>natu-</strong></span> 
     </span>
     <span class='ocr_line' id='line_1_28' title="bbox 911 2345 2405 2426; baseline 0.003 -22"><span class='ocrx_word' id='word_1_170' title='bbox 911 2363 994 2406; x_wconf 87' lang='lat' dir='ltr'><strong>rae</strong></span> <span class='ocrx_word' id='word_1_171' title='bbox 1025 2353 1120 2405; x_wconf 88' lang='lat' dir='ltr'><strong>est</strong></span> <span class='ocrx_word' id='word_1_172' title='bbox 1148 2363 1309 2426; x_wconf 90' lang='lat' dir='ltr'><strong>opus</strong></span> <span class='ocrx_word' id='word_1_173' title='bbox 1343 2345 1798 2426; x_wconf 60' lang='lat' dir='ltr'><strong>intelligentiae,</strong></span> <span class='ocrx_word' id='word_1_174' title='bbox 1833 2347 2185 2408; x_wconf 91' lang='lat' dir='ltr'><strong>secundum</strong></span> <span class='ocrx_word' id='word_1_175' title='bbox 2218 2349 2405 2408; x_wconf 84' lang='lat' dir='ltr'><strong>Aver-</strong></span> 
     </span>
     <span class='ocr_line' id='line_1_29' title="bbox 908 2443 2405 2524; baseline 0.001 -22"><span class='ocrx_word' id='word_1_176' title='bbox 908 2459 1082 2503; x_wconf 88' lang='lat' dir='ltr'><strong>roem</strong></span> <span class='ocrx_word' id='word_1_177' title='bbox 1113 2459 1125 2502; x_wconf 93' lang='lat'><strong>:</strong></span> <span class='ocrx_word' id='word_1_178' title='bbox 1151 2443 1454 2522; x_wconf 87' lang='lat' dir='ltr'><strong>quoniam</strong></span> <span class='ocrx_word' id='word_1_179' title='bbox 1487 2450 1556 2503; x_wconf 92' lang='lat' dir='ltr'><strong>ut</strong></span> <span class='ocrx_word' id='word_1_180' title='bbox 1587 2444 1755 2505; x_wconf 90' lang='lat' dir='ltr'><strong>idem</strong></span> <span class='ocrx_word' id='word_1_181' title='bbox 1777 2444 1884 2516; x_wconf 87' lang='lat' dir='ltr'><strong>ait,</strong></span> <span class='ocrx_word' id='word_1_182' title='bbox 1913 2453 2133 2505; x_wconf 90' lang='lat' dir='ltr'><strong>natura</strong></span> <span class='ocrx_word' id='word_1_183' title='bbox 2166 2444 2405 2524; x_wconf 86' lang='lat' dir='ltr'><strong>regitur</strong></span> 
     </span>
     <span class='ocr_line' id='line_1_30' title="bbox 905 2539 2405 2623; baseline 0.002 -22"><span class='ocrx_word' id='word_1_184' title='bbox 905 2539 986 2601; x_wconf 85' lang='lat' dir='ltr'><strong>ab</strong></span> <span class='ocrx_word' id='word_1_185' title='bbox 1024 2547 1248 2620; x_wconf 86' lang='lat' dir='ltr'><strong>agente</strong></span> <span class='ocrx_word' id='word_1_186' title='bbox 1289 2539 1616 2602; x_wconf 81' lang='lat' dir='ltr'><strong>infallibili</strong></span> <span class='ocrx_word' id='word_1_187' title='bbox 1656 2550 1719 2604; x_wconf 91' lang='lat' dir='ltr'><strong>et</strong></span> <span class='ocrx_word' id='word_1_188' title='bbox 1760 2559 1882 2604; x_wconf 91' lang='lat' dir='ltr'><strong>non</strong></span> <span class='ocrx_word' id='word_1_189' title='bbox 1928 2550 2202 2615; x_wconf 85' lang='lat' dir='ltr'><strong>errante,</strong></span> <span class='ocrx_word' id='word_1_190' title='bbox 2235 2543 2405 2623; x_wconf 90' lang='lat' dir='ltr'><strong>quod</strong></span> 
     </span>
     <span class='ocr_line' id='line_1_31' title="bbox 905 2637 2404 2719; baseline 0 -19"><span class='ocrx_word' id='word_1_191' title='bbox 905 2646 1000 2700; x_wconf 85' lang='lat' dir='ltr'><strong>est</strong></span> <span class='ocrx_word' id='word_1_192' title='bbox 1032 2637 1472 2718; x_wconf 86' lang='lat' dir='ltr'><strong>intelligentia.</strong></span> <span class='ocrx_word' id='word_1_193' title='bbox 1509 2639 1571 2701; x_wconf 92' lang='lat' dir='ltr'><strong>Si</strong></span> <span class='ocrx_word' id='word_1_194' title='bbox 1604 2657 1752 2719; x_wconf 84' lang='lat' dir='ltr'><strong>ergo</strong></span> <span class='ocrx_word' id='word_1_195' title='bbox 1785 2648 2010 2701; x_wconf 89' lang='lat' dir='ltr'><strong>natura</strong></span> <span class='ocrx_word' id='word_1_196' title='bbox 2052 2640 2133 2701; x_wconf 93' lang='lat' dir='ltr'><strong>ob</strong></span> <span class='ocrx_word' id='word_1_197' title='bbox 2176 2640 2404 2702; x_wconf 87' lang='lat' dir='ltr'><strong>intelli-</strong></span> 
     </span>
     <span class='ocr_line' id='line_1_32' title="bbox 905 2735 2408 2818; baseline 0.001 -20"><span class='ocrx_word' id='word_1_198' title='bbox 905 2735 1134 2816; x_wconf 81' lang='lat' dir='ltr'><strong>gentiae</strong></span> <span class='ocrx_word' id='word_1_199' title='bbox 1168 2736 1679 2817; x_wconf 88' lang='lat' dir='ltr'><strong>impressionem,</strong></span> <span class='ocrx_word' id='word_1_200' title='bbox 1717 2738 2041 2818; x_wconf 88' lang='lat' dir='ltr'><strong>propriam</strong></span> <span class='ocrx_word' id='word_1_201' title='bbox 2075 2738 2408 2818; x_wconf 87' lang='lat' dir='ltr'><strong>perfectio-</strong></span> 
     </span>
     <span class='ocr_line' id='line_1_33' title="bbox 910 2833 2410 2916; baseline 0.001 -22"><span class='ocrx_word' id='word_1_202' title='bbox 910 2853 1056 2896; x_wconf 90' lang='lat' dir='ltr'><strong>nem</strong></span> <span class='ocrx_word' id='word_1_203' title='bbox 1100 2833 1436 2906; x_wconf 87' lang='lat' dir='ltr'><strong>desiderat,</strong></span> <span class='ocrx_word' id='word_1_204' title='bbox 1482 2835 1760 2916; x_wconf 89' lang='lat' dir='ltr'><strong>amplius</strong></span> <span class='ocrx_word' id='word_1_205' title='bbox 1800 2835 1862 2896; x_wconf 93' lang='lat' dir='ltr'><strong>id</strong></span> <span class='ocrx_word' id='word_1_206' title='bbox 1916 2836 2126 2916; x_wconf 89' lang='lat' dir='ltr'><strong>ipsum</strong></span> <span class='ocrx_word' id='word_1_207' title='bbox 2180 2836 2410 2898; x_wconf 91' lang='lat' dir='ltr'><strong>intelli-</strong></span> 
     </span>
     <span class='ocr_line' id='line_1_34' title="bbox 909 2933 2405 3014; baseline 0.001 -21"><span class='ocrx_word' id='word_1_208' title='bbox 909 2933 1137 3012; x_wconf 84' lang='lat' dir='ltr'><strong>gentiae</strong></span> <span class='ocrx_word' id='word_1_209' title='bbox 1189 2939 1550 3013; x_wconf 88' lang='lat' dir='ltr'><strong>competere</strong></span> <span class='ocrx_word' id='word_1_210' title='bbox 1609 2951 1868 2995; x_wconf 89' lang='lat' dir='ltr'><strong>necesse</strong></span> <span class='ocrx_word' id='word_1_211' title='bbox 1927 2952 2187 3014; x_wconf 87' lang='lat' dir='ltr'><strong>prorsus</strong></span> <span class='ocrx_word' id='word_1_212' title='bbox 2244 2940 2340 2995; x_wconf 90' lang='lat' dir='ltr'><strong>est</strong></span> <span class='ocrx_word' id='word_1_213' title='bbox 2392 2952 2405 2995; x_wconf 91' lang='lat'><strong>:</strong></span> 
     </span>
    </p>
   </div>
   <div class='ocr_carea' id='block_1_11' title="bbox 2515 1952 4001 3015">
    <p class='ocr_par' dir='ltr' id='par_1_11' title="bbox 2515 1952 3993 2213">
     <span class='ocr_line' id='line_1_35' title="bbox 2516 1952 3993 2036; baseline -0.004 -20"><span class='ocrx_word' id='word_1_214' title='bbox 2516 1953 2927 2036; x_wconf 86' lang='lat' dir='ltr'><strong>perfectionis</strong></span> <span class='ocrx_word' id='word_1_215' title='bbox 2977 1953 3060 2015; x_wconf 91' lang='lat' dir='ltr'><strong>sit</strong></span> <span class='ocrx_word' id='word_1_216' title='bbox 3106 1953 3401 2026; x_wconf 78' lang='lat' dir='ltr'><strong>effectuS,</strong></span> <span class='ocrx_word' id='word_1_217' title='bbox 3447 1952 3573 2014; x_wconf 90' lang='lat' dir='ltr'><strong>nisi</strong></span> <span class='ocrx_word' id='word_1_218' title='bbox 3623 1959 3871 2034; x_wconf 87' lang='lat' dir='ltr'><strong>propter</strong></span> <span class='ocrx_word' id='word_1_219' title='bbox 3904 1967 3993 2010; x_wconf 91' lang='lat' dir='ltr'><strong>or-</strong></span> 
     </span>
     <span class='ocr_line' id='line_1_36' title="bbox 2515 2047 3991 2130; baseline -0.003 -17"><span class='ocrx_word' id='word_1_220' title='bbox 2515 2053 2905 2114; x_wconf 90' lang='lat' dir='ltr'><strong>dinationem</strong></span> <span class='ocrx_word' id='word_1_221' title='bbox 2978 2050 3425 2114; x_wconf 88' lang='lat' dir='ltr'><strong>universaliter</strong></span> <span class='ocrx_word' id='word_1_222' title='bbox 3500 2050 3745 2130; x_wconf 85' lang='lat' dir='ltr'><strong>agentis</strong></span> <span class='ocrx_word' id='word_1_223' title='bbox 3816 2047 3991 2110; x_wconf 81' lang='lat' dir='ltr'><strong>intel-</strong></span> 
     </span>
     <span class='ocr_line' id='line_1_37' title="bbox 2518 2151 2737 2213; baseline -0.005 -1"><span class='ocrx_word' id='word_1_224' title='bbox 2518 2151 2737 2213; x_wconf 87' lang='lat' dir='ltr'><strong>lectus.</strong></span> 
     </span>
    </p>

    <p class='ocr_par' dir='ltr' id='par_1_12' title="bbox 2515 2245 4001 3015">
     <span class='ocr_line' id='line_1_38' title="bbox 2594 2245 3993 2330; baseline -0.004 -20"><span class='ocrx_word' id='word_1_225' title='bbox 2594 2249 2883 2330; x_wconf 90' lang='lat' dir='ltr'><strong>Insuper,</strong></span> <span class='ocrx_word' id='word_1_226' title='bbox 2938 2246 3298 2309; x_wconf 88' lang='lat' dir='ltr'><strong>intellectus</strong></span> <span class='ocrx_word' id='word_1_227' title='bbox 3346 2264 3471 2309; x_wconf 91' lang='lat' dir='ltr'><strong>non</strong></span> <span class='ocrx_word' id='word_1_228' title='bbox 3534 2246 3669 2308; x_wconf 87' lang='lat' dir='ltr'><strong>exit</strong></span> <span class='ocrx_word' id='word_1_229' title='bbox 3722 2245 3786 2306; x_wconf 90' lang='lat' dir='ltr'><strong>in</strong></span> <span class='ocrx_word' id='word_1_230' title='bbox 3840 2261 3993 2325; x_wconf 89' lang='lat' dir='ltr'><strong>opus</strong></span> 
     </span>
     <span class='ocr_line' id='line_1_39' title="bbox 2515 2343 3995 2427; baseline -0.004 -20"><span class='ocrx_word' id='word_1_231' title='bbox 2515 2346 2636 2407; x_wconf 89' lang='lat' dir='ltr'><strong>nisi</strong></span> <span class='ocrx_word' id='word_1_232' title='bbox 2688 2364 2803 2427; x_wconf 90' lang='lat' dir='ltr'><strong>per</strong></span> <span class='ocrx_word' id='word_1_233' title='bbox 2860 2345 3273 2406; x_wconf 86' lang='lat' dir='ltr'><strong>voluntatem.</strong></span> <span class='ocrx_word' id='word_1_234' title='bbox 3325 2343 3496 2406; x_wconf 89' lang='lat' dir='ltr'><strong>Nihil</strong></span> <span class='ocrx_word' id='word_1_235' title='bbox 3556 2343 3731 2405; x_wconf 91' lang='lat' dir='ltr'><strong>enim</strong></span> <span class='ocrx_word' id='word_1_236' title='bbox 3790 2349 3995 2404; x_wconf 86' lang='lat' dir='ltr'><strong>causat</strong></span> 
     </span>
     <span class='ocr_line' id='line_1_40' title="bbox 2516 2440 3995 2525; baseline -0.003 -20"><span class='ocrx_word' id='word_1_237' title='bbox 2516 2443 2639 2505; x_wconf 90' lang='lat' dir='ltr'><strong>nisi</strong></span> <span class='ocrx_word' id='word_1_238' title='bbox 2699 2449 2957 2525; x_wconf 90' lang='lat' dir='ltr'><strong>propter</strong></span> <span class='ocrx_word' id='word_1_239' title='bbox 3015 2441 3217 2503; x_wconf 89' lang='lat' dir='ltr'><strong>finem</strong></span> <span class='ocrx_word' id='word_1_240' title='bbox 3275 2441 3575 2522; x_wconf 88' lang='lat' dir='ltr'><strong>aliquem.</strong></span> <span class='ocrx_word' id='word_1_241' title='bbox 3630 2440 3798 2502; x_wconf 88' lang='lat' dir='ltr'><strong>Finis</strong></span> <span class='ocrx_word' id='word_1_242' title='bbox 3854 2457 3995 2500; x_wconf 84' lang='lat' dir='ltr'><strong>vero</strong></span> 
     </span>
     <span class='ocr_line' id='line_1_41' title="bbox 2515 2537 3994 2614; baseline -0.004 -10"><span class='ocrx_word' id='word_1_243' title='bbox 2515 2550 2577 2605; x_wconf 89' lang='lat' dir='ltr'><strong>et</strong></span> <span class='ocrx_word' id='word_1_244' title='bbox 2623 2541 2860 2603; x_wconf 91' lang='lat' dir='ltr'><strong>bonum</strong></span> <span class='ocrx_word' id='word_1_245' title='bbox 2903 2539 3293 2614; x_wconf 89' lang='lat' dir='ltr'><strong>coincidunt,</strong></span> <span class='ocrx_word' id='word_1_246' title='bbox 3327 2539 3682 2601; x_wconf 91' lang='lat' dir='ltr'><strong>secundum</strong></span> <span class='ocrx_word' id='word_1_247' title='bbox 3712 2537 3994 2600; x_wconf 78' lang='lat' dir='ltr'><strong>Aristote-</strong></span> 
     </span>
     <span class='ocr_line' id='line_1_42' title="bbox 2517 2636 3997 2717; baseline -0.004 -15"><span class='ocrx_word' id='word_1_248' title='bbox 2517 2641 2662 2702; x_wconf 91' lang='lat' dir='ltr'><strong>lem.</strong></span> <span class='ocrx_word' id='word_1_249' title='bbox 2712 2639 2829 2701; x_wconf 89' lang='lat' dir='ltr'><strong>Sed</strong></span> <span class='ocrx_word' id='word_1_250' title='bbox 2882 2638 3033 2700; x_wconf 89' lang='lat' dir='ltr'><strong>finis</strong></span> <span class='ocrx_word' id='word_1_251' title='bbox 3078 2657 3187 2700; x_wconf 91' lang='lat' dir='ltr'><strong>seu</strong></span> <span class='ocrx_word' id='word_1_252' title='bbox 3238 2637 3501 2710; x_wconf 89' lang='lat' dir='ltr'><strong>bonum,</strong></span> <span class='ocrx_word' id='word_1_253' title='bbox 3540 2645 3637 2700; x_wconf 89' lang='lat' dir='ltr'><strong>est</strong></span> <span class='ocrx_word' id='word_1_254' title='bbox 3683 2636 3997 2717; x_wconf 87' lang='lat' dir='ltr'><strong>objectum</strong></span> 
     </span>
     <span class='ocr_line' id='line_1_43' title="bbox 2517 2735 4000 2809; baseline -0.003 -10"><span class='ocrx_word' id='word_1_255' title='bbox 2517 2736 2883 2809; x_wconf 83' lang='lat' dir='ltr'><strong>voluntatiS,</strong></span> <span class='ocrx_word' id='word_1_256' title='bbox 2918 2736 3085 2798; x_wconf 91' lang='lat' dir='ltr'><strong>sicut</strong></span> <span class='ocrx_word' id='word_1_257' title='bbox 3113 2754 3337 2798; x_wconf 86' lang='lat' dir='ltr'><strong>verum</strong></span> <span class='ocrx_word' id='word_1_258' title='bbox 3374 2735 3754 2798; x_wconf 66' lang='lat' dir='ltr'><strong>intellectus</strong></span> <span class='ocrx_word' id='word_1_259' title='bbox 3786 2735 4000 2797; x_wconf 85' lang='lat' dir='ltr'><strong>Neces-</strong></span> 
     </span>
     <span class='ocr_line' id='line_1_44' title="bbox 2519 2833 3998 2914; baseline -0.002 -18"><span class='ocrx_word' id='word_1_260' title='bbox 2519 2855 2586 2897; x_wconf 89' lang='lat' dir='ltr'><strong>se</strong></span> <span class='ocrx_word' id='word_1_261' title='bbox 2630 2841 2726 2897; x_wconf 91' lang='lat' dir='ltr'><strong>est</strong></span> <span class='ocrx_word' id='word_1_262' title='bbox 2767 2851 2916 2914; x_wconf 90' lang='lat' dir='ltr'><strong>ergo</strong></span> <span class='ocrx_word' id='word_1_263' title='bbox 2962 2833 3391 2895; x_wconf 88' lang='lat' dir='ltr'><strong>intellectuale</strong></span> <span class='ocrx_word' id='word_1_264' title='bbox 3422 2851 3637 2914; x_wconf 82' lang='lat' dir='ltr'><strong>agenS,</strong></span> <span class='ocrx_word' id='word_1_265' title='bbox 3669 2841 3998 2914; x_wconf 86' lang='lat' dir='ltr'><strong>antequam</strong></span> 
     </span>
     <span class='ocr_line' id='line_1_45' title="bbox 2521 2931 4001 3015; baseline -0.002 -21"><span class='ocrx_word' id='word_1_266' title='bbox 2521 2934 2584 2994; x_wconf 89' lang='lat' dir='ltr'><strong>in</strong></span> <span class='ocrx_word' id='word_1_267' title='bbox 2645 2952 2807 3015; x_wconf 91' lang='lat' dir='ltr'><strong>opus</strong></span> <span class='ocrx_word' id='word_1_268' title='bbox 2854 2932 3235 3013; x_wconf 87' lang='lat' dir='ltr'><strong>egrediatur,</strong></span> <span class='ocrx_word' id='word_1_269' title='bbox 3286 2933 3526 2994; x_wconf 91' lang='lat' dir='ltr'><strong>moveri</strong></span> <span class='ocrx_word' id='word_1_270' title='bbox 3574 2951 3612 2993; x_wconf 92' lang='lat' dir='ltr'><strong>a</strong></span> <span class='ocrx_word' id='word_1_271' title='bbox 3663 2931 3863 2995; x_wconf 86' lang='lat' dir='ltr'><strong>forma</strong></span> <span class='ocrx_word' id='word_1_272' title='bbox 3908 2932 4001 2992; x_wconf 90' lang='lat' dir='ltr'><strong>sui</strong></span> 
     </span>
    </p>
   </div>
   <div class='ocr_carea' id='block_1_12' title="bbox 913 3028 3997 3114">
    <p class='ocr_par' dir='ltr' id='par_1_13' title="bbox 913 3028 3997 3114">
     <span class='ocr_line' id='line_1_46' title="bbox 913 3028 3997 3114; baseline -0.001 -24"><span class='ocrx_word' id='word_1_273' title='bbox 913 3029 1153 3111; x_wconf 85' lang='lat' dir='ltr'><strong>quippe</strong></span> <span class='ocrx_word' id='word_1_274' title='bbox 1204 3037 1273 3091; x_wconf 87' lang='lat' dir='ltr'><strong>ut</strong></span> <span class='ocrx_word' id='word_1_275' title='bbox 1331 3030 1394 3091; x_wconf 90' lang='lat' dir='ltr'><strong>in</strong></span> <span class='ocrx_word' id='word_1_276' title='bbox 1457 3028 1621 3092; x_wconf 88' lang='lat' dir='ltr'><strong>libro</strong></span> <span class='ocrx_word' id='word_1_277' title='bbox 1681 3030 2026 3100; x_wconf 85' lang='lat' dir='ltr'><strong>Causarum</strong></span> <span class='ocrx_word' id='word_1_278' title='bbox 2085 3031 2408 3105; x_wconf 87' lang='lat' dir='ltr'><strong>scribitur,</strong></span> <span class='ocrx_word' id='word_1_279' title='bbox 2447 3029 2489 3093; x_wconf 88' lang='lat' dir='ltr'>C</span> <span class='ocrx_word' id='word_1_280' title='bbox 2520 3032 2755 3114; x_wconf 82' lang='lat' dir='ltr'><strong>operiS‚</strong></span> <span class='ocrx_word' id='word_1_281' title='bbox 2791 3050 2932 3112; x_wconf 81' lang='lat' dir='ltr'><strong>quae</strong></span> <span class='ocrx_word' id='word_1_282' title='bbox 2976 3031 3039 3091; x_wconf 92' lang='lat' dir='ltr'><strong>in</strong></span> <span class='ocrx_word' id='word_1_283' title='bbox 3082 3031 3220 3111; x_wconf 89' lang='lat' dir='ltr'><strong>ipso</strong></span> <span class='ocrx_word' id='word_1_284' title='bbox 3260 3036 3356 3092; x_wconf 90' lang='lat' dir='ltr'><strong>est</strong></span> <span class='ocrx_word' id='word_1_285' title='bbox 3394 3030 3514 3092; x_wconf 91' lang='lat' dir='ltr'><strong>sub</strong></span> <span class='ocrx_word' id='word_1_286' title='bbox 3554 3031 3796 3093; x_wconf 84' lang='lat' dir='ltr'><strong>ratione</strong></span> <span class='ocrx_word' id='word_1_287' title='bbox 3832 3029 3997 3092; x_wconf 89' lang='lat' dir='ltr'><strong>boni.</strong></span> 
     </span>
    </p>
   </div>
   <div class='ocr_carea' id='block_1_13' title="bbox 914 3127 2415 4187">
    <p class='ocr_par' dir='ltr' id='par_1_14' title="bbox 914 3127 2415 4187">
     <span class='ocr_line' id='line_1_47' title="bbox 914 3127 2413 3210; baseline 0.001 -21"><span class='ocrx_word' id='word_1_288' title='bbox 914 3144 1102 3189; x_wconf 89' lang='lat' dir='ltr'><strong>omne</strong></span> <span class='ocrx_word' id='word_1_289' title='bbox 1147 3145 1308 3208; x_wconf 91' lang='lat' dir='ltr'><strong>opus</strong></span> <span class='ocrx_word' id='word_1_290' title='bbox 1354 3127 1788 3207; x_wconf 72' lang='lat' dir='ltr'><strong>intelligentiae</strong></span> <span class='ocrx_word' id='word_1_291' title='bbox 1836 3135 1932 3189; x_wconf 91' lang='lat' dir='ltr'><strong>est</strong></span> <span class='ocrx_word' id='word_1_292' title='bbox 1979 3145 2140 3209; x_wconf 92' lang='lat' dir='ltr'><strong>opus</strong></span> <span class='ocrx_word' id='word_1_293' title='bbox 2188 3129 2413 3210; x_wconf 83' lang='lat' dir='ltr'><strong>primae</strong></span> 
     </span>
     <span class='ocr_line' id='line_1_48' title="bbox 915 3224 2415 3308; baseline 0.002 -22"><span class='ocrx_word' id='word_1_294' title='bbox 915 3224 1436 3287; x_wconf 82' lang='lat' dir='ltr'><strong>causae.Primum</strong></span> <span class='ocrx_word' id='word_1_295' title='bbox 1469 3225 1661 3306; x_wconf 87' lang='lat' dir='ltr'><strong>igitur</strong></span> <span class='ocrx_word' id='word_1_296' title='bbox 1690 3225 2248 3288; x_wconf 88' lang='lat' dir='ltr'><strong>vehementissime</strong></span> <span class='ocrx_word' id='word_1_297' title='bbox 2279 3245 2415 3308; x_wconf 90' lang='lat' dir='ltr'><strong>pro·</strong></span> 
     </span>
     <span class='ocr_line' id='line_1_49' title="bbox 917 3322 2412 3404; baseline 0.003 -21"><span class='ocrx_word' id='word_1_298' title='bbox 917 3322 1122 3404; x_wconf 87' lang='lat' dir='ltr'><strong>priam</strong></span> <span class='ocrx_word' id='word_1_299' title='bbox 1171 3323 1628 3404; x_wconf 83' lang='lat' dir='ltr'><strong>perfectionem</strong></span> <span class='ocrx_word' id='word_1_300' title='bbox 1680 3331 1850 3385; x_wconf 91' lang='lat' dir='ltr'><strong>amat</strong></span> <span class='ocrx_word' id='word_1_301' title='bbox 1901 3341 1914 3384; x_wconf 77' lang='grc' dir='ltr'>ε</span> <span class='ocrx_word' id='word_1_302' title='bbox 1969 3331 2066 3386; x_wconf 87' lang='lat' dir='ltr'><strong>est</strong></span> <span class='ocrx_word' id='word_1_303' title='bbox 2111 3342 2259 3404; x_wconf 89' lang='lat' dir='ltr'><strong>ergo</strong></span> <span class='ocrx_word' id='word_1_304' title='bbox 2310 3343 2412 3387; x_wconf 88' lang='lat' dir='ltr'><strong>vo·</strong></span> 
     </span>
     <span class='ocr_line' id='line_1_50' title="bbox 917 3420 2412 3502; baseline 0.001 -20"><span class='ocrx_word' id='word_1_305' title='bbox 917 3421 1073 3482; x_wconf 91' lang='lat' dir='ltr'><strong>lens.</strong></span> <span class='ocrx_word' id='word_1_306' title='bbox 1128 3420 1320 3482; x_wconf 90' lang='lat' dir='ltr'><strong>Amor</strong></span> <span class='ocrx_word' id='word_1_307' title='bbox 1367 3421 1540 3482; x_wconf 89' lang='lat' dir='ltr'><strong>enim</strong></span> <span class='ocrx_word' id='word_1_308' title='bbox 1600 3429 1665 3483; x_wconf 92' lang='lat' dir='ltr'><strong>et</strong></span> <span class='ocrx_word' id='word_1_309' title='bbox 1719 3421 2041 3502; x_wconf 91' lang='lat' dir='ltr'><strong>appetitus</strong></span> <span class='ocrx_word' id='word_1_310' title='bbox 2102 3440 2226 3484; x_wconf 91' lang='lat' dir='ltr'><strong>non</strong></span> <span class='ocrx_word' id='word_1_311' title='bbox 2287 3423 2412 3485; x_wconf 91' lang='lat' dir='ltr'><strong>nisi</strong></span> 
     </span>
     <span class='ocr_line' id='line_1_51' title="bbox 914 3517 2411 3592; baseline 0.002 -12"><span class='ocrx_word' id='word_1_312' title='bbox 914 3517 1225 3581; x_wconf 90' lang='lat' dir='ltr'><strong>voluntati</strong></span> <span class='ocrx_word' id='word_1_313' title='bbox 1259 3519 1667 3581; x_wconf 83' lang='lat' dir='ltr'><strong>conveniunt.</strong></span> <span class='ocrx_word' id='word_1_314' title='bbox 1687 3519 2012 3592; x_wconf 82' lang='lat' dir='ltr'><strong>Praeterea,</strong></span> <span class='ocrx_word' id='word_1_315' title='bbox 2029 3519 2237 3582; x_wconf 88' lang='lat' dir='ltr'><strong>omnis</strong></span> <span class='ocrx_word' id='word_1_316' title='bbox 2268 3539 2411 3583; x_wconf 87' lang='lat' dir='ltr'><strong>cau·</strong></span> 
     </span>
     <span class='ocr_line' id='line_1_52' title="bbox 915 3615 2412 3698; baseline 0.002 -20"><span class='ocrx_word' id='word_1_317' title='bbox 915 3635 982 3678; x_wconf 85' lang='lat' dir='ltr'><strong>sa</strong></span> <span class='ocrx_word' id='word_1_318' title='bbox 1037 3615 1408 3678; x_wconf 89' lang='lat' dir='ltr'><strong>naturaliter</strong></span> <span class='ocrx_word' id='word_1_319' title='bbox 1457 3616 1667 3697; x_wconf 89' lang='lat' dir='ltr'><strong>diligit</strong></span> <span class='ocrx_word' id='word_1_320' title='bbox 1722 3634 1884 3698; x_wconf 89' lang='lat' dir='ltr'><strong>opus</strong></span> <span class='ocrx_word' id='word_1_321' title='bbox 1942 3635 2173 3695; x_wconf 90' lang='lat' dir='ltr'><strong>suum;</strong></span> <span class='ocrx_word' id='word_1_322' title='bbox 2222 3635 2412 3681; x_wconf 90' lang='lat' dir='ltr'><strong>omne</strong></span> 
     </span>
     <span class='ocr_line' id='line_1_53' title="bbox 914 3713 2412 3796; baseline 0.002 -22"><span class='ocrx_word' id='word_1_323' title='bbox 914 3731 1170 3795; x_wconf 91' lang='lat' dir='ltr'><strong>quoque</strong></span> <span class='ocrx_word' id='word_1_324' title='bbox 1201 3713 1524 3794; x_wconf 56' lang='lat' dir='ltr'><strong>pa&#39;ternale</strong></span> <span class='ocrx_word' id='word_1_325' title='bbox 1564 3721 1627 3775; x_wconf 92' lang='lat' dir='ltr'><strong>et</strong></span> <span class='ocrx_word' id='word_1_326' title='bbox 1667 3713 2016 3776; x_wconf 90' lang='lat' dir='ltr'><strong>fecundum</strong></span> <span class='ocrx_word' id='word_1_327' title='bbox 2057 3725 2229 3776; x_wconf 88' lang='lat' dir='ltr'><strong>amat</strong></span> <span class='ocrx_word' id='word_1_328' title='bbox 2271 3735 2412 3796; x_wconf 90' lang='lat' dir='ltr'><strong>pro-</strong></span> 
     </span>
     <span class='ocr_line' id='line_1_54' title="bbox 915 3811 2415 3893; baseline 0.003 -21"><span class='ocrx_word' id='word_1_329' title='bbox 915 3812 1128 3893; x_wconf 91' lang='lat' dir='ltr'><strong>prium</strong></span> <span class='ocrx_word' id='word_1_330' title='bbox 1187 3830 1468 3893; x_wconf 87' lang='lat' dir='ltr'><strong>germen.</strong></span> <span class='ocrx_word' id='word_1_331' title='bbox 1534 3811 1799 3892; x_wconf 90' lang='lat' dir='ltr'><strong>Signum</strong></span> <span class='ocrx_word' id='word_1_332' title='bbox 1859 3829 2009 3874; x_wconf 91' lang='lat' dir='ltr'><strong>vero</strong></span> <span class='ocrx_word' id='word_1_333' title='bbox 2068 3812 2262 3893; x_wconf 91' lang='lat' dir='ltr'><strong>hujus</strong></span> <span class='ocrx_word' id='word_1_334' title='bbox 2319 3821 2415 3876; x_wconf 87' lang='lat' dir='ltr'><strong>est</strong></span> 
     </span>
     <span class='ocr_line' id='line_1_55' title="bbox 916 3910 2415 3992; baseline 0.001 -20"><span class='ocrx_word' id='word_1_335' title='bbox 916 3910 1247 3972; x_wconf 90' lang='lat' dir='ltr'><strong>conversio</strong></span> <span class='ocrx_word' id='word_1_336' title='bbox 1279 3910 1519 3972; x_wconf 87' lang='lat' dir='ltr'><strong>causati</strong></span> <span class='ocrx_word' id='word_1_337' title='bbox 1557 3911 1635 3972; x_wconf 90' lang='lat' dir='ltr'><strong>ad</strong></span> <span class='ocrx_word' id='word_1_338' title='bbox 1677 3928 1954 3982; x_wconf 87' lang='lat' dir='ltr'><strong>causam,</strong></span> <span class='ocrx_word' id='word_1_339' title='bbox 1988 3918 2051 3972; x_wconf 92' lang='lat' dir='ltr'><strong>et</strong></span> <span class='ocrx_word' id='word_1_340' title='bbox 2082 3912 2415 3992; x_wconf 91' lang='lat' dir='ltr'><strong>providen-</strong></span> 
     </span>
     <span class='ocr_line' id='line_1_56' title="bbox 915 4007 2413 4072; baseline 0.001 -3"><span class='ocrx_word' id='word_1_341' title='bbox 915 4008 1002 4069; x_wconf 90' lang='lat' dir='ltr'><strong>tia</strong></span> <span class='ocrx_word' id='word_1_342' title='bbox 1033 4027 1146 4069; x_wconf 90' lang='lat' dir='ltr'><strong>seu</strong></span> <span class='ocrx_word' id='word_1_343' title='bbox 1177 4007 1507 4070; x_wconf 88' lang='lat' dir='ltr'><strong>conversio</strong></span> <span class='ocrx_word' id='word_1_344' title='bbox 1539 4026 1744 4071; x_wconf 82' lang='lat' dir='ltr'><strong>causae</strong></span> <span class='ocrx_word' id='word_1_345' title='bbox 1783 4008 1862 4069; x_wconf 94' lang='lat' dir='ltr'><strong>ad</strong></span> <span class='ocrx_word' id='word_1_346' title='bbox 1902 4016 2251 4070; x_wconf 91' lang='lat' dir='ltr'><strong>causatum.</strong></span> <span class='ocrx_word' id='word_1_347' title='bbox 2286 4010 2413 4072; x_wconf 90' lang='lat' dir='ltr'><strong>Pri-</strong></span> 
     </span>
     <span class='ocr_line' id='line_1_57' title="bbox 921 4104 2415 4187; baseline 0 -19"><span class='ocrx_word' id='word_1_348' title='bbox 921 4125 1094 4168; x_wconf 90' lang='lat' dir='ltr'><strong>mum</strong></span> <span class='ocrx_word' id='word_1_349' title='bbox 1156 4114 1394 4178; x_wconf 88' lang='lat' dir='ltr'><strong>autem,</strong></span> <span class='ocrx_word' id='word_1_350' title='bbox 1443 4105 1734 4169; x_wconf 91' lang='lat' dir='ltr'><strong>omnium</strong></span> <span class='ocrx_word' id='word_1_351' title='bbox 1796 4113 1892 4166; x_wconf 92' lang='lat' dir='ltr'><strong>est</strong></span> <span class='ocrx_word' id='word_1_352' title='bbox 1948 4104 2187 4168; x_wconf 88' lang='lat' dir='ltr'><strong>fontale</strong></span> <span class='ocrx_word' id='word_1_353' title='bbox 2247 4108 2415 4187; x_wconf 89' lang='lat' dir='ltr'><strong>prin-</strong></span> 
     </span>
    </p>
   </div>
   <div class='ocr_carea' id='block_1_14' title="bbox 2521 3127 4011 4190">
    <p class='ocr_par' dir='ltr' id='par_1_15' title="bbox 2521 3127 4011 4190">
     <span class='ocr_line' id='line_1_58' title="bbox 2523 3127 4003 3199; baseline -0.002 -8"><span class='ocrx_word' id='word_1_354' title='bbox 2523 3131 2626 3193; x_wconf 90' lang='lat' dir='ltr'><strong>Sic</strong></span> <span class='ocrx_word' id='word_1_355' title='bbox 2657 3136 2868 3191; x_wconf 90' lang='lat' dir='ltr'><strong>autem</strong></span> <span class='ocrx_word' id='word_1_356' title='bbox 2911 3129 3154 3190; x_wconf 91' lang='lat' dir='ltr'><strong>moveri</strong></span> <span class='ocrx_word' id='word_1_357' title='bbox 3186 3148 3221 3190; x_wconf 89' lang='lat' dir='ltr'><strong>a</strong></span> <span class='ocrx_word' id='word_1_358' title='bbox 3251 3127 3456 3191; x_wconf 86' lang='lat' dir='ltr'><strong>forma</strong></span> <span class='ocrx_word' id='word_1_359' title='bbox 3500 3128 3883 3199; x_wconf 88' lang='lat' dir='ltr'><strong>intellectus,</strong></span> <span class='ocrx_word' id='word_1_360' title='bbox 3916 3135 4003 3190; x_wconf 85' lang='lat' dir='ltr'><strong>est</strong></span> 
     </span>
     <span class='ocr_line' id='line_1_59' title="bbox 2525 3227 4003 3310; baseline 0 -22"><span class='ocrx_word' id='word_1_361' title='bbox 2525 3228 2854 3310; x_wconf 90' lang='lat' dir='ltr'><strong>proprium</strong></span> <span class='ocrx_word' id='word_1_362' title='bbox 2904 3227 3238 3300; x_wconf 90' lang='lat' dir='ltr'><strong>voluntati,</strong></span> <span class='ocrx_word' id='word_1_363' title='bbox 3291 3246 3431 3308; x_wconf 85' lang='lat' dir='ltr'><strong>quae</strong></span> <span class='ocrx_word' id='word_1_364' title='bbox 3482 3233 3773 3289; x_wconf 83' lang='lat' dir='ltr'><strong>movetur</strong></span> <span class='ocrx_word' id='word_1_365' title='bbox 3818 3247 3855 3288; x_wconf 91' lang='lat' dir='ltr'><strong>a</strong></span> <span class='ocrx_word' id='word_1_366' title='bbox 3898 3244 4003 3288; x_wconf 92' lang='lat' dir='ltr'><strong>suo</strong></span> 
     </span>
     <span class='ocr_line' id='line_1_60' title="bbox 2521 3323 4001 3406; baseline -0.001 -18"><span class='ocrx_word' id='word_1_367' title='bbox 2521 3325 2773 3406; x_wconf 88' lang='lat' dir='ltr'><strong>objecto</strong></span> <span class='ocrx_word' id='word_1_368' title='bbox 2815 3324 2935 3386; x_wconf 88' lang='lat' dir='ltr'><strong>sub</strong></span> <span class='ocrx_word' id='word_1_369' title='bbox 2978 3324 3221 3386; x_wconf 89' lang='lat' dir='ltr'><strong>ratione</strong></span> <span class='ocrx_word' id='word_1_370' title='bbox 3267 3323 3655 3406; x_wconf 87' lang='lat' dir='ltr'><strong>appetibilis.</strong></span> <span class='ocrx_word' id='word_1_371' title='bbox 3702 3324 4001 3406; x_wconf 86' lang='lat' dir='ltr'><strong>Denique,</strong></span> 
     </span>
     <span class='ocr_line' id='line_1_61' title="bbox 2522 3421 4007 3502; baseline -0.001 -17"><span class='ocrx_word' id='word_1_372' title='bbox 2522 3423 2763 3486; x_wconf 91' lang='lat' dir='ltr'><strong>bonum</strong></span> <span class='ocrx_word' id='word_1_373' title='bbox 2793 3422 3211 3496; x_wconf 90' lang='lat' dir='ltr'><strong>intellectum,</strong></span> <span class='ocrx_word' id='word_1_374' title='bbox 3244 3430 3340 3484; x_wconf 91' lang='lat' dir='ltr'><strong>est</strong></span> <span class='ocrx_word' id='word_1_375' title='bbox 3377 3421 3705 3502; x_wconf 87' lang='lat' dir='ltr'><strong>objectum</strong></span> <span class='ocrx_word' id='word_1_376' title='bbox 3732 3423 4007 3486; x_wconf 85' lang='lat' dir='ltr'><strong>volunta·</strong></span> 
     </span>
     <span class='ocr_line' id='line_1_62' title="bbox 2524 3520 4001 3602; baseline -0.002 -18"><span class='ocrx_word' id='word_1_377' title='bbox 2524 3522 2603 3584; x_wconf 89' lang='lat' dir='ltr'><strong>tis</strong></span> <span class='ocrx_word' id='word_1_378' title='bbox 2631 3538 2644 3582; x_wconf 76' lang='grc' dir='ltr'>ε</span> <span class='ocrx_word' id='word_1_379' title='bbox 2670 3527 2918 3602; x_wconf 90' lang='lat' dir='ltr'><strong>oportet</strong></span> <span class='ocrx_word' id='word_1_380' title='bbox 2948 3538 3097 3601; x_wconf 90' lang='lat' dir='ltr'><strong>ergo</strong></span> <span class='ocrx_word' id='word_1_381' title='bbox 3130 3528 3199 3581; x_wconf 94' lang='lat' dir='ltr'><strong>ut</strong></span> <span class='ocrx_word' id='word_1_382' title='bbox 3227 3520 3467 3582; x_wconf 91' lang='lat' dir='ltr'><strong>bonum</strong></span> <span class='ocrx_word' id='word_1_383' title='bbox 3501 3521 3921 3594; x_wconf 76' lang='lat' dir='ltr'><strong>intellectum,</strong></span> <span class='ocrx_word' id='word_1_384' title='bbox 3944 3521 4001 3582; x_wconf 91' lang='lat' dir='ltr'><strong>in</strong></span> 
     </span>
     <span class='ocr_line' id='line_1_63' title="bbox 2524 3618 4005 3701; baseline -0.001 -21"><span class='ocrx_word' id='word_1_385' title='bbox 2524 3627 2829 3701; x_wconf 89' lang='lat' dir='ltr'><strong>quantum</strong></span> <span class='ocrx_word' id='word_1_386' title='bbox 2862 3618 3254 3697; x_wconf 89' lang='lat' dir='ltr'><strong>hujusmodi,</strong></span> <span class='ocrx_word' id='word_1_387' title='bbox 3273 3619 3357 3680; x_wconf 88' lang='lat' dir='ltr'><strong>sit</strong></span> <span class='ocrx_word' id='word_1_388' title='bbox 3384 3618 3675 3680; x_wconf 88' lang='lat' dir='ltr'><strong>volitum.</strong></span> <span class='ocrx_word' id='word_1_389' title='bbox 3697 3619 4005 3701; x_wconf 88' lang='lat' dir='ltr'><strong>Quidquid</strong></span> 
     </span>
     <span class='ocr_line' id='line_1_64' title="bbox 2523 3715 4007 3798; baseline -0.001 -19"><span class='ocrx_word' id='word_1_390' title='bbox 2523 3717 2695 3779; x_wconf 90' lang='lat' dir='ltr'><strong>enim</strong></span> <span class='ocrx_word' id='word_1_391' title='bbox 2736 3715 3241 3796; x_wconf 86' lang='lat' dir='ltr'><strong>apprehenditur</strong></span> <span class='ocrx_word' id='word_1_392' title='bbox 3268 3715 3388 3777; x_wconf 91' lang='lat' dir='ltr'><strong>sub</strong></span> <span class='ocrx_word' id='word_1_393' title='bbox 3418 3717 3662 3778; x_wconf 84' lang='lat' dir='ltr'><strong>ratione</strong></span> <span class='ocrx_word' id='word_1_394' title='bbox 3704 3717 3879 3790; x_wconf 87' lang='lat' dir='ltr'><strong>boni,</strong></span> <span class='ocrx_word' id='word_1_395' title='bbox 3908 3736 4007 3798; x_wconf 88' lang='lat' dir='ltr'><strong>ap·</strong></span> 
     </span>
     <span class='ocr_line' id='line_1_65' title="bbox 2524 3812 4009 3896; baseline -0.001 -20"><span class='ocrx_word' id='word_1_396' title='bbox 2524 3814 2939 3896; x_wconf 89' lang='lat' dir='ltr'><strong>prehenditur</strong></span> <span class='ocrx_word' id='word_1_397' title='bbox 2970 3819 3039 3874; x_wconf 91' lang='lat' dir='ltr'><strong>ut</strong></span> <span class='ocrx_word' id='word_1_398' title='bbox 3066 3812 3750 3894; x_wconf 87' lang='lat' dir='ltr'><strong>appetibile,quoniam</strong></span> <span class='ocrx_word' id='word_1_399' title='bbox 3785 3814 4009 3878; x_wconf 87' lang='lat' dir='ltr'><strong>bonum</strong></span> 
     </span>
     <span class='ocr_line' id='line_1_66' title="bbox 2524 3910 4007 3992; baseline 0 -17"><span class='ocrx_word' id='word_1_400' title='bbox 2524 3920 2620 3975; x_wconf 89' lang='lat' dir='ltr'><strong>est</strong></span> <span class='ocrx_word' id='word_1_401' title='bbox 2661 3912 2831 3992; x_wconf 94' lang='lat' dir='ltr'><strong>quod</strong></span> <span class='ocrx_word' id='word_1_402' title='bbox 2870 3910 3086 3974; x_wconf 90' lang='lat' dir='ltr'><strong>omnia</strong></span> <span class='ocrx_word' id='word_1_403' title='bbox 3128 3917 3456 3992; x_wconf 89' lang='lat' dir='ltr'><strong>appetunt.</strong></span> <span class='ocrx_word' id='word_1_404' title='bbox 3490 3911 3759 3974; x_wconf 90' lang='lat' dir='ltr'><strong>Divinus</strong></span> <span class='ocrx_word' id='word_1_405' title='bbox 3802 3920 4007 3975; x_wconf 77' lang='lat' dir='ltr'><strong>autem</strong></span> 
     </span>
     <span class='ocr_line' id='line_1_67' title="bbox 2526 4009 4011 4093; baseline -0.001 -21"><span class='ocrx_word' id='word_1_406' title='bbox 2526 4010 2885 4073; x_wconf 84' lang='lat' dir='ltr'><strong>intellectus</strong></span> <span class='ocrx_word' id='word_1_407' title='bbox 2928 4009 3254 4089; x_wconf 88' lang='lat' dir='ltr'><strong>cognoscit</strong></span> <span class='ocrx_word' id='word_1_408' title='bbox 3293 4027 3360 4071; x_wconf 92' lang='lat' dir='ltr'><strong>se</strong></span> <span class='ocrx_word' id='word_1_409' title='bbox 3398 4017 3461 4071; x_wconf 91' lang='lat' dir='ltr'><strong>et</strong></span> <span class='ocrx_word' id='word_1_410' title='bbox 3499 4027 3693 4072; x_wconf 91' lang='lat' dir='ltr'><strong>omne</strong></span> <span class='ocrx_word' id='word_1_411' title='bbox 3726 4027 3841 4073; x_wconf 86' lang='lat' dir='ltr'><strong>ens</strong></span> <span class='ocrx_word' id='word_1_412' title='bbox 3881 4029 4011 4093; x_wconf 87' lang='lat' dir='ltr'><strong>pcr-</strong></span> 
     </span>
     <span class='ocr_line' id='line_1_68' title="bbox 2526 4107 4011 4190; baseline -0.002 -19"><span class='ocrx_word' id='word_1_413' title='bbox 2526 4110 2708 4171; x_wconf 90' lang='lat' dir='ltr'><strong>fecte.</strong></span> <span class='ocrx_word' id='word_1_414' title='bbox 2763 4107 2925 4187; x_wconf 90' lang='lat' dir='ltr'><strong>Ergo</strong></span> <span class='ocrx_word' id='word_1_415' title='bbox 2968 4107 3322 4169; x_wconf 90' lang='lat' dir='ltr'><strong>secundum</strong></span> <span class='ocrx_word' id='word_1_416' title='bbox 3370 4108 3823 4190; x_wconf 88' lang='lat' dir='ltr'><strong>proprietatem</strong></span> <span class='ocrx_word' id='word_1_417' title='bbox 3868 4108 4011 4171; x_wconf 90' lang='lat' dir='ltr'><strong>boni</strong></span> 
     </span>
    </p>
   </div>
   <div class='ocr_carea' id='block_1_15' title="bbox 919 4203 4011 4288">
    <p class='ocr_par' dir='ltr' id='par_1_16' title="bbox 919 4203 4011 4288">
     <span class='ocr_line' id='line_1_69' title="bbox 919 4203 4011 4288; baseline 0 -22"><span class='ocrx_word' id='word_1_418' title='bbox 919 4205 1181 4286; x_wconf 90' lang='lat' dir='ltr'><strong>cipium.</strong></span> <span class='ocrx_word' id='word_1_419' title='bbox 1230 4203 1454 4266; x_wconf 90' lang='lat' dir='ltr'><strong>Omnia</strong></span> <span class='ocrx_word' id='word_1_420' title='bbox 1515 4203 1711 4284; x_wconf 88' lang='lat' dir='ltr'><strong>igitur</strong></span> <span class='ocrx_word' id='word_1_421' title='bbox 1765 4211 1936 4265; x_wconf 89' lang='lat' dir='ltr'><strong>amat</strong></span> <span class='ocrx_word' id='word_1_422' title='bbox 1980 4221 1993 4264; x_wconf 92' lang='lat'>:</span> <span class='ocrx_word' id='word_1_423' title='bbox 2037 4204 2259 4268; x_wconf 90' lang='lat' dir='ltr'><strong>volens</strong></span> <span class='ocrx_word' id='word_1_424' title='bbox 2319 4213 2415 4267; x_wconf 91' lang='lat' dir='ltr'><strong>est</strong></span> <span class='ocrx_word' id='word_1_425' title='bbox 2445 4211 2495 4272; x_wconf 91' lang='lat' dir='ltr'>D</span> <span class='ocrx_word' id='word_1_426' title='bbox 2523 4205 2806 4286; x_wconf 82' lang='lat' dir='ltr'><strong>agnoscit</strong></span> <span class='ocrx_word' id='word_1_427' title='bbox 2836 4223 2903 4266; x_wconf 90' lang='lat' dir='ltr'><strong>se</strong></span> <span class='ocrx_word' id='word_1_428' title='bbox 2934 4205 3146 4286; x_wconf 90' lang='lat' dir='ltr'><strong>ipsum</strong></span> <span class='ocrx_word' id='word_1_429' title='bbox 3168 4221 3181 4264; x_wconf 91' lang='lat'><strong>:</strong></span> <span class='ocrx_word' id='word_1_430' title='bbox 3202 4223 3269 4267; x_wconf 90' lang='lat' dir='ltr'><strong>se</strong></span> <span class='ocrx_word' id='word_1_431' title='bbox 3300 4223 3449 4286; x_wconf 83' lang='lat' dir='ltr'><strong>ergo</strong></span> <span class='ocrx_word' id='word_1_432' title='bbox 3480 4206 3572 4267; x_wconf 92' lang='lat' dir='ltr'><strong>sic</strong></span> <span class='ocrx_word' id='word_1_433' title='bbox 3602 4206 4011 4288; x_wconf 85' lang='lat' dir='ltr'><strong>comprehen-</strong></span> 
     </span>
    </p>
   </div>
   <div class='ocr_carea' id='block_1_16' title="bbox 901 4320 2415 5363">
    <p class='ocr_par' dir='ltr' id='par_1_17' title="bbox 917 4320 1086 4382">
     <span class='ocr_line' id='line_1_70' title="bbox 917 4320 1086 4382; baseline -0.012 -18"><span class='ocrx_word' id='word_1_434' title='bbox 917 4320 1086 4382; x_wconf 83' lang='lat' dir='ltr'><strong>ergo.</strong></span> 
     </span>
    </p>

    <p class='ocr_par' dir='ltr' id='par_1_18' title="bbox 901 4398 2415 5363">
     <span class='ocr_line' id='line_1_71' title="bbox 996 4398 2415 4481; baseline 0.001 -19"><span class='ocrx_word' id='word_1_435' title='bbox 996 4398 1680 4481; x_wconf 83' lang='lat' dir='ltr'><strong>AmpliuS,secundum</strong></span> <span class='ocrx_word' id='word_1_436' title='bbox 1710 4399 2113 4462; x_wconf 84' lang='lat' dir='ltr'><strong>Aristotelem</strong></span> <span class='ocrx_word' id='word_1_437' title='bbox 2147 4400 2213 4461; x_wconf 90' lang='lat' dir='ltr'><strong>in</strong></span> <span class='ocrx_word' id='word_1_438' title='bbox 2246 4401 2415 4463; x_wconf 89' lang='lat' dir='ltr'><strong>Ethi-</strong></span> 
     </span>
     <span class='ocr_line' id='line_1_72' title="bbox 917 4498 2411 4580; baseline 0 -20"><span class='ocrx_word' id='word_1_439' title='bbox 917 4499 1030 4572; x_wconf 90' lang='lat' dir='ltr'><strong>cis,</strong></span> <span class='ocrx_word' id='word_1_440' title='bbox 1083 4499 1277 4561; x_wconf 90' lang='lat' dir='ltr'><strong>homo</strong></span> <span class='ocrx_word' id='word_1_441' title='bbox 1325 4498 1861 4580; x_wconf 87' lang='lat' dir='ltr'><strong>contemplativus</strong></span> <span class='ocrx_word' id='word_1_442' title='bbox 1912 4505 2008 4559; x_wconf 90' lang='lat' dir='ltr'><strong>est</strong></span> <span class='ocrx_word' id='word_1_443' title='bbox 2055 4500 2411 4560; x_wconf 89' lang='lat' dir='ltr'><strong>amantissi-</strong></span> 
     </span>
     <span class='ocr_line' id='line_1_73' title="bbox 915 4595 2409 4678; baseline 0.001 -19"><span class='ocrx_word' id='word_1_444' title='bbox 915 4616 1056 4659; x_wconf 89' lang='lat' dir='ltr'><strong>mus</strong></span> <span class='ocrx_word' id='word_1_445' title='bbox 1088 4597 1234 4658; x_wconf 82' lang='lat' dir='ltr'><strong>Deo,</strong></span> <span class='ocrx_word' id='word_1_446' title='bbox 1270 4595 1484 4678; x_wconf 86' lang='lat' dir='ltr'><strong>Ipsum</strong></span> <span class='ocrx_word' id='word_1_447' title='bbox 1518 4596 1711 4676; x_wconf 89' lang='lat' dir='ltr'><strong>igitur</strong></span> <span class='ocrx_word' id='word_1_448' title='bbox 1736 4603 1906 4658; x_wconf 88' lang='lat' dir='ltr'><strong>amat</strong></span> <span class='ocrx_word' id='word_1_449' title='bbox 1935 4595 2102 4658; x_wconf 90' lang='lat' dir='ltr'><strong>Deus</strong></span> <span class='ocrx_word' id='word_1_450' title='bbox 2142 4613 2157 4657; x_wconf 79' lang='grc' dir='ltr'><em>τ</em></span> <span class='ocrx_word' id='word_1_451' title='bbox 2196 4596 2409 4678; x_wconf 89' lang='lat' dir='ltr'><strong>itaque</strong></span> 
     </span>
     <span class='ocr_line' id='line_1_74' title="bbox 908 4693 2409 4767; baseline -0.001 -10"><span class='ocrx_word' id='word_1_452' title='bbox 908 4695 1128 4757; x_wconf 86' lang='lat' dir='ltr'><strong>volens</strong></span> <span class='ocrx_word' id='word_1_453' title='bbox 1157 4700 1255 4756; x_wconf 89' lang='lat' dir='ltr'><strong>est</strong></span> <span class='ocrx_word' id='word_1_454' title='bbox 1281 4695 1468 4755; x_wconf 89' lang='lat' dir='ltr'><strong>Deus.</strong></span> <span class='ocrx_word' id='word_1_455' title='bbox 1503 4693 1747 4767; x_wconf 87' lang='lat' dir='ltr'><strong>Adhuc,</strong></span> <span class='ocrx_word' id='word_1_456' title='bbox 1781 4695 1948 4757; x_wconf 90' lang='lat' dir='ltr'><strong>Deus</strong></span> <span class='ocrx_word' id='word_1_457' title='bbox 1978 4693 2409 4756; x_wconf 89' lang='lat' dir='ltr'><strong>substantiali-</strong></span> 
     </span>
     <span class='ocr_line' id='line_1_75' title="bbox 904 4791 2405 4867; baseline -0.001 -11"><span class='ocrx_word' id='word_1_458' title='bbox 904 4802 1003 4856; x_wconf 88' lang='lat' dir='ltr'><strong>ter</strong></span> <span class='ocrx_word' id='word_1_459' title='bbox 1035 4792 1188 4855; x_wconf 82' lang='lat' dir='ltr'><strong>felix</strong></span> <span class='ocrx_word' id='word_1_460' title='bbox 1217 4799 1315 4854; x_wconf 90' lang='lat' dir='ltr'><strong>est</strong></span> <span class='ocrx_word' id='word_1_461' title='bbox 1345 4799 1408 4854; x_wconf 90' lang='lat' dir='ltr'><strong>et</strong></span> <span class='ocrx_word' id='word_1_462' title='bbox 1436 4791 1700 4854; x_wconf 91' lang='lat' dir='ltr'><strong>omnino</strong></span> <span class='ocrx_word' id='word_1_463' title='bbox 1731 4791 2169 4867; x_wconf 79' lang='lat' dir='ltr'><strong>felicissimuS‚</strong></span> <span class='ocrx_word' id='word_1_464' title='bbox 2204 4801 2273 4854; x_wconf 89' lang='lat' dir='ltr'><strong>ut</strong></span> <span class='ocrx_word' id='word_1_465' title='bbox 2313 4794 2405 4856; x_wconf 89' lang='lat' dir='ltr'><strong>in-</strong></span> 
     </span>
     <span class='ocr_line' id='line_1_76' title="bbox 906 4888 2407 4971; baseline -0.001 -18"><span class='ocrx_word' id='word_1_466' title='bbox 906 4892 1001 4953; x_wconf 89' lang='lat' dir='ltr'><strong>fra</strong></span> <span class='ocrx_word' id='word_1_467' title='bbox 1039 4891 1405 4952; x_wconf 86' lang='lat' dir='ltr'><strong>deducetur.</strong></span> <span class='ocrx_word' id='word_1_468' title='bbox 1442 4888 1642 4951; x_wconf 90' lang='lat' dir='ltr'><strong>Omne</strong></span> <span class='ocrx_word' id='word_1_469' title='bbox 1683 4897 1896 4952; x_wconf 90' lang='lat' dir='ltr'><strong>autem</strong></span> <span class='ocrx_word' id='word_1_470' title='bbox 1943 4889 2111 4971; x_wconf 92' lang='lat' dir='ltr'><strong>quod</strong></span> <span class='ocrx_word' id='word_1_471' title='bbox 2160 4890 2407 4952; x_wconf 89' lang='lat' dir='ltr'><strong>intelle-</strong></span> 
     </span>
     <span class='ocr_line' id='line_1_77' title="bbox 903 4987 2405 5066; baseline -0.001 -14"><span class='ocrx_word' id='word_1_472' title='bbox 903 4988 1198 5052; x_wconf 87' lang='lat' dir='ltr'><strong>ctualiter</strong></span> <span class='ocrx_word' id='word_1_473' title='bbox 1239 4987 1394 5049; x_wconf 85' lang='lat' dir='ltr'><strong>felix</strong></span> <span class='ocrx_word' id='word_1_474' title='bbox 1435 4995 1553 5060; x_wconf 90' lang='lat' dir='ltr'><strong>est,</strong></span> <span class='ocrx_word' id='word_1_475' title='bbox 1592 4987 1952 5066; x_wconf 85' lang='lat' dir='ltr'><strong>jucundum</strong></span> <span class='ocrx_word' id='word_1_476' title='bbox 1998 4987 2263 5050; x_wconf 90' lang='lat' dir='ltr'><strong>omnino</strong></span> <span class='ocrx_word' id='word_1_477' title='bbox 2308 4997 2405 5051; x_wconf 92' lang='lat' dir='ltr'><strong>est</strong></span> 
     </span>
     <span class='ocr_line' id='line_1_78' title="bbox 901 5084 2400 5168; baseline -0.001 -19"><span class='ocrx_word' id='word_1_478' title='bbox 901 5095 967 5150; x_wconf 91' lang='lat' dir='ltr'><strong>et</strong></span> <span class='ocrx_word' id='word_1_479' title='bbox 1007 5086 1264 5168; x_wconf 84' lang='lat' dir='ltr'><strong>penitus</strong></span> <span class='ocrx_word' id='word_1_480' title='bbox 1306 5084 1684 5166; x_wconf 90' lang='lat' dir='ltr'><strong>gaudiosum</strong></span> <span class='ocrx_word' id='word_1_481' title='bbox 1729 5101 1742 5146; x_wconf 92' lang='lat'>:</span> <span class='ocrx_word' id='word_1_482' title='bbox 1785 5092 1882 5148; x_wconf 89' lang='lat' dir='ltr'><strong>est</strong></span> <span class='ocrx_word' id='word_1_483' title='bbox 1924 5085 2096 5148; x_wconf 91' lang='lat' dir='ltr'><strong>enim</strong></span> <span class='ocrx_word' id='word_1_484' title='bbox 2143 5093 2400 5149; x_wconf 90' lang='lat' dir='ltr'><strong>conten-</strong></span> 
     </span>
     <span class='ocr_line' id='line_1_79' title="bbox 901 5181 2393 5265; baseline -0.001 -19"><span class='ocrx_word' id='word_1_485' title='bbox 901 5193 1040 5246; x_wconf 89' lang='lat' dir='ltr'><strong>tum</strong></span> <span class='ocrx_word' id='word_1_486' title='bbox 1074 5183 1138 5245; x_wconf 90' lang='lat' dir='ltr'><strong>in</strong></span> <span class='ocrx_word' id='word_1_487' title='bbox 1171 5182 1355 5245; x_wconf 91' lang='lat' dir='ltr'><strong>bonis</strong></span> <span class='ocrx_word' id='word_1_488' title='bbox 1397 5201 1538 5262; x_wconf 87' lang='lat' dir='ltr'><strong>quae</strong></span> <span class='ocrx_word' id='word_1_489' title='bbox 1582 5181 1794 5256; x_wconf 88' lang='lat' dir='ltr'><strong>habet,</strong></span> <span class='ocrx_word' id='word_1_490' title='bbox 1828 5201 1947 5246; x_wconf 92' lang='lat' dir='ltr'><strong>nec</strong></span> <span class='ocrx_word' id='word_1_491' title='bbox 1985 5182 2159 5245; x_wconf 89' lang='lat' dir='ltr'><strong>aliud</strong></span> <span class='ocrx_word' id='word_1_492' title='bbox 2200 5192 2393 5265; x_wconf 90' lang='lat' dir='ltr'><strong>optat.</strong></span> 
     </span>
     <span class='ocr_line' id='line_1_80' title="bbox 903 5278 2396 5363; baseline 0.001 -19"><span class='ocrx_word' id='word_1_493' title='bbox 903 5282 1068 5344; x_wconf 89' lang='lat' dir='ltr'><strong>Deus</strong></span> <span class='ocrx_word' id='word_1_494' title='bbox 1099 5297 1248 5360; x_wconf 83' lang='lat' dir='ltr'><strong>ergo</strong></span> <span class='ocrx_word' id='word_1_495' title='bbox 1277 5278 1559 5360; x_wconf 84' lang='lat' dir='ltr'><strong>gaudens</strong></span> <span class='ocrx_word' id='word_1_496' title='bbox 1587 5287 1702 5342; x_wconf 91' lang='lat' dir='ltr'><strong>est.</strong></span> <span class='ocrx_word' id='word_1_497' title='bbox 1735 5279 1857 5344; x_wconf 90' lang='lat' dir='ltr'><strong>Sed</strong></span> <span class='ocrx_word' id='word_1_498' title='bbox 1893 5282 2169 5363; x_wconf 83' lang='lat' dir='ltr'><strong>gaudere</strong></span> <span class='ocrx_word' id='word_1_499' title='bbox 2211 5281 2396 5345; x_wconf 91' lang='lat' dir='ltr'><strong>intel-</strong></span> 
     </span>
    </p>
   </div>
   <div class='ocr_carea' id='block_1_17' title="bbox 2508 4302 4189 5364">
    <p class='ocr_par' dir='ltr' id='par_1_19' title="bbox 2524 4302 3178 4366">
     <span class='ocr_line' id='line_1_81' title="bbox 2524 4302 3178 4366; baseline -0.003 -1"><span class='ocrx_word' id='word_1_500' title='bbox 2524 4322 2666 4366; x_wconf 92' lang='lat' dir='ltr'><strong>sum</strong></span> <span class='ocrx_word' id='word_1_501' title='bbox 2709 4302 2849 4364; x_wconf 86' lang='lat' dir='ltr'><strong>vult</strong></span> <span class='ocrx_word' id='word_1_502' title='bbox 2888 4309 2952 4364; x_wconf 90' lang='lat' dir='ltr'><strong>et</strong></span> <span class='ocrx_word' id='word_1_503' title='bbox 2990 4309 3178 4363; x_wconf 91' lang='lat' dir='ltr'><strong>amat.</strong></span> 
     </span>
    </p>

    <p class='ocr_par' dir='ltr' id='par_1_20' title="bbox 2508 4399 4189 5364">
     <span class='ocr_line' id='line_1_82' title="bbox 2600 4399 4011 4484; baseline 0.001 -20"><span class='ocrx_word' id='word_1_504' title='bbox 2600 4402 2862 4473; x_wconf 88' lang='lat' dir='ltr'><strong>Rursus,</strong></span> <span class='ocrx_word' id='word_1_505' title='bbox 2895 4399 3327 4463; x_wconf 88' lang='lat' dir='ltr'><strong>voluntarium</strong></span> <span class='ocrx_word' id='word_1_506' title='bbox 3357 4409 3455 4463; x_wconf 90' lang='lat' dir='ltr'><strong>est</strong></span> <span class='ocrx_word' id='word_1_507' title='bbox 3480 4408 3545 4464; x_wconf 88' lang='lat' dir='ltr'><strong>et</strong></span> <span class='ocrx_word' id='word_1_508' title='bbox 3572 4402 3845 4466; x_wconf 89' lang='lat' dir='ltr'><strong>volendo</strong></span> <span class='ocrx_word' id='word_1_509' title='bbox 3870 4422 4011 4484; x_wconf 88' lang='lat' dir='ltr'><strong>ope-</strong></span> 
     </span>
     <span class='ocr_line' id='line_1_83' title="bbox 2522 4497 4011 4583; baseline 0.001 -23"><span class='ocrx_word' id='word_1_510' title='bbox 2522 4518 2689 4573; x_wconf 82' lang='lat' dir='ltr'><strong>ranS,</strong></span> <span class='ocrx_word' id='word_1_511' title='bbox 2739 4497 2923 4578; x_wconf 92' lang='lat' dir='ltr'><strong>cujus</strong></span> <span class='ocrx_word' id='word_1_512' title='bbox 2973 4498 3365 4580; x_wconf 89' lang='lat' dir='ltr'><strong>principium</strong></span> <span class='ocrx_word' id='word_1_513' title='bbox 3414 4507 3511 4562; x_wconf 92' lang='lat' dir='ltr'><strong>est</strong></span> <span class='ocrx_word' id='word_1_514' title='bbox 3558 4499 3623 4561; x_wconf 92' lang='lat' dir='ltr'><strong>in</strong></span> <span class='ocrx_word' id='word_1_515' title='bbox 3670 4502 4011 4583; x_wconf 86' lang='lat' dir='ltr'><strong>semetipso</strong></span> 
     </span>
     <span class='ocr_line' id='line_1_84' title="bbox 2521 4596 4003 4678; baseline 0.002 -19"><span class='ocrx_word' id='word_1_516' title='bbox 2521 4596 2946 4659; x_wconf 89' lang='lat' dir='ltr'><strong>constituente</strong></span> <span class='ocrx_word' id='word_1_517' title='bbox 2976 4596 3226 4676; x_wconf 86' lang='lat' dir='ltr'><strong>singula</strong></span> <span class='ocrx_word' id='word_1_518' title='bbox 3255 4596 3318 4658; x_wconf 93' lang='lat' dir='ltr'><strong>in</strong></span> <span class='ocrx_word' id='word_1_519' title='bbox 3358 4598 3594 4678; x_wconf 91' lang='lat' dir='ltr'><strong>quibus</strong></span> <span class='ocrx_word' id='word_1_520' title='bbox 3634 4607 3729 4662; x_wconf 88' lang='lat' dir='ltr'><strong>est</strong></span> <span class='ocrx_word' id='word_1_521' title='bbox 3769 4608 3951 4662; x_wconf 90' lang='lat' dir='ltr'><strong>actus</strong></span> <span class='ocrx_word' id='word_1_522' title='bbox 3991 4618 4003 4661; x_wconf 94' lang='lat'><strong>:</strong></span> 
     </span>
     <span class='ocr_line' id='line_1_85' title="bbox 2518 4695 4007 4776; baseline 0.003 -20"><span class='ocrx_word' id='word_1_523' title='bbox 2518 4696 2638 4758; x_wconf 92' lang='lat' dir='ltr'><strong>hoc</strong></span> <span class='ocrx_word' id='word_1_524' title='bbox 2688 4713 2921 4776; x_wconf 90' lang='lat' dir='ltr'><strong>nempe</strong></span> <span class='ocrx_word' id='word_1_525' title='bbox 2982 4695 3190 4776; x_wconf 90' lang='lat' dir='ltr'><strong>primo</strong></span> <span class='ocrx_word' id='word_1_526' title='bbox 3248 4695 3523 4758; x_wconf 88' lang='lat' dir='ltr'><strong>maxime</strong></span> <span class='ocrx_word' id='word_1_527' title='bbox 3572 4699 3895 4772; x_wconf 87' lang='lat' dir='ltr'><strong>convenit,</strong></span> <span class='ocrx_word' id='word_1_528' title='bbox 3944 4707 4007 4760; x_wconf 90' lang='lat' dir='ltr'><strong>ut</strong></span> 
     </span>
     <span class='ocr_line' id='line_1_86' title="bbox 2515 4795 4189 4874; baseline -0.004 -18"><span class='ocrx_word' id='word_1_529' title='bbox 2515 4801 2842 4857; x_wconf 85' lang='lat' dir='ltr'><strong>ostensum</strong></span> <span class='ocrx_word' id='word_1_530' title='bbox 2887 4800 3003 4866; x_wconf 88' lang='lat' dir='ltr'><strong>est,</strong></span> <span class='ocrx_word' id='word_1_531' title='bbox 3037 4812 3237 4874; x_wconf 92' lang='lat' dir='ltr'><strong>quum</strong></span> <span class='ocrx_word' id='word_1_532' title='bbox 3282 4811 3397 4874; x_wconf 89' lang='lat' dir='ltr'><strong>per</strong></span> <span class='ocrx_word' id='word_1_533' title='bbox 3439 4795 3749 4858; x_wconf 90' lang='lat' dir='ltr'><strong>rationem</strong></span> <span class='ocrx_word' id='word_1_534' title='bbox 3788 4804 3857 4859; x_wconf 88' lang='lat' dir='ltr'><strong>et</strong></span> <span class='ocrx_word' id='word_1_535' title='bbox 3898 4798 4007 4859; x_wconf 88' lang='lat' dir='ltr'><strong>sci·</strong></span> <span class='ocrx_word' id='word_1_536' title='bbox 4032 4810 4189 4870; x_wconf 52' lang='lat' dir='ltr'><strong>amc.</strong></span> 
     </span>
     <span class='ocr_line' id='line_1_87' title="bbox 2516 4890 4006 4966; baseline 0.002 -13"><span class='ocrx_word' id='word_1_537' title='bbox 2516 4891 2755 4954; x_wconf 91' lang='lat' dir='ltr'><strong>entiam</strong></span> <span class='ocrx_word' id='word_1_538' title='bbox 2785 4910 2821 4952; x_wconf 89' lang='lat' dir='ltr'><strong>a</strong></span> <span class='ocrx_word' id='word_1_539' title='bbox 2850 4909 2918 4952; x_wconf 90' lang='lat' dir='ltr'><strong>se</strong></span> <span class='ocrx_word' id='word_1_540' title='bbox 2958 4897 3022 4952; x_wconf 91' lang='lat' dir='ltr'><strong>et</strong></span> <span class='ocrx_word' id='word_1_541' title='bbox 3066 4890 3131 4952; x_wconf 91' lang='lat' dir='ltr'><strong>in</strong></span> <span class='ocrx_word' id='word_1_542' title='bbox 3170 4909 3237 4952; x_wconf 88' lang='lat' dir='ltr'><strong>se</strong></span> <span class='ocrx_word' id='word_1_543' title='bbox 3276 4890 3711 4966; x_wconf 86' lang='lat' dir='ltr'><strong>exsistentem,</strong></span> <span class='ocrx_word' id='word_1_544' title='bbox 3743 4894 3830 4955; x_wconf 88' lang='lat' dir='ltr'><strong>sit</strong></span> <span class='ocrx_word' id='word_1_545' title='bbox 3874 4894 4006 4956; x_wconf 84' lang='lat' dir='ltr'><strong>uni·</strong></span> 
     </span>
     <span class='ocr_line' id='line_1_88' title="bbox 2514 4987 4007 5073; baseline 0.001 -21"><span class='ocrx_word' id='word_1_546' title='bbox 2514 5007 2845 5052; x_wconf 88' lang='lat' dir='ltr'><strong>versorum</strong></span> <span class='ocrx_word' id='word_1_547' title='bbox 2874 4987 3134 5050; x_wconf 86' lang='lat' dir='ltr'><strong>fontana</strong></span> <span class='ocrx_word' id='word_1_548' title='bbox 3164 5007 3372 5050; x_wconf 88' lang='lat' dir='ltr'><strong>causa.</strong></span> <span class='ocrx_word' id='word_1_549' title='bbox 3406 4990 3687 5052; x_wconf 90' lang='lat' dir='ltr'><strong>Primum</strong></span> <span class='ocrx_word' id='word_1_550' title='bbox 3718 5009 3872 5073; x_wconf 86' lang='lat' dir='ltr'><strong>ergo</strong></span> <span class='ocrx_word' id='word_1_551' title='bbox 3910 5010 4007 5054; x_wconf 80' lang='lat' dir='ltr'><strong>vo·</strong></span> 
     </span>
     <span class='ocr_line' id='line_1_89' title="bbox 2516 5085 4005 5162; baseline 0.003 -14"><span class='ocrx_word' id='word_1_552' title='bbox 2516 5087 2649 5150; x_wconf 89' lang='lat' dir='ltr'><strong>lens</strong></span> <span class='ocrx_word' id='word_1_553' title='bbox 2693 5094 2810 5160; x_wconf 88' lang='lat' dir='ltr'><strong>est,</strong></span> <span class='ocrx_word' id='word_1_554' title='bbox 2854 5094 2918 5149; x_wconf 92' lang='lat' dir='ltr'><strong>et</strong></span> <span class='ocrx_word' id='word_1_555' title='bbox 2961 5085 3306 5148; x_wconf 84' lang='lat' dir='ltr'><strong>liberrimae</strong></span> <span class='ocrx_word' id='word_1_556' title='bbox 3347 5086 3715 5162; x_wconf 82' lang='lat' dir='ltr'><strong>voluntatiS,</strong></span> <span class='ocrx_word' id='word_1_557' title='bbox 3766 5089 4005 5152; x_wconf 84' lang='lat' dir='ltr'><strong>faciens</strong></span> 
     </span>
     <span class='ocr_line' id='line_1_90' title="bbox 2509 5183 4003 5270; baseline 0.002 -23"><span class='ocrx_word' id='word_1_558' title='bbox 2509 5185 2725 5247; x_wconf 90' lang='lat' dir='ltr'><strong>omnia</strong></span> <span class='ocrx_word' id='word_1_559' title='bbox 2782 5191 3041 5266; x_wconf 89' lang='lat' dir='ltr'><strong>propter</strong></span> <span class='ocrx_word' id='word_1_560' title='bbox 3100 5183 3517 5265; x_wconf 89' lang='lat' dir='ltr'><strong>semetipsum</strong></span> <span class='ocrx_word' id='word_1_561' title='bbox 3576 5184 3657 5247; x_wconf 92' lang='lat' dir='ltr'><strong>ob</strong></span> <span class='ocrx_word' id='word_1_562' title='bbox 3716 5206 4003 5270; x_wconf 90' lang='lat' dir='ltr'><strong>superre-</strong></span> 
     </span>
     <span class='ocr_line' id='line_1_91' title="bbox 2508 5281 3993 5364; baseline 0 -18"><span class='ocrx_word' id='word_1_563' title='bbox 2508 5283 2899 5347; x_wconf 88' lang='lat' dir='ltr'><strong>dundantem</strong></span> <span class='ocrx_word' id='word_1_564' title='bbox 2956 5300 3087 5345; x_wconf 84' lang='lat' dir='ltr'><strong>suae</strong></span> <span class='ocrx_word' id='word_1_565' title='bbox 3144 5281 3446 5344; x_wconf 89' lang='lat' dir='ltr'><strong>bonitatis</strong></span> <span class='ocrx_word' id='word_1_566' title='bbox 3504 5281 3993 5364; x_wconf 89' lang='lat' dir='ltr'><strong>plenitudinem.</strong></span> 
     </span>
    </p>
   </div>
   <div class='ocr_carea' id='block_1_18' title="bbox 4228 13 4276 6229">
    <p class='ocr_par' dir='ltr' id='par_1_21' title="bbox 4228 13 4276 6229">
     <span class='ocr_line' id='line_1_92' title="bbox 4228 13 4276 6229; baseline 0 0"><span class='ocrx_word' id='word_1_567' title='bbox 4228 13 4276 6229; x_wconf 95' lang='lat' dir='ltr'><strong> </strong></span> 
     </span>
    </p>
   </div>
  </div>
 </body>
</html>
