<?xml version="1.0" encoding="UTF-8"?>
<!DOCTYPE html PUBLIC "-//W3C//DTD XHTML 1.0 Transitional//EN"
    "http://www.w3.org/TR/xhtml1/DTD/xhtml1-transitional.dtd">
<html xmlns="http://www.w3.org/1999/xhtml" xml:lang="en" lang="en">
 <head>
  <title>
</title>
<meta http-equiv="Content-Type" content="text/html;charset=utf-8" />
  <meta name='ocr-system' content='tesseract 3.04.00' />
  <meta name='ocr-capabilities' content='ocr_page ocr_carea ocr_par ocr_line ocrx_word'/>
</head>
<body>
  <div class='ocr_page' id='page_1' title='image "./doctorisecstati05unkngoog_0161.png"; bbox 0 0 4300 6259; ppageno 0'>
   <div class='ocr_carea' id='block_1_1' title="bbox 1100 516 2874 568">
    <p class='ocr_par' dir='ltr' id='par_1_1' title="bbox 1100 516 2874 568">
     <span class='ocr_line' id='line_1_1' title="bbox 1100 516 2874 568; baseline 0.001 -1"><span class='ocrx_word' id='word_1_1' title='bbox 1100 519 1523 568; x_wconf 66' lang='lat' dir='ltr'>nmmum</span> <span class='ocrx_word' id='word_1_2' title='bbox 1561 516 1963 566; x_wconf 70' lang='lat' dir='ltr'>mmmmm.</span> <span class='ocrx_word' id='word_1_3' title='bbox 2008 535 2090 547; x_wconf 88' lang='lat'>—</span> <span class='ocrx_word' id='word_1_4' title='bbox 2130 517 2212 565; x_wconf 66' lang='grc' dir='ltr'>ΒΕ</span> <span class='ocrx_word' id='word_1_5' title='bbox 2251 517 2372 566; x_wconf 66' lang='grc' dir='ltr'>ΒΒΟ</span> <span class='ocrx_word' id='word_1_6' title='bbox 2413 519 2534 568; x_wconf 73' lang='grc' dir='ltr'>1]Νο</span> <span class='ocrx_word' id='word_1_7' title='bbox 2575 520 2652 566; x_wconf 71' lang='grc' dir='ltr'>ΕΤ</span> <span class='ocrx_word' id='word_1_8' title='bbox 2687 519 2874 568; x_wconf 75' lang='lat' dir='ltr'>‘mmo</span> 
     </span>
    </p>
   </div>
   <div class='ocr_carea' id='block_1_2' title="bbox 3420 503 3538 568">
    <p class='ocr_par' dir='ltr' id='par_1_2' title="bbox 3420 503 3538 568">
     <span class='ocr_line' id='line_1_2' title="bbox 3420 503 3538 568; baseline 0.017 -2"><span class='ocrx_word' id='word_1_9' title='bbox 3420 503 3538 568; x_wconf 72' lang='lat'>143</span> 
     </span>
    </p>
   </div>
   <div class='ocr_carea' id='block_1_3' title="bbox 410 686 3536 774">
    <p class='ocr_par' dir='ltr' id='par_1_3' title="bbox 410 686 3536 774">
     <span class='ocr_line' id='line_1_3' title="bbox 410 686 3536 774; baseline 0.001 -26"><span class='ocrx_word' id='word_1_10' title='bbox 410 695 529 751; x_wconf 88' lang='lat' dir='ltr'>tus</span> <span class='ocrx_word' id='word_1_11' title='bbox 558 687 795 764; x_wconf 87' lang='lat' dir='ltr'>Sancti,</span> <span class='ocrx_word' id='word_1_12' title='bbox 813 689 929 774; x_wconf 88' lang='lat' dir='ltr'>qui</span> <span class='ocrx_word' id='word_1_13' title='bbox 958 689 1246 774; x_wconf 77' lang='lat' dir='ltr'>procedit</span> <span class='ocrx_word' id='word_1_14' title='bbox 1275 689 1629 754; x_wconf 88' lang='lat' dir='ltr'>secundum</span> <span class='ocrx_word' id='word_1_15' title='bbox 1660 689 1923 752; x_wconf 90' lang='lat' dir='ltr'>modum</span> <span class='ocrx_word' id='word_1_16' title='bbox 1954 686 2006 749; x_wconf 81' lang='lat' dir='ltr'>A</span> <span class='ocrx_word' id='word_1_17' title='bbox 2036 687 2328 768; x_wconf 80' lang='lat' dir='ltr'>procedit</span> <span class='ocrx_word' id='word_1_18' title='bbox 2377 707 2492 771; x_wconf 87' lang='lat' dir='ltr'>per</span> <span class='ocrx_word' id='word_1_19' title='bbox 2531 707 2854 754; x_wconf 76' lang='lat' dir='ltr'>recessum</span> <span class='ocrx_word' id='word_1_20' title='bbox 2899 689 2982 752; x_wconf 90' lang='lat' dir='ltr'>ab</span> <span class='ocrx_word' id='word_1_21' title='bbox 3029 706 3158 754; x_wconf 88' lang='lat' dir='ltr'>uno</span> <span class='ocrx_word' id='word_1_22' title='bbox 3199 689 3264 752; x_wconf 90' lang='lat' dir='ltr'>in</span> <span class='ocrx_word' id='word_1_23' title='bbox 3310 689 3536 764; x_wconf 86' lang='lat' dir='ltr'>alium,</span> 
     </span>
    </p>
   </div>
   <div class='ocr_carea' id='block_1_4' title="bbox 412 787 1927 1853">
    <p class='ocr_par' dir='ltr' id='par_1_4' title="bbox 412 787 1923 1048">
     <span class='ocr_line' id='line_1_4' title="bbox 412 787 1923 864; baseline 0 -16"><span class='ocrx_word' id='word_1_24' title='bbox 412 787 795 864; x_wconf 83' lang='lat' dir='ltr'>voluntatis,</span> <span class='ocrx_word' id='word_1_25' title='bbox 846 791 1317 854; x_wconf 73' lang='lat' dir='ltr'>concomitante</span> <span class='ocrx_word' id='word_1_26' title='bbox 1374 796 1601 852; x_wconf 87' lang='lat' dir='ltr'>natura</span> <span class='ocrx_word' id='word_1_27' title='bbox 1656 806 1771 850; x_wconf 92' lang='lat' dir='ltr'>seu</span> <span class='ocrx_word' id='word_1_28' title='bbox 1830 805 1923 848; x_wconf 87' lang='lat' dir='ltr'>ra-</span> 
     </span>
     <span class='ocr_line' id='line_1_5' title="bbox 412 884 1923 971; baseline 0.001 -25"><span class='ocrx_word' id='word_1_29' title='bbox 412 885 601 950; x_wconf 88' lang='lat' dir='ltr'>tione</span> <span class='ocrx_word' id='word_1_30' title='bbox 646 896 911 964; x_wconf 78' lang='lat' dir='ltr'>naturae,</span> <span class='ocrx_word' id='word_1_31' title='bbox 959 896 1177 952; x_wconf 89' lang='lat' dir='ltr'>tamen</span> <span class='ocrx_word' id='word_1_32' title='bbox 1224 906 1341 971; x_wconf 88' lang='lat' dir='ltr'>per</span> <span class='ocrx_word' id='word_1_33' title='bbox 1387 887 1651 951; x_wconf 89' lang='lat' dir='ltr'>modum</span> <span class='ocrx_word' id='word_1_34' title='bbox 1698 884 1923 950; x_wconf 85' lang='lat' dir='ltr'>volun-</span> 
     </span>
     <span class='ocr_line' id='line_1_6' title="bbox 412 985 594 1048; baseline 0 -1"><span class='ocrx_word' id='word_1_35' title='bbox 412 985 594 1048; x_wconf 61' lang='lat' dir='ltr'>tatis».</span> 
     </span>
    </p>

    <p class='ocr_par' dir='ltr' id='par_1_5' title="bbox 414 1084 1927 1853">
     <span class='ocr_line' id='line_1_7' title="bbox 500 1084 1925 1168; baseline -0.002 -22"><span class='ocrx_word' id='word_1_36' title='bbox 500 1084 793 1166; x_wconf 78' lang='lat' dir='ltr'>Insuper,</span> <span class='ocrx_word' id='word_1_37' title='bbox 826 1085 995 1148; x_wconf 89' lang='lat' dir='ltr'>sicut</span> <span class='ocrx_word' id='word_1_38' title='bbox 1034 1103 1150 1168; x_wconf 88' lang='lat' dir='ltr'>per</span> <span class='ocrx_word' id='word_1_39' title='bbox 1185 1084 1471 1147; x_wconf 85' lang='lat' dir='ltr'>divinam</span> <span class='ocrx_word' id='word_1_40' title='bbox 1516 1089 1810 1146; x_wconf 85' lang='lat' dir='ltr'>naturam</span> <span class='ocrx_word' id='word_1_41' title='bbox 1852 1087 1925 1143; x_wconf 89' lang='lat' dir='ltr'>ut</span> 
     </span>
     <span class='ocr_line' id='line_1_8' title="bbox 416 1182 1925 1264; baseline -0.002 -20"><span class='ocrx_word' id='word_1_42' title='bbox 416 1199 553 1245; x_wconf 91' lang='lat' dir='ltr'>non</span> <span class='ocrx_word' id='word_1_43' title='bbox 601 1182 681 1245; x_wconf 86' lang='lat' dir='ltr'>ab</span> <span class='ocrx_word' id='word_1_44' title='bbox 728 1182 855 1246; x_wconf 88' lang='lat' dir='ltr'>alio</span> <span class='ocrx_word' id='word_1_45' title='bbox 912 1182 1193 1246; x_wconf 87' lang='lat' dir='ltr'>habitam</span> <span class='ocrx_word' id='word_1_46' title='bbox 1254 1201 1367 1246; x_wconf 88' lang='lat' dir='ltr'>seu</span> <span class='ocrx_word' id='word_1_47' title='bbox 1424 1187 1775 1264; x_wconf 87' lang='lat' dir='ltr'>acceptam,</span> <span class='ocrx_word' id='word_1_48' title='bbox 1824 1186 1925 1242; x_wconf 89' lang='lat' dir='ltr'>est</span> 
     </span>
     <span class='ocr_line' id='line_1_9' title="bbox 415 1279 1925 1364; baseline -0.001 -22"><span class='ocrx_word' id='word_1_49' title='bbox 415 1279 782 1344; x_wconf 74' lang='lat' dir='ltr'>fecunditas</span> <span class='ocrx_word' id='word_1_50' title='bbox 822 1281 889 1344; x_wconf 91' lang='lat' dir='ltr'>in</span> <span class='ocrx_word' id='word_1_51' title='bbox 918 1282 1097 1346; x_wconf 88' lang='lat' dir='ltr'>Patre</span> <span class='ocrx_word' id='word_1_52' title='bbox 1136 1282 1215 1344; x_wconf 88' lang='lat' dir='ltr'>ad</span> <span class='ocrx_word' id='word_1_53' title='bbox 1256 1281 1739 1364; x_wconf 85' lang='lat' dir='ltr'>producendum</span> <span class='ocrx_word' id='word_1_54' title='bbox 1782 1297 1925 1361; x_wconf 87' lang='lat' dir='ltr'>per-</span> 
     </span>
     <span class='ocr_line' id='line_1_10' title="bbox 414 1378 1925 1462; baseline -0.003 -22"><span class='ocrx_word' id='word_1_55' title='bbox 414 1395 645 1440; x_wconf 82' lang='lat' dir='ltr'>sonam</span> <span class='ocrx_word' id='word_1_56' title='bbox 700 1379 983 1443; x_wconf 80' lang='lat' dir='ltr'>divinam</span> <span class='ocrx_word' id='word_1_57' title='bbox 1052 1395 1169 1462; x_wconf 87' lang='lat' dir='ltr'>per</span> <span class='ocrx_word' id='word_1_58' title='bbox 1222 1378 1485 1441; x_wconf 88' lang='lat' dir='ltr'>modum</span> <span class='ocrx_word' id='word_1_59' title='bbox 1554 1383 1795 1440; x_wconf 68' lang='lat' dir='ltr'>naturae</span> <span class='ocrx_word' id='word_1_60' title='bbox 1860 1383 1925 1438; x_wconf 92' lang='lat' dir='ltr'>et</span> 
     </span>
     <span class='ocr_line' id='line_1_11' title="bbox 416 1474 1923 1558; baseline -0.001 -20"><span class='ocrx_word' id='word_1_61' title='bbox 416 1476 501 1538; x_wconf 91' lang='lat' dir='ltr'>de</span> <span class='ocrx_word' id='word_1_62' title='bbox 534 1483 757 1540; x_wconf 88' lang='lat' dir='ltr'>natura</span> <span class='ocrx_word' id='word_1_63' title='bbox 786 1485 859 1540; x_wconf 86' lang='lat' dir='ltr'>ut</span> <span class='ocrx_word' id='word_1_64' title='bbox 882 1485 982 1541; x_wconf 88' lang='lat' dir='ltr'>est</span> <span class='ocrx_word' id='word_1_65' title='bbox 1009 1477 1239 1556; x_wconf 85' lang='lat' dir='ltr'>Patris;</span> <span class='ocrx_word' id='word_1_66' title='bbox 1272 1477 1359 1539; x_wconf 85' lang='lat' dir='ltr'>ita</span> <span class='ocrx_word' id='word_1_67' title='bbox 1386 1493 1501 1558; x_wconf 88' lang='lat' dir='ltr'>per</span> <span class='ocrx_word' id='word_1_68' title='bbox 1530 1474 1923 1539; x_wconf 85' lang='lat' dir='ltr'>voluntatem</span> 
     </span>
     <span class='ocr_line' id='line_1_12' title="bbox 414 1571 1927 1657; baseline 0 -21"><span class='ocrx_word' id='word_1_69' title='bbox 414 1574 709 1639; x_wconf 83' lang='lat' dir='ltr'>divinam</span> <span class='ocrx_word' id='word_1_70' title='bbox 766 1584 839 1638; x_wconf 88' lang='lat' dir='ltr'>ut</span> <span class='ocrx_word' id='word_1_71' title='bbox 892 1593 1024 1640; x_wconf 89' lang='lat' dir='ltr'>non</span> <span class='ocrx_word' id='word_1_72' title='bbox 1076 1581 1407 1657; x_wconf 83' lang='lat' dir='ltr'>acceptam</span> <span class='ocrx_word' id='word_1_73' title='bbox 1464 1592 1581 1656; x_wconf 89' lang='lat' dir='ltr'>per</span> <span class='ocrx_word' id='word_1_74' title='bbox 1636 1571 1927 1656; x_wconf 88' lang='lat' dir='ltr'>spiratio-</span> 
     </span>
     <span class='ocr_line' id='line_1_13' title="bbox 417 1669 1923 1748; baseline -0.002 -13"><span class='ocrx_word' id='word_1_75' title='bbox 417 1691 599 1748; x_wconf 88' lang='lat' dir='ltr'>nem,</span> <span class='ocrx_word' id='word_1_76' title='bbox 644 1679 741 1735; x_wconf 86' lang='lat' dir='ltr'>est</span> <span class='ocrx_word' id='word_1_77' title='bbox 796 1672 1155 1736; x_wconf 76' lang='lat' dir='ltr'>fecunditas</span> <span class='ocrx_word' id='word_1_78' title='bbox 1204 1673 1269 1734; x_wconf 89' lang='lat' dir='ltr'>in</span> <span class='ocrx_word' id='word_1_79' title='bbox 1318 1672 1496 1735; x_wconf 83' lang='lat' dir='ltr'>Patre</span> <span class='ocrx_word' id='word_1_80' title='bbox 1538 1678 1604 1734; x_wconf 89' lang='lat' dir='ltr'>et</span> <span class='ocrx_word' id='word_1_81' title='bbox 1644 1669 1806 1734; x_wconf 80' lang='lat' dir='ltr'>Filio</span> <span class='ocrx_word' id='word_1_82' title='bbox 1845 1670 1923 1732; x_wconf 89' lang='lat' dir='ltr'>ad</span> 
     </span>
     <span class='ocr_line' id='line_1_14' title="bbox 416 1769 1926 1853; baseline -0.001 -21"><span class='ocrx_word' id='word_1_83' title='bbox 416 1769 911 1852; x_wconf 86' lang='lat' dir='ltr'>producendum</span> <span class='ocrx_word' id='word_1_84' title='bbox 956 1789 1297 1853; x_wconf 89' lang='lat' dir='ltr'>personam</span> <span class='ocrx_word' id='word_1_85' title='bbox 1348 1789 1463 1853; x_wconf 91' lang='lat' dir='ltr'>per</span> <span class='ocrx_word' id='word_1_86' title='bbox 1510 1769 1773 1833; x_wconf 88' lang='lat' dir='ltr'>modum</span> <span class='ocrx_word' id='word_1_87' title='bbox 1821 1785 1926 1832; x_wconf 89' lang='lat' dir='ltr'>vo-</span> 
     </span>
    </p>
   </div>
   <div class='ocr_carea' id='block_1_5' title="bbox 2034 787 3537 968">
    <p class='ocr_par' dir='ltr' id='par_1_6' title="bbox 2034 787 3537 968">
     <span class='ocr_line' id='line_1_15' title="bbox 2034 787 3537 870; baseline 0.001 -22"><span class='ocrx_word' id='word_1_88' title='bbox 2034 787 2147 849; x_wconf 89' lang='lat' dir='ltr'>sed</span> <span class='ocrx_word' id='word_1_89' title='bbox 2205 787 2406 851; x_wconf 86' lang='lat' dir='ltr'>veluti</span> <span class='ocrx_word' id='word_1_90' title='bbox 2465 805 2580 870; x_wconf 90' lang='lat' dir='ltr'>per</span> <span class='ocrx_word' id='word_1_91' title='bbox 2623 787 2986 852; x_wconf 78' lang='lat' dir='ltr'>affectionis</span> <span class='ocrx_word' id='word_1_92' title='bbox 3037 787 3354 852; x_wconf 81' lang='lat' dir='ltr'>illocalem</span> <span class='ocrx_word' id='word_1_93' title='bbox 3401 795 3537 850; x_wconf 88' lang='lat' dir='ltr'>ten-</span> 
     </span>
     <span class='ocr_line' id='line_1_16' title="bbox 2036 884 2902 968; baseline 0.002 -22"><span class='ocrx_word' id='word_1_94' title='bbox 2036 884 2324 949; x_wconf 89' lang='lat' dir='ltr'>dentiam</span> <span class='ocrx_word' id='word_1_95' title='bbox 2365 903 2482 949; x_wconf 87' lang='lat' dir='ltr'>seu</span> <span class='ocrx_word' id='word_1_96' title='bbox 2527 885 2902 968; x_wconf 88' lang='lat' dir='ltr'>impulsum.</span> 
     </span>
    </p>
   </div>
   <div class='ocr_carea' id='block_1_6' title="bbox 2427 1095 3138 1162">
    <p class='ocr_par' dir='ltr' id='par_1_7' title="bbox 2427 1095 3138 1162">
     <span class='ocr_line' id='line_1_17' title="bbox 2427 1095 3138 1162; baseline 0.001 -3"><span class='ocrx_word' id='word_1_97' title='bbox 2427 1095 2948 1162; x_wconf 88' lang='lat' dir='ltr'>PROPOSITIO</span> <span class='ocrx_word' id='word_1_98' title='bbox 2993 1097 3138 1160; x_wconf 86' lang='lat' dir='ltr'>XL.</span> 
     </span>
    </p>
   </div>
   <div class='ocr_carea' id='block_1_7' title="bbox 2034 1277 3540 1846">
    <p class='ocr_par' dir='ltr' id='par_1_8' title="bbox 2034 1277 3540 1846">
     <span class='ocr_line' id='line_1_18' title="bbox 2114 1277 3539 1361; baseline 0.001 -17"><span class='ocrx_word' id='word_1_99' title='bbox 2114 1277 2365 1345; x_wconf 83' lang='lat' dir='ltr'>Amor</span> <span class='ocrx_word' id='word_1_100' title='bbox 2392 1279 2479 1345; x_wconf 78' lang='lat' dir='ltr'>tn</span> <span class='ocrx_word' id='word_1_101' title='bbox 2509 1277 2814 1346; x_wconf 63' lang='lat' dir='ltr'>divinis</span> <span class='ocrx_word' id='word_1_102' title='bbox 2841 1280 3278 1361; x_wconf 73' lang='lat' dir='ltr'>mpliciter</span> <span class='ocrx_word' id='word_1_103' title='bbox 3303 1282 3539 1346; x_wconf 78' lang='lat' dir='ltr'>sumi-</span> 
     </span>
     <span class='ocr_line' id='line_1_19' title="bbox 2034 1378 3538 1460; baseline 0.003 -18"><span class='ocrx_word' id='word_1_104' title='bbox 2034 1379 2196 1458; x_wconf 88' lang='lat' dir='ltr'>tur,</span> <span class='ocrx_word' id='word_1_105' title='bbox 2227 1378 2550 1458; x_wconf 84' lang='lat' dir='ltr'>utpote:</span> <span class='ocrx_word' id='word_1_106' title='bbox 2581 1379 3142 1460; x_wconf 79' lang='lat' dir='ltr'>essentianter,</span> <span class='ocrx_word' id='word_1_107' title='bbox 3175 1381 3258 1446; x_wconf 91' lang='lat' dir='ltr'>et</span> <span class='ocrx_word' id='word_1_108' title='bbox 3283 1381 3538 1446; x_wconf 76' lang='lat' dir='ltr'>notio-</span> 
     </span>
     <span class='ocr_line' id='line_1_20' title="bbox 2037 1475 3536 1558; baseline 0.002 -17"><span class='ocrx_word' id='word_1_109' title='bbox 2037 1475 2356 1556; x_wconf 83' lang='lat' dir='ltr'>naliter,</span> <span class='ocrx_word' id='word_1_110' title='bbox 2416 1489 2508 1543; x_wconf 87' lang='lat' dir='ltr'>ac</span> <span class='ocrx_word' id='word_1_111' title='bbox 2566 1477 2915 1544; x_wconf 78' lang='lat' dir='ltr'>relative</span> <span class='ocrx_word' id='word_1_112' title='bbox 2969 1491 3113 1544; x_wconf 86' lang='lat' dir='ltr'>seu</span> <span class='ocrx_word' id='word_1_113' title='bbox 3169 1491 3536 1558; x_wconf 82' lang='lat' dir='ltr'>persona-</span> 
     </span>
     <span class='ocr_line' id='line_1_21' title="bbox 2034 1573 3540 1756; baseline 0.002 -23"><span class='ocrx_word' id='word_1_114' title='bbox 2034 1573 2294 1745; x_wconf 45' lang='lat' dir='ltr'>nzenfod</span> <span class='ocrx_word' id='word_1_115' title='bbox 2325 1678 2442 1746; x_wconf 91' lang='lat' dir='ltr'>est,</span> <span class='ocrx_word' id='word_1_116' title='bbox 2477 1673 2782 1754; x_wconf 90' lang='lat' dir='ltr'>quoniam</span> <span class='ocrx_word' id='word_1_117' title='bbox 2813 1673 3022 1737; x_wconf 89' lang='lat' dir='ltr'>omnis</span> <span class='ocrx_word' id='word_1_118' title='bbox 3053 1672 3364 1756; x_wconf 84' lang='lat' dir='ltr'>perfectio</span> <span class='ocrx_word' id='word_1_119' title='bbox 3394 1691 3540 1736; x_wconf 89' lang='lat' dir='ltr'>con·</span> 
     </span>
     <span class='ocr_line' id='line_1_22' title="bbox 2035 1769 3538 1846; baseline 0.003 -15"><span class='ocrx_word' id='word_1_120' title='bbox 2035 1769 2216 1832; x_wconf 82' lang='lat' dir='ltr'>venit</span> <span class='ocrx_word' id='word_1_121' title='bbox 2256 1770 2386 1834; x_wconf 89' lang='lat' dir='ltr'>Deo</span> <span class='ocrx_word' id='word_1_122' title='bbox 2429 1787 2442 1834; x_wconf 92' lang='lat'><strong>:</strong></span> <span class='ocrx_word' id='word_1_123' title='bbox 2489 1771 2728 1836; x_wconf 89' lang='lat' dir='ltr'>idcirco</span> <span class='ocrx_word' id='word_1_124' title='bbox 2767 1779 2832 1836; x_wconf 91' lang='lat' dir='ltr'>et</span> <span class='ocrx_word' id='word_1_125' title='bbox 2874 1789 3075 1846; x_wconf 87' lang='lat' dir='ltr'>amor,</span> <span class='ocrx_word' id='word_1_126' title='bbox 3117 1771 3378 1836; x_wconf 86' lang='lat' dir='ltr'>dilectio</span> <span class='ocrx_word' id='word_1_127' title='bbox 3425 1791 3538 1836; x_wconf 89' lang='lat' dir='ltr'>seu</span> 
     </span>
    </p>
   </div>
   <div class='ocr_carea' id='block_1_8' title="bbox 420 1865 3538 1950">
    <p class='ocr_par' dir='ltr' id='par_1_9' title="bbox 420 1865 3538 1950">
     <span class='ocr_line' id='line_1_23' title="bbox 420 1865 3538 1950; baseline 0.001 -19"><span class='ocrx_word' id='word_1_128' title='bbox 420 1869 711 1944; x_wconf 85' lang='lat' dir='ltr'>luntatis,</span> <span class='ocrx_word' id='word_1_129' title='bbox 757 1869 835 1931; x_wconf 94' lang='lat' dir='ltr'>de</span> <span class='ocrx_word' id='word_1_130' title='bbox 885 1876 1113 1932; x_wconf 81' lang='lat' dir='ltr'>natura</span> <span class='ocrx_word' id='word_1_131' title='bbox 1156 1876 1227 1931; x_wconf 86' lang='lat' dir='ltr'>ut</span> <span class='ocrx_word' id='word_1_132' title='bbox 1268 1875 1369 1932; x_wconf 88' lang='lat' dir='ltr'>est</span> <span class='ocrx_word' id='word_1_133' title='bbox 1407 1868 1607 1931; x_wconf 86' lang='lat' dir='ltr'>Patris</span> <span class='ocrx_word' id='word_1_134' title='bbox 1650 1874 1714 1930; x_wconf 90' lang='lat' dir='ltr'>et</span> <span class='ocrx_word' id='word_1_135' title='bbox 1754 1865 1921 1940; x_wconf 83' lang='lat' dir='ltr'>Filii,</span> <span class='ocrx_word' id='word_1_136' title='bbox 1960 1865 2009 1930; x_wconf 92' lang='lat' dir='ltr'>B</span> <span class='ocrx_word' id='word_1_137' title='bbox 2038 1867 2286 1930; x_wconf 79' lang='lat' dir='ltr'>caritas,</span> <span class='ocrx_word' id='word_1_138' title='bbox 2315 1867 2546 1950; x_wconf 91' lang='lat' dir='ltr'>Sicque</span> <span class='ocrx_word' id='word_1_139' title='bbox 2575 1887 2756 1932; x_wconf 87' lang='lat' dir='ltr'>amor</span> <span class='ocrx_word' id='word_1_140' title='bbox 2781 1868 3070 1932; x_wconf 86' lang='lat' dir='ltr'>absolute</span> <span class='ocrx_word' id='word_1_141' title='bbox 3101 1871 3538 1934; x_wconf 86' lang='lat' dir='ltr'>consideratus</span> 
     </span>
    </p>
   </div>
   <div class='ocr_carea' id='block_1_9' title="bbox 413 1965 1925 3031">
    <p class='ocr_par' dir='ltr' id='par_1_10' title="bbox 413 1965 1925 3031">
     <span class='ocr_line' id='line_1_24' title="bbox 418 1965 1925 2050; baseline -0.001 -20"><span class='ocrx_word' id='word_1_142' title='bbox 418 1986 555 2030; x_wconf 88' lang='lat' dir='ltr'>non</span> <span class='ocrx_word' id='word_1_143' title='bbox 600 1985 713 2050; x_wconf 88' lang='lat' dir='ltr'>per</span> <span class='ocrx_word' id='word_1_144' title='bbox 754 1967 1015 2030; x_wconf 88' lang='lat' dir='ltr'>modum</span> <span class='ocrx_word' id='word_1_145' title='bbox 1052 1975 1313 2030; x_wconf 62' lang='lat' dir='ltr'>naturai.</span> <span class='ocrx_word' id='word_1_146' title='bbox 1350 1965 1587 2028; x_wconf 85' lang='lat' dir='ltr'>Eadem</span> <span class='ocrx_word' id='word_1_147' title='bbox 1624 1981 1779 2047; x_wconf 77' lang='lat' dir='ltr'>ergo</span> <span class='ocrx_word' id='word_1_148' title='bbox 1816 1983 1925 2028; x_wconf 89' lang='lat' dir='ltr'>na·</span> 
     </span>
     <span class='ocr_line' id='line_1_25' title="bbox 416 2063 1924 2148; baseline -0.001 -20"><span class='ocrx_word' id='word_1_149' title='bbox 416 2075 569 2128; x_wconf 85' lang='lat' dir='ltr'>tura</span> <span class='ocrx_word' id='word_1_150' title='bbox 622 2065 735 2128; x_wconf 85' lang='lat' dir='ltr'>nei</span> <span class='ocrx_word' id='word_1_151' title='bbox 790 2083 935 2148; x_wconf 76' lang='lat' dir='ltr'>quoe</span> <span class='ocrx_word' id='word_1_152' title='bbox 990 2071 1088 2128; x_wconf 89' lang='lat' dir='ltr'>est</span> <span class='ocrx_word' id='word_1_153' title='bbox 1142 2065 1221 2128; x_wconf 92' lang='lat' dir='ltr'>de</span> <span class='ocrx_word' id='word_1_154' title='bbox 1268 2065 1513 2128; x_wconf 87' lang='lat' dir='ltr'>ratione</span> <span class='ocrx_word' id='word_1_155' title='bbox 1562 2063 1924 2126; x_wconf 87' lang='lat' dir='ltr'>intellectus</span> 
     </span>
     <span class='ocr_line' id='line_1_26' title="bbox 416 2161 1925 2246; baseline -0.001 -20"><span class='ocrx_word' id='word_1_156' title='bbox 416 2181 497 2226; x_wconf 83' lang='lat' dir='ltr'>ac</span> <span class='ocrx_word' id='word_1_157' title='bbox 557 2163 903 2227; x_wconf 84' lang='lat' dir='ltr'>voluntatis</span> <span class='ocrx_word' id='word_1_158' title='bbox 961 2163 1187 2246; x_wconf 88' lang='lat' dir='ltr'>ipsius,</span> <span class='ocrx_word' id='word_1_159' title='bbox 1247 2170 1318 2225; x_wconf 90' lang='lat' dir='ltr'>ut</span> <span class='ocrx_word' id='word_1_160' title='bbox 1374 2170 1472 2226; x_wconf 87' lang='lat' dir='ltr'>est</span> <span class='ocrx_word' id='word_1_161' title='bbox 1536 2163 1615 2225; x_wconf 91' lang='lat' dir='ltr'>de</span> <span class='ocrx_word' id='word_1_162' title='bbox 1680 2161 1925 2226; x_wconf 87' lang='lat' dir='ltr'>ratione</span> 
     </span>
     <span class='ocr_line' id='line_1_27' title="bbox 416 2260 1921 2346; baseline -0.002 -22"><span class='ocrx_word' id='word_1_163' title='bbox 416 2263 811 2336; x_wconf 87' lang='lat' dir='ltr'>intellectus,</span> <span class='ocrx_word' id='word_1_164' title='bbox 860 2270 960 2326; x_wconf 88' lang='lat' dir='ltr'>est</span> <span class='ocrx_word' id='word_1_165' title='bbox 1016 2261 1179 2326; x_wconf 86' lang='lat' dir='ltr'>ratio</span> <span class='ocrx_word' id='word_1_166' title='bbox 1224 2260 1661 2346; x_wconf 82' lang='lat' dir='ltr'>productionis</span> <span class='ocrx_word' id='word_1_167' title='bbox 1708 2261 1852 2324; x_wconf 82' lang='lat' dir='ltr'>Filii</span> <span class='ocrx_word' id='word_1_168' title='bbox 1906 2275 1921 2322; x_wconf 73' lang='grc' dir='ltr'>ε</span> 
     </span>
     <span class='ocr_line' id='line_1_28' title="bbox 414 2359 1925 2444; baseline -0.003 -19"><span class='ocrx_word' id='word_1_169' title='bbox 414 2381 569 2444; x_wconf 74' lang='lat' dir='ltr'>quae</span> <span class='ocrx_word' id='word_1_170' title='bbox 597 2361 933 2444; x_wconf 88' lang='lat' dir='ltr'>productio</span> <span class='ocrx_word' id='word_1_171' title='bbox 969 2359 1053 2423; x_wconf 89' lang='lat' dir='ltr'>ob</span> <span class='ocrx_word' id='word_1_172' title='bbox 1090 2359 1525 2424; x_wconf 85' lang='lat' dir='ltr'>omnimodam</span> <span class='ocrx_word' id='word_1_173' title='bbox 1564 2377 1747 2422; x_wconf 85' lang='lat' dir='ltr'>suam</span> <span class='ocrx_word' id='word_1_174' title='bbox 1784 2377 1925 2442; x_wconf 88' lang='lat' dir='ltr'>per-</span> 
     </span>
     <span class='ocr_line' id='line_1_29' title="bbox 416 2456 1925 2541; baseline -0.001 -19"><span class='ocrx_word' id='word_1_175' title='bbox 416 2459 767 2522; x_wconf 86' lang='lat' dir='ltr'>fectionem</span> <span class='ocrx_word' id='word_1_176' title='bbox 815 2458 1107 2541; x_wconf 75' lang='lat' dir='ltr'>adaequat</span> <span class='ocrx_word' id='word_1_177' title='bbox 1152 2465 1349 2522; x_wconf 87' lang='lat' dir='ltr'>totam</span> <span class='ocrx_word' id='word_1_178' title='bbox 1402 2464 1643 2521; x_wconf 67' lang='lat' dir='ltr'>naturai</span> <span class='ocrx_word' id='word_1_179' title='bbox 1690 2456 1925 2520; x_wconf 64' lang='lat' dir='ltr'>divinas</span> 
     </span>
     <span class='ocr_line' id='line_1_30' title="bbox 415 2555 1923 2640; baseline 0.001 -22"><span class='ocrx_word' id='word_1_180' title='bbox 415 2557 749 2620; x_wconf 84' lang='lat' dir='ltr'>virtutem.</span> <span class='ocrx_word' id='word_1_181' title='bbox 812 2556 961 2621; x_wconf 86' lang='lat' dir='ltr'>Ideo</span> <span class='ocrx_word' id='word_1_182' title='bbox 1026 2555 1426 2640; x_wconf 88' lang='lat' dir='ltr'>impossibile</span> <span class='ocrx_word' id='word_1_183' title='bbox 1492 2563 1591 2618; x_wconf 90' lang='lat' dir='ltr'>est</span> <span class='ocrx_word' id='word_1_184' title='bbox 1641 2555 1923 2638; x_wconf 87' lang='lat' dir='ltr'>aliquam</span> 
     </span>
     <span class='ocr_line' id='line_1_31' title="bbox 418 2652 1923 2738; baseline -0.001 -20"><span class='ocrx_word' id='word_1_185' title='bbox 418 2673 765 2738; x_wconf 86' lang='lat' dir='ltr'>personam</span> <span class='ocrx_word' id='word_1_186' title='bbox 794 2671 1093 2718; x_wconf 86' lang='lat' dir='ltr'>emanare</span> <span class='ocrx_word' id='word_1_187' title='bbox 1132 2673 1247 2737; x_wconf 89' lang='lat' dir='ltr'>per</span> <span class='ocrx_word' id='word_1_188' title='bbox 1276 2653 1541 2717; x_wconf 89' lang='lat' dir='ltr'>modum</span> <span class='ocrx_word' id='word_1_189' title='bbox 1577 2652 1923 2718; x_wconf 87' lang='lat' dir='ltr'>voluntatis</span> 
     </span>
     <span class='ocr_line' id='line_1_32' title="bbox 418 2751 1923 2834; baseline -0.001 -18"><span class='ocrx_word' id='word_1_190' title='bbox 418 2761 497 2816; x_wconf 88' lang='lat' dir='ltr'>nt</span> <span class='ocrx_word' id='word_1_191' title='bbox 539 2753 913 2816; x_wconf 87' lang='lat' dir='ltr'>naturaliter</span> <span class='ocrx_word' id='word_1_192' title='bbox 950 2761 1199 2816; x_wconf 86' lang='lat' dir='ltr'>tantum</span> <span class='ocrx_word' id='word_1_193' title='bbox 1238 2751 1511 2834; x_wconf 74' lang='lat' dir='ltr'>agentiS,</span> <span class='ocrx_word' id='word_1_194' title='bbox 1542 2752 1653 2814; x_wconf 93' lang='lat' dir='ltr'>sed</span> <span class='ocrx_word' id='word_1_195' title='bbox 1694 2751 1923 2814; x_wconf 89' lang='lat' dir='ltr'>libera-</span> 
     </span>
     <span class='ocr_line' id='line_1_33' title="bbox 418 2849 1923 2934; baseline -0.001 -20"><span class='ocrx_word' id='word_1_196' title='bbox 418 2852 576 2915; x_wconf 86' lang='lat' dir='ltr'>liter</span> <span class='ocrx_word' id='word_1_197' title='bbox 604 2851 833 2934; x_wconf 89' lang='lat' dir='ltr'>potius‚</span> <span class='ocrx_word' id='word_1_198' title='bbox 856 2851 1099 2914; x_wconf 85' lang='lat' dir='ltr'>directe</span> <span class='ocrx_word' id='word_1_199' title='bbox 1125 2859 1191 2914; x_wconf 91' lang='lat' dir='ltr'>et</span> <span class='ocrx_word' id='word_1_200' title='bbox 1222 2849 1611 2925; x_wconf 73' lang='lat' dir='ltr'>immediate,</span> <span class='ocrx_word' id='word_1_201' title='bbox 1642 2857 1923 2914; x_wconf 84' lang='lat' dir='ltr'>attamen</span> 
     </span>
     <span class='ocr_line' id='line_1_34' title="bbox 413 2947 1924 3031; baseline -0.002 -18"><span class='ocrx_word' id='word_1_202' title='bbox 413 2950 619 3014; x_wconf 87' lang='lat' dir='ltr'>etiam</span> <span class='ocrx_word' id='word_1_203' title='bbox 676 2949 1051 3013; x_wconf 82' lang='lat' dir='ltr'>naturaliter</span> <span class='ocrx_word' id='word_1_204' title='bbox 1104 2967 1184 3012; x_wconf 84' lang='lat' dir='ltr'>ex</span> <span class='ocrx_word' id='word_1_205' title='bbox 1242 2947 1681 3031; x_wconf 86' lang='lat' dir='ltr'>consequenti,</span> <span class='ocrx_word' id='word_1_206' title='bbox 1734 2955 1924 3031; x_wconf 87' lang='lat' dir='ltr'>prout</span> 
     </span>
    </p>
   </div>
   <div class='ocr_carea' id='block_1_10' title="bbox 2034 1967 3538 2344">
    <p class='ocr_par' dir='ltr' id='par_1_11' title="bbox 2034 1967 3538 2344">
     <span class='ocr_line' id='line_1_35' title="bbox 2036 1967 3538 2051; baseline 0.003 -23"><span class='ocrx_word' id='word_1_207' title='bbox 2036 1967 2340 2028; x_wconf 84' lang='lat' dir='ltr'>convenit</span> <span class='ocrx_word' id='word_1_208' title='bbox 2384 1967 2736 2050; x_wconf 88' lang='lat' dir='ltr'>unicuique</span> <span class='ocrx_word' id='word_1_209' title='bbox 2783 1967 3018 2032; x_wconf 79' lang='lat' dir='ltr'>divinoe</span> <span class='ocrx_word' id='word_1_210' title='bbox 3064 1987 3374 2051; x_wconf 83' lang='lat' dir='ltr'>personae,</span> <span class='ocrx_word' id='word_1_211' title='bbox 3419 1987 3538 2032; x_wconf 91' lang='lat' dir='ltr'>nec</span> 
     </span>
     <span class='ocr_line' id='line_1_36' title="bbox 2034 2064 3535 2149; baseline 0.003 -22"><span class='ocrx_word' id='word_1_212' title='bbox 2034 2064 2192 2128; x_wconf 92' lang='lat' dir='ltr'>dicit</span> <span class='ocrx_word' id='word_1_213' title='bbox 2221 2064 2594 2129; x_wconf 80' lang='lat' dir='ltr'>relationem</span> <span class='ocrx_word' id='word_1_214' title='bbox 2625 2066 2862 2130; x_wconf 87' lang='lat' dir='ltr'>realem</span> <span class='ocrx_word' id='word_1_215' title='bbox 2893 2085 3014 2130; x_wconf 92' lang='lat' dir='ltr'>nec</span> <span class='ocrx_word' id='word_1_216' title='bbox 3043 2067 3535 2149; x_wconf 81' lang='lat' dir='ltr'>processionem,</span> 
     </span>
     <span class='ocr_line' id='line_1_37' title="bbox 2034 2163 3534 2248; baseline 0.001 -22"><span class='ocrx_word' id='word_1_217' title='bbox 2034 2170 2097 2226; x_wconf 91' lang='lat' dir='ltr'>et</span> <span class='ocrx_word' id='word_1_218' title='bbox 2125 2168 2256 2226; x_wconf 87' lang='lat' dir='ltr'>tam</span> <span class='ocrx_word' id='word_1_219' title='bbox 2288 2163 2430 2228; x_wconf 79' lang='lat' dir='ltr'>duae</span> <span class='ocrx_word' id='word_1_220' title='bbox 2459 2183 2652 2246; x_wconf 89' lang='lat' dir='ltr'>quam</span> <span class='ocrx_word' id='word_1_221' title='bbox 2681 2171 2810 2228; x_wconf 87' lang='lat' dir='ltr'>tres</span> <span class='ocrx_word' id='word_1_222' title='bbox 2841 2165 3036 2228; x_wconf 88' lang='lat' dir='ltr'>simul</span> <span class='ocrx_word' id='word_1_223' title='bbox 3066 2173 3367 2248; x_wconf 82' lang='lat' dir='ltr'>acceptae,</span> <span class='ocrx_word' id='word_1_224' title='bbox 3387 2173 3534 2229; x_wconf 89' lang='lat' dir='ltr'>sunt</span> 
     </span>
     <span class='ocr_line' id='line_1_38' title="bbox 2035 2262 3531 2344; baseline 0.002 -20"><span class='ocrx_word' id='word_1_225' title='bbox 2035 2279 2202 2324; x_wconf 88' lang='lat' dir='ltr'>unus</span> <span class='ocrx_word' id='word_1_226' title='bbox 2231 2279 2411 2324; x_wconf 91' lang='lat' dir='ltr'>amor</span> <span class='ocrx_word' id='word_1_227' title='bbox 2438 2281 2512 2325; x_wconf 86' lang='lat' dir='ltr'>ac</span> <span class='ocrx_word' id='word_1_228' title='bbox 2549 2262 2774 2326; x_wconf 87' lang='lat' dir='ltr'>eadem</span> <span class='ocrx_word' id='word_1_229' title='bbox 2813 2263 3064 2339; x_wconf 64' lang='lat' dir='ltr'>caritas),</span> <span class='ocrx_word' id='word_1_230' title='bbox 3094 2263 3277 2344; x_wconf 85' lang='lat' dir='ltr'>juxta</span> <span class='ocrx_word' id='word_1_231' title='bbox 3315 2263 3474 2326; x_wconf 88' lang='lat' dir='ltr'>illud</span> <span class='ocrx_word' id='word_1_232' title='bbox 3516 2281 3531 2327; x_wconf 91' lang='lat'><strong>:</strong></span> 
     </span>
    </p>
   </div>
   <div class='ocr_carea' id='block_1_11' title="bbox 2032 2359 3831 2542">
    <p class='ocr_par' dir='ltr' id='par_1_12' title="bbox 2032 2359 3831 2542">
     <span class='ocr_line' id='line_1_39' title="bbox 2034 2359 3831 2444; baseline 0.003 -22"><span class='ocrx_word' id='word_1_233' title='bbox 2034 2359 2202 2422; x_wconf 90' lang='lat' dir='ltr'>Deus</span> <span class='ocrx_word' id='word_1_234' title='bbox 2232 2361 2461 2423; x_wconf 82' lang='lat' dir='ltr'>caritas</span> <span class='ocrx_word' id='word_1_235' title='bbox 2491 2368 2606 2422; x_wconf 85' lang='lat' dir='ltr'>est.</span> <span class='ocrx_word' id='word_1_236' title='bbox 2641 2359 2717 2423; x_wconf 84' lang='lat' dir='ltr'>Et</span> <span class='ocrx_word' id='word_1_237' title='bbox 2745 2361 2914 2424; x_wconf 90' lang='lat' dir='ltr'>sicut</span> <span class='ocrx_word' id='word_1_238' title='bbox 2943 2361 3255 2444; x_wconf 87' lang='lat' dir='ltr'>sapientia</span> <span class='ocrx_word' id='word_1_239' title='bbox 3285 2362 3398 2426; x_wconf 91' lang='lat' dir='ltr'>Dei</span> <span class='ocrx_word' id='word_1_240' title='bbox 3437 2370 3533 2426; x_wconf 85' lang='lat' dir='ltr'>est</span> <span class='ocrx_word' id='word_1_241' title='bbox 3564 2383 3831 2437; x_wconf 61' lang='grc' dir='ltr'>υοωιων,</span> 
     </span>
     <span class='ocr_line' id='line_1_40' title="bbox 2032 2450 3690 2542; baseline 0.001 -22"><span class='ocrx_word' id='word_1_242' title='bbox 2032 2457 2178 2538; x_wconf 81' lang='lat' dir='ltr'>ejus</span> <span class='ocrx_word' id='word_1_243' title='bbox 2205 2459 2505 2531; x_wconf 86' lang='lat' dir='ltr'>essentia,</span> <span class='ocrx_word' id='word_1_244' title='bbox 2539 2459 2626 2520; x_wconf 86' lang='lat' dir='ltr'>ita</span> <span class='ocrx_word' id='word_1_245' title='bbox 2661 2466 2725 2522; x_wconf 89' lang='lat' dir='ltr'>et</span> <span class='ocrx_word' id='word_1_246' title='bbox 2761 2476 2942 2523; x_wconf 89' lang='lat' dir='ltr'>amor</span> <span class='ocrx_word' id='word_1_247' title='bbox 2971 2479 3084 2523; x_wconf 87' lang='lat' dir='ltr'>seu</span> <span class='ocrx_word' id='word_1_248' title='bbox 3125 2461 3354 2524; x_wconf 86' lang='lat' dir='ltr'>caritas</span> <span class='ocrx_word' id='word_1_249' title='bbox 3392 2461 3532 2542; x_wconf 84' lang='lat' dir='ltr'>ejus</span> <span class='ocrx_word' id='word_1_250' title='bbox 3561 2450 3602 2502; x_wconf 78' lang='lat'>⁸¹</span> <span class='ocrx_word' id='word_1_251' title='bbox 3623 2451 3690 2492; x_wconf 78' lang='lat'>¹⁶·</span> 
     </span>
    </p>
   </div>
   <div class='ocr_carea' id='block_1_12' title="bbox 2030 2554 3538 3034">
    <p class='ocr_par' dir='ltr' id='par_1_13' title="bbox 2030 2554 3538 3034">
     <span class='ocr_line' id='line_1_41' title="bbox 2032 2554 3534 2642; baseline 0.003 -24"><span class='ocrx_word' id='word_1_252' title='bbox 2032 2554 2323 2620; x_wconf 88' lang='lat' dir='ltr'>absolute</span> <span class='ocrx_word' id='word_1_253' title='bbox 2361 2565 2425 2620; x_wconf 93' lang='lat' dir='ltr'>et</span> <span class='ocrx_word' id='word_1_254' title='bbox 2465 2557 2892 2622; x_wconf 88' lang='lat' dir='ltr'>essentialiter</span> <span class='ocrx_word' id='word_1_255' title='bbox 2932 2567 3206 2642; x_wconf 81' lang='lat' dir='ltr'>sumpta.</span> <span class='ocrx_word' id='word_1_256' title='bbox 3242 2559 3534 2623; x_wconf 89' lang='lat' dir='ltr'>Secundo</span> 
     </span>
     <span class='ocr_line' id='line_1_42' title="bbox 2030 2655 3535 2740; baseline 0.003 -24"><span class='ocrx_word' id='word_1_257' title='bbox 2030 2655 2350 2736; x_wconf 73' lang='lat' dir='ltr'>accipitur</span> <span class='ocrx_word' id='word_1_258' title='bbox 2377 2655 2804 2730; x_wconf 87' lang='lat' dir='ltr'>notionaliter,</span> <span class='ocrx_word' id='word_1_259' title='bbox 2823 2666 2888 2720; x_wconf 92' lang='lat' dir='ltr'>et</span> <span class='ocrx_word' id='word_1_260' title='bbox 2917 2657 3004 2720; x_wconf 87' lang='lat' dir='ltr'>ita</span> <span class='ocrx_word' id='word_1_261' title='bbox 3031 2658 3320 2740; x_wconf 78' lang='lat' dir='ltr'>designat</span> <span class='ocrx_word' id='word_1_262' title='bbox 3349 2658 3535 2721; x_wconf 89' lang='lat' dir='ltr'>ratio-</span> 
     </span>
     <span class='ocr_line' id='line_1_43' title="bbox 2034 2753 3532 2839; baseline 0.003 -25"><span class='ocrx_word' id='word_1_263' title='bbox 2034 2771 2182 2815; x_wconf 90' lang='lat' dir='ltr'>nem</span> <span class='ocrx_word' id='word_1_264' title='bbox 2215 2753 2644 2835; x_wconf 85' lang='lat' dir='ltr'>processionis</span> <span class='ocrx_word' id='word_1_265' title='bbox 2674 2772 2960 2837; x_wconf 83' lang='lat' dir='ltr'>personae</span> <span class='ocrx_word' id='word_1_266' title='bbox 2990 2755 3266 2839; x_wconf 85' lang='lat' dir='ltr'>Spiritus</span> <span class='ocrx_word' id='word_1_267' title='bbox 3297 2756 3532 2828; x_wconf 81' lang='lat' dir='ltr'>Sancti,</span> 
     </span>
     <span class='ocr_line' id='line_1_44' title="bbox 2032 2851 3536 2935; baseline 0.003 -23"><span class='ocrx_word' id='word_1_268' title='bbox 2032 2857 2258 2933; x_wconf 87' lang='lat' dir='ltr'>estque</span> <span class='ocrx_word' id='word_1_269' title='bbox 2319 2851 2456 2934; x_wconf 87' lang='lat' dir='ltr'>ipsa</span> <span class='ocrx_word' id='word_1_270' title='bbox 2501 2853 2866 2916; x_wconf 88' lang='lat' dir='ltr'>communis</span> <span class='ocrx_word' id='word_1_271' title='bbox 2913 2853 3179 2935; x_wconf 79' lang='lat' dir='ltr'>spiratio</span> <span class='ocrx_word' id='word_1_272' title='bbox 3223 2853 3536 2918; x_wconf 85' lang='lat' dir='ltr'>exsistens</span> 
     </span>
     <span class='ocr_line' id='line_1_45' title="bbox 2038 2947 3538 3034; baseline 0.002 -23"><span class='ocrx_word' id='word_1_273' title='bbox 2038 2947 2101 3012; x_wconf 90' lang='lat' dir='ltr'>in</span> <span class='ocrx_word' id='word_1_274' title='bbox 2132 2949 2312 3012; x_wconf 86' lang='lat' dir='ltr'>Patre</span> <span class='ocrx_word' id='word_1_275' title='bbox 2339 2957 2405 3012; x_wconf 88' lang='lat' dir='ltr'>et</span> <span class='ocrx_word' id='word_1_276' title='bbox 2433 2949 2614 3024; x_wconf 80' lang='lat' dir='ltr'>Filio,</span> <span class='ocrx_word' id='word_1_277' title='bbox 2648 2970 2776 3034; x_wconf 94' lang='lat' dir='ltr'>qua</span> <span class='ocrx_word' id='word_1_278' title='bbox 2803 2958 2866 3014; x_wconf 90' lang='lat' dir='ltr'>et</span> <span class='ocrx_word' id='word_1_279' title='bbox 2897 2951 3264 3015; x_wconf 86' lang='lat' dir='ltr'>referuntur</span> <span class='ocrx_word' id='word_1_280' title='bbox 3290 2953 3370 3014; x_wconf 89' lang='lat' dir='ltr'>ad</span> <span class='ocrx_word' id='word_1_281' title='bbox 3401 2952 3538 3034; x_wconf 88' lang='lat' dir='ltr'>Spi-</span> 
     </span>
    </p>
   </div>
   <div class='ocr_carea' id='block_1_13' title="bbox 414 3045 3534 3132">
    <p class='ocr_par' dir='ltr' id='par_1_14' title="bbox 414 3045 3534 3132">
     <span class='ocr_line' id='line_1_46' title="bbox 414 3045 3534 3132; baseline 0 -20"><span class='ocrx_word' id='word_1_282' title='bbox 414 3049 567 3132; x_wconf 86' lang='lat' dir='ltr'>ipsa</span> <span class='ocrx_word' id='word_1_283' title='bbox 613 3049 907 3112; x_wconf 86' lang='lat' dir='ltr'>voluntas</span> <span class='ocrx_word' id='word_1_284' title='bbox 954 3055 1181 3110; x_wconf 85' lang='lat' dir='ltr'>natura</span> <span class='ocrx_word' id='word_1_285' title='bbox 1226 3054 1343 3112; x_wconf 89' lang='lat' dir='ltr'>est.</span> <span class='ocrx_word' id='word_1_286' title='bbox 1378 3045 1599 3130; x_wconf 86' lang='lat' dir='ltr'>Neque</span> <span class='ocrx_word' id='word_1_287' title='bbox 1636 3045 1789 3108; x_wconf 86' lang='lat' dir='ltr'>hinc</span> <span class='ocrx_word' id='word_1_288' title='bbox 1826 3065 1924 3110; x_wconf 91' lang='lat' dir='ltr'>se-</span> <span class='ocrx_word' id='word_1_289' title='bbox 1952 3045 1997 3111; x_wconf 86' lang='lat' dir='ltr'>C</span> <span class='ocrx_word' id='word_1_290' title='bbox 2037 3047 2232 3110; x_wconf 90' lang='lat' dir='ltr'>ritum</span> <span class='ocrx_word' id='word_1_291' title='bbox 2266 3046 2588 3111; x_wconf 90' lang='lat' dir='ltr'>Sanctum.</span> <span class='ocrx_word' id='word_1_292' title='bbox 2608 3048 2821 3113; x_wconf 87' lang='lat' dir='ltr'>Tertio</span> <span class='ocrx_word' id='word_1_293' title='bbox 2849 3049 3100 3132; x_wconf 88' lang='lat' dir='ltr'>capitur</span> <span class='ocrx_word' id='word_1_294' title='bbox 3129 3049 3393 3114; x_wconf 88' lang='lat' dir='ltr'>relative</span> <span class='ocrx_word' id='word_1_295' title='bbox 3421 3068 3534 3114; x_wconf 90' lang='lat' dir='ltr'>seu</span> 
     </span>
    </p>
   </div>
   <div class='ocr_carea' id='block_1_14' title="bbox 410 3145 1930 5095">
    <p class='ocr_par' dir='ltr' id='par_1_15' title="bbox 410 3145 1930 4292">
     <span class='ocr_line' id='line_1_47' title="bbox 412 3145 1925 3230; baseline -0.001 -21"><span class='ocrx_word' id='word_1_296' title='bbox 412 3147 649 3230; x_wconf 87' lang='lat' dir='ltr'>quitur</span> <span class='ocrx_word' id='word_1_297' title='bbox 684 3146 856 3230; x_wconf 89' lang='lat' dir='ltr'>quod</span> <span class='ocrx_word' id='word_1_298' title='bbox 894 3163 1167 3230; x_wconf 84' lang='lat' dir='ltr'>persona</span> <span class='ocrx_word' id='word_1_299' title='bbox 1202 3145 1555 3210; x_wconf 80' lang='lat' dir='ltr'>liberaliter</span> <span class='ocrx_word' id='word_1_300' title='bbox 1583 3147 1676 3210; x_wconf 87' lang='lat' dir='ltr'>sic</span> <span class='ocrx_word' id='word_1_301' title='bbox 1708 3165 1925 3230; x_wconf 87' lang='lat' dir='ltr'>proce-</span> 
     </span>
     <span class='ocr_line' id='line_1_48' title="bbox 412 3243 1925 3328; baseline -0.001 -19"><span class='ocrx_word' id='word_1_302' title='bbox 412 3247 607 3319; x_wconf 85' lang='lat' dir='ltr'>dens,</span> <span class='ocrx_word' id='word_1_303' title='bbox 626 3245 827 3328; x_wconf 85' lang='lat' dir='ltr'>possit</span> <span class='ocrx_word' id='word_1_304' title='bbox 854 3262 983 3308; x_wconf 88' lang='lat' dir='ltr'>non</span> <span class='ocrx_word' id='word_1_305' title='bbox 1013 3245 1359 3327; x_wconf 89' lang='lat' dir='ltr'>procedere</span> <span class='ocrx_word' id='word_1_306' title='bbox 1379 3243 1567 3327; x_wconf 88' lang='lat' dir='ltr'>:quia</span> <span class='ocrx_word' id='word_1_307' title='bbox 1586 3245 1925 3328; x_wconf 89' lang='lat' dir='ltr'>productio</span> 
     </span>
     <span class='ocr_line' id='line_1_49' title="bbox 412 3343 1925 3427; baseline 0 -21"><span class='ocrx_word' id='word_1_308' title='bbox 412 3361 715 3427; x_wconf 64' lang='lat' dir='ltr'>personae</span> <span class='ocrx_word' id='word_1_309' title='bbox 774 3343 1343 3426; x_wconf 89' lang='lat' dir='ltr'>comprehenditur</span> <span class='ocrx_word' id='word_1_310' title='bbox 1398 3343 1465 3405; x_wconf 90' lang='lat' dir='ltr'>in</span> <span class='ocrx_word' id='word_1_311' title='bbox 1532 3343 1925 3426; x_wconf 88' lang='lat' dir='ltr'>perfectione</span> 
     </span>
     <span class='ocr_line' id='line_1_50' title="bbox 410 3441 1921 3524; baseline -0.001 -19"><span class='ocrx_word' id='word_1_312' title='bbox 410 3441 809 3506; x_wconf 82' lang='lat' dir='ltr'>exsistentiae</span> <span class='ocrx_word' id='word_1_313' title='bbox 838 3458 1033 3524; x_wconf 87' lang='lat' dir='ltr'>quam</span> <span class='ocrx_word' id='word_1_314' title='bbox 1064 3441 1334 3523; x_wconf 83' lang='lat' dir='ltr'>requirit</span> <span class='ocrx_word' id='word_1_315' title='bbox 1370 3441 1589 3504; x_wconf 86' lang='lat' dir='ltr'>divina</span> <span class='ocrx_word' id='word_1_316' title='bbox 1624 3441 1921 3516; x_wconf 87' lang='lat' dir='ltr'>essentia,</span> 
     </span>
     <span class='ocr_line' id='line_1_51' title="bbox 412 3538 1928 3624; baseline 0 -22"><span class='ocrx_word' id='word_1_317' title='bbox 412 3539 729 3624; x_wconf 87' lang='lat' dir='ltr'>quoniam</span> <span class='ocrx_word' id='word_1_318' title='bbox 757 3547 1023 3622; x_wconf 87' lang='lat' dir='ltr'>propter</span> <span class='ocrx_word' id='word_1_319' title='bbox 1050 3538 1373 3603; x_wconf 80' lang='lat' dir='ltr'>infinitam</span> <span class='ocrx_word' id='word_1_320' title='bbox 1410 3557 1593 3603; x_wconf 87' lang='lat' dir='ltr'>suam</span> <span class='ocrx_word' id='word_1_321' title='bbox 1632 3539 1928 3622; x_wconf 88' lang='lat' dir='ltr'>perfecti-</span> 
     </span>
     <span class='ocr_line' id='line_1_52' title="bbox 410 3637 1923 3722; baseline -0.003 -18"><span class='ocrx_word' id='word_1_322' title='bbox 410 3657 615 3705; x_wconf 85' lang='lat' dir='ltr'>onem</span> <span class='ocrx_word' id='word_1_323' title='bbox 643 3645 833 3722; x_wconf 86' lang='lat' dir='ltr'>atque</span> <span class='ocrx_word' id='word_1_324' title='bbox 862 3637 1701 3720; x_wconf 85' lang='lat' dir='ltr'>superexuberantissimam</span> <span class='ocrx_word' id='word_1_325' title='bbox 1741 3656 1923 3701; x_wconf 88' lang='lat' dir='ltr'>suam</span> 
     </span>
     <span class='ocr_line' id='line_1_53' title="bbox 414 3735 1925 3819; baseline -0.001 -19"><span class='ocrx_word' id='word_1_326' title='bbox 414 3737 905 3809; x_wconf 86' lang='lat' dir='ltr'>fecunditatem,</span> <span class='ocrx_word' id='word_1_327' title='bbox 945 3743 1095 3819; x_wconf 87' lang='lat' dir='ltr'>apta</span> <span class='ocrx_word' id='word_1_328' title='bbox 1148 3743 1245 3799; x_wconf 89' lang='lat' dir='ltr'>est</span> <span class='ocrx_word' id='word_1_329' title='bbox 1300 3735 1513 3798; x_wconf 87' lang='lat' dir='ltr'>taliter</span> <span class='ocrx_word' id='word_1_330' title='bbox 1568 3736 1925 3799; x_wconf 90' lang='lat' dir='ltr'>communi-</span> 
     </span>
     <span class='ocr_line' id='line_1_54' title="bbox 416 3833 1925 3916; baseline -0.001 -18"><span class='ocrx_word' id='word_1_331' title='bbox 416 3835 560 3898; x_wconf 86' lang='lat' dir='ltr'>cari</span> <span class='ocrx_word' id='word_1_332' title='bbox 598 3833 847 3898; x_wconf 88' lang='lat' dir='ltr'>duabus</span> <span class='ocrx_word' id='word_1_333' title='bbox 892 3834 1203 3916; x_wconf 87' lang='lat' dir='ltr'>personis,</span> <span class='ocrx_word' id='word_1_334' title='bbox 1250 3842 1315 3898; x_wconf 91' lang='lat' dir='ltr'>et</span> <span class='ocrx_word' id='word_1_335' title='bbox 1354 3853 1495 3898; x_wconf 88' lang='lat' dir='ltr'>esse</span> <span class='ocrx_word' id='word_1_336' title='bbox 1539 3834 1761 3898; x_wconf 84' lang='lat' dir='ltr'>eadem</span> <span class='ocrx_word' id='word_1_337' title='bbox 1808 3853 1925 3896; x_wconf 92' lang='lat' dir='ltr'>nu-</span> 
     </span>
     <span class='ocr_line' id='line_1_55' title="bbox 416 3931 1928 4014; baseline -0.002 -17"><span class='ocrx_word' id='word_1_338' title='bbox 416 3949 605 3996; x_wconf 88' lang='lat' dir='ltr'>mero</span> <span class='ocrx_word' id='word_1_339' title='bbox 624 3933 689 3995; x_wconf 92' lang='lat' dir='ltr'>in</span> <span class='ocrx_word' id='word_1_340' title='bbox 716 3931 927 3994; x_wconf 88' lang='lat' dir='ltr'>tribus</span> <span class='ocrx_word' id='word_1_341' title='bbox 959 3931 1239 3995; x_wconf 84' lang='lat' dir='ltr'>relativis</span> <span class='ocrx_word' id='word_1_342' title='bbox 1268 3931 1637 4014; x_wconf 88' lang='lat' dir='ltr'>suppositis.</span> <span class='ocrx_word' id='word_1_343' title='bbox 1664 3931 1928 3995; x_wconf 81' lang='lat' dir='ltr'>Emana·</span> 
     </span>
     <span class='ocr_line' id='line_1_56' title="bbox 414 4028 1930 4111; baseline -0.001 -17"><span class='ocrx_word' id='word_1_344' title='bbox 414 4031 515 4094; x_wconf 88' lang='lat' dir='ltr'>tio</span> <span class='ocrx_word' id='word_1_345' title='bbox 554 4047 709 4093; x_wconf 86' lang='lat' dir='ltr'>vero</span> <span class='ocrx_word' id='word_1_346' title='bbox 746 4037 1052 4094; x_wconf 80' lang='lat' dir='ltr'>creaturae</span> <span class='ocrx_word' id='word_1_347' title='bbox 1080 4046 1207 4093; x_wconf 90' lang='lat' dir='ltr'>non</span> <span class='ocrx_word' id='word_1_348' title='bbox 1238 4029 1333 4092; x_wconf 88' lang='lat' dir='ltr'>sic</span> <span class='ocrx_word' id='word_1_349' title='bbox 1362 4028 1930 4111; x_wconf 85' lang='lat' dir='ltr'>comprehenditur</span> 
     </span>
     <span class='ocr_line' id='line_1_57' title="bbox 416 4126 1927 4210; baseline -0.001 -19"><span class='ocrx_word' id='word_1_350' title='bbox 416 4129 593 4192; x_wconf 85' lang='lat' dir='ltr'>intra</span> <span class='ocrx_word' id='word_1_351' title='bbox 622 4127 1084 4210; x_wconf 88' lang='lat' dir='ltr'>perfectionem</span> <span class='ocrx_word' id='word_1_352' title='bbox 1124 4127 1513 4190; x_wconf 66' lang='lat' dir='ltr'>exsistentiae</span> <span class='ocrx_word' id='word_1_353' title='bbox 1552 4126 1788 4192; x_wconf 79' lang='lat' dir='ltr'>divinae</span> <span class='ocrx_word' id='word_1_354' title='bbox 1830 4145 1927 4190; x_wconf 87' lang='lat' dir='ltr'>es-</span> 
     </span>
     <span class='ocr_line' id='line_1_58' title="bbox 412 4227 663 4292; baseline -0.016 0"><span class='ocrx_word' id='word_1_355' title='bbox 412 4227 663 4292; x_wconf 73' lang='lat' dir='ltr'>sentim.</span> 
     </span>
    </p>

    <p class='ocr_par' dir='ltr' id='par_1_16' title="bbox 410 4323 1928 5095">
     <span class='ocr_line' id='line_1_59' title="bbox 496 4323 1924 4407; baseline -0.001 -18"><span class='ocrx_word' id='word_1_356' title='bbox 496 4327 827 4400; x_wconf 77' lang='lat' dir='ltr'>Praeterea,</span> <span class='ocrx_word' id='word_1_357' title='bbox 874 4323 1149 4407; x_wconf 89' lang='lat' dir='ltr'>Spiritus</span> <span class='ocrx_word' id='word_1_358' title='bbox 1198 4323 1465 4388; x_wconf 89' lang='lat' dir='ltr'>Sanctus</span> <span class='ocrx_word' id='word_1_359' title='bbox 1516 4325 1803 4406; x_wconf 90' lang='lat' dir='ltr'>procedit</span> <span class='ocrx_word' id='word_1_360' title='bbox 1854 4332 1924 4389; x_wconf 91' lang='lat' dir='ltr'>ut</span> 
     </span>
     <span class='ocr_line' id='line_1_60' title="bbox 410 4421 1922 4506; baseline -0.001 -18"><span class='ocrx_word' id='word_1_361' title='bbox 410 4441 603 4488; x_wconf 84' lang='lat' dir='ltr'>amor</span> <span class='ocrx_word' id='word_1_362' title='bbox 654 4441 669 4485; x_wconf 90' lang='lat'>:</span> <span class='ocrx_word' id='word_1_363' title='bbox 720 4423 955 4506; x_wconf 87' lang='lat' dir='ltr'>primo,</span> <span class='ocrx_word' id='word_1_364' title='bbox 1010 4421 1313 4504; x_wconf 86' lang='lat' dir='ltr'>quoniam</span> <span class='ocrx_word' id='word_1_365' title='bbox 1374 4421 1513 4506; x_wconf 91' lang='lat' dir='ltr'>ipse</span> <span class='ocrx_word' id='word_1_366' title='bbox 1568 4431 1663 4486; x_wconf 90' lang='lat' dir='ltr'>est</span> <span class='ocrx_word' id='word_1_367' title='bbox 1720 4441 1922 4499; x_wconf 87' lang='lat' dir='ltr'>amor,</span> 
     </span>
     <span class='ocr_line' id='line_1_61' title="bbox 414 4521 1928 4605; baseline 0 -20"><span class='ocrx_word' id='word_1_368' title='bbox 414 4531 483 4586; x_wconf 92' lang='lat' dir='ltr'>et</span> <span class='ocrx_word' id='word_1_369' title='bbox 546 4521 949 4605; x_wconf 89' lang='lat' dir='ltr'>procedendo</span> <span class='ocrx_word' id='word_1_370' title='bbox 1006 4527 1102 4582; x_wconf 90' lang='lat' dir='ltr'>est</span> <span class='ocrx_word' id='word_1_371' title='bbox 1160 4527 1421 4583; x_wconf 88' lang='lat' dir='ltr'>mutuus</span> <span class='ocrx_word' id='word_1_372' title='bbox 1478 4537 1659 4584; x_wconf 88' lang='lat' dir='ltr'>amor</span> <span class='ocrx_word' id='word_1_373' title='bbox 1710 4521 1928 4585; x_wconf 90' lang='lat' dir='ltr'>ambo-</span> 
     </span>
     <span class='ocr_line' id='line_1_62' title="bbox 418 4617 1923 4702; baseline -0.001 -18"><span class='ocrx_word' id='word_1_374' title='bbox 418 4638 611 4698; x_wconf 89' lang='lat' dir='ltr'>rum;</span> <span class='ocrx_word' id='word_1_375' title='bbox 658 4619 961 4692; x_wconf 89' lang='lat' dir='ltr'>secundo,</span> <span class='ocrx_word' id='word_1_376' title='bbox 1006 4617 1157 4701; x_wconf 86' lang='lat' dir='ltr'>quia</span> <span class='ocrx_word' id='word_1_377' title='bbox 1198 4625 1297 4680; x_wconf 89' lang='lat' dir='ltr'>est</span> <span class='ocrx_word' id='word_1_378' title='bbox 1338 4617 1493 4700; x_wconf 91' lang='lat' dir='ltr'>quid</span> <span class='ocrx_word' id='word_1_379' title='bbox 1542 4619 1923 4702; x_wconf 90' lang='lat' dir='ltr'>productum</span> 
     </span>
     <span class='ocr_line' id='line_1_63' title="bbox 420 4715 1923 4790; baseline -0.001 -8"><span class='ocrx_word' id='word_1_380' title='bbox 420 4737 502 4782; x_wconf 86' lang='lat' dir='ltr'>ex</span> <span class='ocrx_word' id='word_1_381' title='bbox 562 4716 889 4782; x_wconf 81' lang='lat' dir='ltr'>essentiali</span> <span class='ocrx_word' id='word_1_382' title='bbox 946 4733 1163 4780; x_wconf 87' lang='lat' dir='ltr'>amore</span> <span class='ocrx_word' id='word_1_383' title='bbox 1230 4715 1295 4778; x_wconf 92' lang='lat' dir='ltr'>in</span> <span class='ocrx_word' id='word_1_384' title='bbox 1354 4717 1506 4790; x_wconf 88' lang='lat' dir='ltr'>Deo,</span> <span class='ocrx_word' id='word_1_385' title='bbox 1567 4718 1923 4780; x_wconf 88' lang='lat' dir='ltr'>secundum</span> 
     </span>
     <span class='ocr_line' id='line_1_64' title="bbox 423 4813 1927 4902; baseline 0 -22"><span class='ocrx_word' id='word_1_386' title='bbox 423 4816 599 4902; x_wconf 89' lang='lat' dir='ltr'>quod</span> <span class='ocrx_word' id='word_1_387' title='bbox 638 4817 705 4879; x_wconf 89' lang='lat' dir='ltr'>in</span> <span class='ocrx_word' id='word_1_388' title='bbox 748 4813 987 4879; x_wconf 84' lang='lat' dir='ltr'>divinis</span> <span class='ocrx_word' id='word_1_389' title='bbox 1024 4822 1203 4878; x_wconf 86' lang='lat' dir='ltr'>actus</span> <span class='ocrx_word' id='word_1_390' title='bbox 1240 4814 1613 4879; x_wconf 84' lang='lat' dir='ltr'>essentiales</span> <span class='ocrx_word' id='word_1_391' title='bbox 1650 4823 1801 4879; x_wconf 88' lang='lat' dir='ltr'>sunt</span> <span class='ocrx_word' id='word_1_392' title='bbox 1830 4835 1927 4880; x_wconf 86' lang='lat' dir='ltr'>ra-</span> 
     </span>
     <span class='ocr_line' id='line_1_65' title="bbox 422 4913 1923 4999; baseline 0 -21"><span class='ocrx_word' id='word_1_393' title='bbox 422 4917 519 4980; x_wconf 90' lang='lat' dir='ltr'>tio</span> <span class='ocrx_word' id='word_1_394' title='bbox 549 4914 986 4999; x_wconf 84' lang='lat' dir='ltr'>personalium</span> <span class='ocrx_word' id='word_1_395' title='bbox 1014 4919 1275 4976; x_wconf 83' lang='lat' dir='ltr'>actuum</span> <span class='ocrx_word' id='word_1_396' title='bbox 1304 4931 1417 4976; x_wconf 90' lang='lat' dir='ltr'>seu</span> <span class='ocrx_word' id='word_1_397' title='bbox 1446 4913 1923 4978; x_wconf 87' lang='lat' dir='ltr'>emanationum</span> 
     </span>
     <span class='ocr_line' id='line_1_66' title="bbox 424 5011 1924 5095; baseline -0.003 -15"><span class='ocrx_word' id='word_1_398' title='bbox 424 5017 505 5080; x_wconf 91' lang='lat' dir='ltr'>ad</span> <span class='ocrx_word' id='word_1_399' title='bbox 540 5015 725 5088; x_wconf 90' lang='lat' dir='ltr'>intra,</span> <span class='ocrx_word' id='word_1_400' title='bbox 760 5021 831 5077; x_wconf 87' lang='lat' dir='ltr'>ut</span> <span class='ocrx_word' id='word_1_401' title='bbox 859 5012 1103 5075; x_wconf 88' lang='lat' dir='ltr'>dictum</span> <span class='ocrx_word' id='word_1_402' title='bbox 1132 5021 1246 5076; x_wconf 90' lang='lat' dir='ltr'>est.</span> <span class='ocrx_word' id='word_1_403' title='bbox 1268 5011 1615 5088; x_wconf 86' lang='lat' dir='ltr'>Postremo,</span> <span class='ocrx_word' id='word_1_404' title='bbox 1648 5012 1924 5095; x_wconf 86' lang='lat' dir='ltr'>Spiritus</span> 
     </span>
    </p>
   </div>
   <div class='ocr_carea' id='block_1_15' title="bbox 320 5111 1924 5194">
    <p class='ocr_par' dir='ltr' id='par_1_17' title="bbox 320 5111 1924 5194">
     <span class='ocr_line' id='line_1_67' title="bbox 320 5111 1924 5194; baseline -0.001 -17"><span class='ocrx_word' id='word_1_405' title='bbox 320 5135 337 5147; x_wconf 94' lang='lat'><strong>·</strong></span> <span class='ocrx_word' id='word_1_406' title='bbox 421 5115 697 5178; x_wconf 87' lang='lat' dir='ltr'>Sanctus</span> <span class='ocrx_word' id='word_1_407' title='bbox 752 5120 853 5176; x_wconf 92' lang='lat' dir='ltr'>est</span> <span class='ocrx_word' id='word_1_408' title='bbox 910 5118 1171 5174; x_wconf 87' lang='lat' dir='ltr'>mutuus</span> <span class='ocrx_word' id='word_1_409' title='bbox 1228 5125 1407 5173; x_wconf 90' lang='lat' dir='ltr'>amor</span> <span class='ocrx_word' id='word_1_410' title='bbox 1469 5111 1823 5194; x_wconf 86' lang='lat' dir='ltr'>procedens</span> <span class='ocrx_word' id='word_1_411' title='bbox 1887 5131 1924 5175; x_wconf 89' lang='lat' dir='ltr'>a</span> 
     </span>
    </p>
   </div>
   <div class='ocr_carea' id='block_1_16' title="bbox 418 5209 1923 5394">
    <p class='ocr_par' dir='ltr' id='par_1_18' title="bbox 418 5209 1923 5394">
     <span class='ocr_line' id='line_1_68' title="bbox 422 5209 1923 5292; baseline -0.002 -15"><span class='ocrx_word' id='word_1_412' title='bbox 422 5215 603 5277; x_wconf 83' lang='lat' dir='ltr'>Patre</span> <span class='ocrx_word' id='word_1_413' title='bbox 660 5212 731 5275; x_wconf 92' lang='lat' dir='ltr'>in</span> <span class='ocrx_word' id='word_1_414' title='bbox 788 5209 1045 5284; x_wconf 76' lang='lat' dir='ltr'>Filium,</span> <span class='ocrx_word' id='word_1_415' title='bbox 1104 5217 1169 5272; x_wconf 91' lang='lat' dir='ltr'>et</span> <span class='ocrx_word' id='word_1_416' title='bbox 1222 5217 1503 5285; x_wconf 87' lang='lat' dir='ltr'>econtra,</span> <span class='ocrx_word' id='word_1_417' title='bbox 1554 5227 1681 5273; x_wconf 91' lang='lat' dir='ltr'>non</span> <span class='ocrx_word' id='word_1_418' title='bbox 1738 5211 1923 5292; x_wconf 88' lang='lat' dir='ltr'>quasi</span> 
     </span>
     <span class='ocr_line' id='line_1_69' title="bbox 418 5307 1921 5394; baseline -0.002 -18"><span class='ocrx_word' id='word_1_419' title='bbox 418 5313 489 5377; x_wconf 92' lang='lat' dir='ltr'>in</span> <span class='ocrx_word' id='word_1_420' title='bbox 538 5311 935 5394; x_wconf 86' lang='lat' dir='ltr'>subjectum,</span> <span class='ocrx_word' id='word_1_421' title='bbox 982 5309 1093 5372; x_wconf 88' lang='lat' dir='ltr'>sed</span> <span class='ocrx_word' id='word_1_422' title='bbox 1142 5316 1215 5371; x_wconf 90' lang='lat' dir='ltr'>ut</span> <span class='ocrx_word' id='word_1_423' title='bbox 1270 5309 1337 5372; x_wconf 91' lang='lat' dir='ltr'>in</span> <span class='ocrx_word' id='word_1_424' title='bbox 1384 5307 1753 5391; x_wconf 71' lang='lat' dir='ltr'>obiectum3</span> <span class='ocrx_word' id='word_1_425' title='bbox 1801 5327 1921 5374; x_wconf 88' lang='lat' dir='ltr'>nec</span> 
     </span>
    </p>
   </div>
   <div class='ocr_carea' id='block_1_17' title="bbox 1958 4233 2009 4296">
    <p class='ocr_par' dir='ltr' id='par_1_19' title="bbox 1958 4233 2009 4296">
     <span class='ocr_line' id='line_1_70' title="bbox 1958 4233 2009 4296; baseline 0 0"><span class='ocrx_word' id='word_1_426' title='bbox 1958 4233 2009 4296; x_wconf 91' lang='lat' dir='ltr'>D</span> 
     </span>
    </p>
   </div>
   <div class='ocr_carea' id='block_1_18' title="bbox 2034 3145 3539 4112">
    <p class='ocr_par' dir='ltr' id='par_1_20' title="bbox 2034 3145 3539 4112">
     <span class='ocr_line' id='line_1_71' title="bbox 2036 3145 3538 3231; baseline 0.003 -23"><span class='ocrx_word' id='word_1_427' title='bbox 2036 3145 2709 3229; x_wconf 88' lang='lat' dir='ltr'>personaliter,sicque</span> <span class='ocrx_word' id='word_1_428' title='bbox 2741 3147 3042 3229; x_wconf 84' lang='lat' dir='ltr'>importat</span> <span class='ocrx_word' id='word_1_429' title='bbox 3071 3149 3538 3231; x_wconf 90' lang='lat' dir='ltr'>processionem</span> 
     </span>
     <span class='ocr_line' id='line_1_72' title="bbox 2034 3243 3536 3328; baseline 0.003 -22"><span class='ocrx_word' id='word_1_430' title='bbox 2034 3251 2099 3306; x_wconf 92' lang='lat' dir='ltr'>et</span> <span class='ocrx_word' id='word_1_431' title='bbox 2128 3243 2504 3307; x_wconf 86' lang='lat' dir='ltr'>relationem</span> <span class='ocrx_word' id='word_1_432' title='bbox 2535 3245 2797 3320; x_wconf 90' lang='lat' dir='ltr'>realem,</span> <span class='ocrx_word' id='word_1_433' title='bbox 2819 3252 3012 3328; x_wconf 87' lang='lat' dir='ltr'>atque</span> <span class='ocrx_word' id='word_1_434' title='bbox 3041 3246 3366 3328; x_wconf 78' lang='lat' dir='ltr'>significat</span> <span class='ocrx_word' id='word_1_435' title='bbox 3394 3263 3536 3328; x_wconf 89' lang='lat' dir='ltr'>pro-</span> 
     </span>
     <span class='ocr_line' id='line_1_73' title="bbox 2036 3341 3532 3428; baseline 0.001 -24"><span class='ocrx_word' id='word_1_436' title='bbox 2036 3341 2373 3404; x_wconf 87' lang='lat' dir='ltr'>cedentem</span> <span class='ocrx_word' id='word_1_437' title='bbox 2417 3361 2532 3425; x_wconf 91' lang='lat' dir='ltr'>per</span> <span class='ocrx_word' id='word_1_438' title='bbox 2569 3344 2830 3407; x_wconf 89' lang='lat' dir='ltr'>modum</span> <span class='ocrx_word' id='word_1_439' title='bbox 2879 3344 3116 3407; x_wconf 89' lang='lat' dir='ltr'>amoris</span> <span class='ocrx_word' id='word_1_440' title='bbox 3165 3361 3532 3428; x_wconf 86' lang='lat' dir='ltr'>personam,</span> 
     </span>
     <span class='ocr_line' id='line_1_74' title="bbox 2034 3438 3536 3522; baseline 0.001 -20"><span class='ocrx_word' id='word_1_441' title='bbox 2034 3438 2334 3502; x_wconf 88' lang='lat' dir='ltr'>videlicet</span> <span class='ocrx_word' id='word_1_442' title='bbox 2365 3439 2674 3522; x_wconf 88' lang='lat' dir='ltr'>Spiritum</span> <span class='ocrx_word' id='word_1_443' title='bbox 2704 3440 3028 3505; x_wconf 89' lang='lat' dir='ltr'>Sanctum.</span> <span class='ocrx_word' id='word_1_444' title='bbox 3048 3441 3164 3505; x_wconf 90' lang='lat' dir='ltr'>Per</span> <span class='ocrx_word' id='word_1_445' title='bbox 3193 3441 3378 3506; x_wconf 86' lang='lat' dir='ltr'>istam</span> <span class='ocrx_word' id='word_1_446' title='bbox 3409 3443 3536 3505; x_wconf 90' lang='lat' dir='ltr'>dis-</span> 
     </span>
     <span class='ocr_line' id='line_1_75' title="bbox 2034 3537 3538 3620; baseline 0.002 -21"><span class='ocrx_word' id='word_1_447' title='bbox 2034 3537 2412 3600; x_wconf 90' lang='lat' dir='ltr'>tinctionem</span> <span class='ocrx_word' id='word_1_448' title='bbox 2441 3547 2816 3620; x_wconf 80' lang='lat' dir='ltr'>argumenta</span> <span class='ocrx_word' id='word_1_449' title='bbox 2845 3541 3046 3603; x_wconf 89' lang='lat' dir='ltr'>multa</span> <span class='ocrx_word' id='word_1_450' title='bbox 3083 3541 3440 3616; x_wconf 79' lang='lat' dir='ltr'>solvuntur,</span> <span class='ocrx_word' id='word_1_451' title='bbox 3473 3547 3538 3604; x_wconf 86' lang='lat' dir='ltr'>et</span> 
     </span>
     <span class='ocr_line' id='line_1_76' title="bbox 2035 3635 3532 3717; baseline 0.002 -20"><span class='ocrx_word' id='word_1_452' title='bbox 2035 3654 2180 3717; x_wconf 79' lang='lat' dir='ltr'>qnae</span> <span class='ocrx_word' id='word_1_453' title='bbox 2229 3635 2528 3700; x_wconf 90' lang='lat' dir='ltr'>videntur</span> <span class='ocrx_word' id='word_1_454' title='bbox 2583 3637 2997 3712; x_wconf 84' lang='lat' dir='ltr'>dissonantia,</span> <span class='ocrx_word' id='word_1_455' title='bbox 3048 3639 3532 3702; x_wconf 89' lang='lat' dir='ltr'>concordantur.</span> 
     </span>
     <span class='ocr_line' id='line_1_77' title="bbox 2034 3733 3538 3818; baseline 0.001 -22"><span class='ocrx_word' id='word_1_456' title='bbox 2034 3733 2194 3796; x_wconf 88' lang='lat' dir='ltr'>Nam</span> <span class='ocrx_word' id='word_1_457' title='bbox 2225 3741 2289 3797; x_wconf 90' lang='lat' dir='ltr'>et</span> <span class='ocrx_word' id='word_1_458' title='bbox 2315 3752 2496 3798; x_wconf 88' lang='lat' dir='ltr'>amor</span> <span class='ocrx_word' id='word_1_459' title='bbox 2525 3735 2734 3817; x_wconf 86' lang='lat' dir='ltr'>primo</span> <span class='ocrx_word' id='word_1_460' title='bbox 2765 3737 2956 3800; x_wconf 89' lang='lat' dir='ltr'>modo</span> <span class='ocrx_word' id='word_1_461' title='bbox 2983 3744 3538 3818; x_wconf 77' lang='lat' dir='ltr'>acceptuS,quam·</span> 
     </span>
     <span class='ocr_line' id='line_1_78' title="bbox 2036 3831 3539 3917; baseline 0.003 -24"><span class='ocrx_word' id='word_1_462' title='bbox 2036 3831 2133 3894; x_wconf 88' lang='lat' dir='ltr'>vis</span> <span class='ocrx_word' id='word_1_463' title='bbox 2165 3832 2278 3894; x_wconf 85' lang='lat' dir='ltr'>toti</span> <span class='ocrx_word' id='word_1_464' title='bbox 2309 3833 2672 3896; x_wconf 89' lang='lat' dir='ltr'>communis</span> <span class='ocrx_word' id='word_1_465' title='bbox 2701 3834 2785 3896; x_wconf 88' lang='lat' dir='ltr'>sit</span> <span class='ocrx_word' id='word_1_466' title='bbox 2811 3833 3124 3908; x_wconf 87' lang='lat' dir='ltr'>Trinitati,</span> <span class='ocrx_word' id='word_1_467' title='bbox 3157 3841 3370 3896; x_wconf 86' lang='lat' dir='ltr'>tamen</span> <span class='ocrx_word' id='word_1_468' title='bbox 3402 3835 3539 3917; x_wconf 88' lang='lat' dir='ltr'>Spi—</span> 
     </span>
     <span class='ocr_line' id='line_1_79' title="bbox 2036 3929 3536 4013; baseline 0.002 -22"><span class='ocrx_word' id='word_1_469' title='bbox 2036 3929 2190 3991; x_wconf 88' lang='lat' dir='ltr'>ritui</span> <span class='ocrx_word' id='word_1_470' title='bbox 2261 3929 2492 3992; x_wconf 88' lang='lat' dir='ltr'>Sancto</span> <span class='ocrx_word' id='word_1_471' title='bbox 2559 3931 3030 4013; x_wconf 83' lang='lat' dir='ltr'>appropriatur,</span> <span class='ocrx_word' id='word_1_472' title='bbox 3101 3931 3405 4013; x_wconf 89' lang='lat' dir='ltr'>quoniam</span> <span class='ocrx_word' id='word_1_473' title='bbox 3475 3932 3536 3994; x_wconf 93' lang='lat' dir='ltr'>ei</span> 
     </span>
     <span class='ocr_line' id='line_1_80' title="bbox 2038 4028 3530 4112; baseline 0.001 -20"><span class='ocrx_word' id='word_1_474' title='bbox 2038 4028 2184 4111; x_wconf 88' lang='lat' dir='ltr'>plus</span> <span class='ocrx_word' id='word_1_475' title='bbox 2205 4036 2580 4110; x_wconf 90' lang='lat' dir='ltr'>competunt</span> <span class='ocrx_word' id='word_1_476' title='bbox 2599 4029 2760 4092; x_wconf 87' lang='lat' dir='ltr'>ratio</span> <span class='ocrx_word' id='word_1_477' title='bbox 2779 4031 3256 4112; x_wconf 87' lang='lat' dir='ltr'>proprietasque</span> <span class='ocrx_word' id='word_1_478' title='bbox 3272 4031 3530 4094; x_wconf 90' lang='lat' dir='ltr'>amoris.</span> 
     </span>
    </p>
   </div>
   <div class='ocr_carea' id='block_1_19' title="bbox 2413 4237 3158 4304">
    <p class='ocr_par' dir='ltr' id='par_1_21' title="bbox 2413 4237 3158 4304">
     <span class='ocr_line' id='line_1_81' title="bbox 2413 4237 3158 4304; baseline 0.003 -2"><span class='ocrx_word' id='word_1_479' title='bbox 2413 4237 2932 4304; x_wconf 85' lang='lat' dir='ltr'>PROPOSITIO</span> <span class='ocrx_word' id='word_1_480' title='bbox 2977 4238 3158 4304; x_wconf 89' lang='lat' dir='ltr'><strong>XLI.</strong></span> 
     </span>
    </p>
   </div>
   <div class='ocr_carea' id='block_1_20' title="bbox 2033 4423 3538 5394">
    <p class='ocr_par' dir='ltr' id='par_1_22' title="bbox 2036 4423 3534 4607">
     <span class='ocr_line' id='line_1_82' title="bbox 2118 4423 3534 4507; baseline 0.004 -16"><span class='ocrx_word' id='word_1_481' title='bbox 2118 4423 2474 4505; x_wconf 75' lang='lat' dir='ltr'>Spiritus</span> <span class='ocrx_word' id='word_1_482' title='bbox 2520 4423 2860 4492; x_wconf 84' lang='lat' dir='ltr'>Sanctus</span> <span class='ocrx_word' id='word_1_483' title='bbox 2895 4427 3259 4507; x_wconf 75' lang='lat' dir='ltr'>procedit</span> <span class='ocrx_word' id='word_1_484' title='bbox 3303 4440 3351 4494; x_wconf 86' lang='lat' dir='ltr'>a</span> <span class='ocrx_word' id='word_1_485' title='bbox 3396 4425 3534 4496; x_wconf 89' lang='lat' dir='ltr'>Pa·</span> 
     </span>
     <span class='ocr_line' id='line_1_83' title="bbox 2036 4522 3531 4607; baseline 0.004 -17"><span class='ocrx_word' id='word_1_486' title='bbox 2036 4525 2162 4590; x_wconf 85' lang='lat' dir='ltr'>tre</span> <span class='ocrx_word' id='word_1_487' title='bbox 2190 4522 2274 4589; x_wconf 79' lang='lat' dir='ltr'>et</span> <span class='ocrx_word' id='word_1_488' title='bbox 2305 4522 2513 4589; x_wconf 76' lang='lat' dir='ltr'>Fmo</span> <span class='ocrx_word' id='word_1_489' title='bbox 2541 4524 2626 4589; x_wconf 79' lang='lat' dir='ltr'>in</span> <span class='ocrx_word' id='word_1_490' title='bbox 2659 4537 2752 4591; x_wconf 92' lang='lat' dir='ltr'>eo</span> <span class='ocrx_word' id='word_1_491' title='bbox 2784 4525 2991 4607; x_wconf 83' lang='lat' dir='ltr'>quod</span> <span class='ocrx_word' id='word_1_492' title='bbox 3029 4539 3278 4592; x_wconf 86' lang='lat' dir='ltr'>unum</span> <span class='ocrx_word' id='word_1_493' title='bbox 3325 4528 3531 4596; x_wconf 83' lang='lat' dir='ltr'>sunt.</span> 
     </span>
    </p>

    <p class='ocr_par' dir='ltr' id='par_1_23' title="bbox 2033 4619 3538 5394">
     <span class='ocr_line' id='line_1_84' title="bbox 2118 4619 3534 4706; baseline 0.004 -24"><span class='ocrx_word' id='word_1_494' title='bbox 2118 4619 2294 4694; x_wconf 84' lang='lat' dir='ltr'>Quod</span> <span class='ocrx_word' id='word_1_495' title='bbox 2362 4628 2482 4694; x_wconf 91' lang='lat' dir='ltr'>est,</span> <span class='ocrx_word' id='word_1_496' title='bbox 2543 4621 2846 4703; x_wconf 88' lang='lat' dir='ltr'>quoniam</span> <span class='ocrx_word' id='word_1_497' title='bbox 2915 4623 3074 4686; x_wconf 88' lang='lat' dir='ltr'>ratio</span> <span class='ocrx_word' id='word_1_498' title='bbox 3141 4623 3534 4706; x_wconf 90' lang='lat' dir='ltr'>producendi</span> 
     </span>
     <span class='ocr_line' id='line_1_85' title="bbox 2037 4717 3536 4801; baseline 0.002 -20"><span class='ocrx_word' id='word_1_499' title='bbox 2037 4718 2350 4801; x_wconf 88' lang='lat' dir='ltr'>Spiritum</span> <span class='ocrx_word' id='word_1_500' title='bbox 2401 4717 2728 4792; x_wconf 88' lang='lat' dir='ltr'>Sanctum,</span> <span class='ocrx_word' id='word_1_501' title='bbox 2780 4727 2878 4781; x_wconf 88' lang='lat' dir='ltr'>est</span> <span class='ocrx_word' id='word_1_502' title='bbox 2922 4718 3213 4783; x_wconf 86' lang='lat' dir='ltr'>voluntas</span> <span class='ocrx_word' id='word_1_503' title='bbox 3261 4718 3536 4784; x_wconf 86' lang='lat' dir='ltr'>fecunda</span> 
     </span>
     <span class='ocr_line' id='line_1_86' title="bbox 2038 4816 3536 4902; baseline 0.003 -24"><span class='ocrx_word' id='word_1_504' title='bbox 2038 4817 2101 4878; x_wconf 88' lang='lat' dir='ltr'>in</span> <span class='ocrx_word' id='word_1_505' title='bbox 2132 4816 2312 4879; x_wconf 82' lang='lat' dir='ltr'>Patre</span> <span class='ocrx_word' id='word_1_506' title='bbox 2351 4833 2426 4878; x_wconf 88' lang='lat' dir='ltr'>ac</span> <span class='ocrx_word' id='word_1_507' title='bbox 2465 4816 2645 4891; x_wconf 86' lang='lat' dir='ltr'>Filio,</span> <span class='ocrx_word' id='word_1_508' title='bbox 2679 4833 2804 4879; x_wconf 86' lang='lat' dir='ltr'>non</span> <span class='ocrx_word' id='word_1_509' title='bbox 2840 4824 3101 4900; x_wconf 88' lang='lat' dir='ltr'>accepta</span> <span class='ocrx_word' id='word_1_510' title='bbox 3136 4817 3218 4880; x_wconf 87' lang='lat' dir='ltr'>ab</span> <span class='ocrx_word' id='word_1_511' title='bbox 3255 4819 3382 4881; x_wconf 88' lang='lat' dir='ltr'>alio</span> <span class='ocrx_word' id='word_1_512' title='bbox 3421 4837 3536 4902; x_wconf 90' lang='lat' dir='ltr'>per</span> 
     </span>
     <span class='ocr_line' id='line_1_87' title="bbox 2036 4913 3538 4997; baseline 0.003 -19"><span class='ocrx_word' id='word_1_513' title='bbox 2036 4915 2635 4997; x_wconf 84' lang='lat' dir='ltr'>spirationem.0uae</span> <span class='ocrx_word' id='word_1_514' title='bbox 2665 4913 2956 4978; x_wconf 84' lang='lat' dir='ltr'>voluntas</span> <span class='ocrx_word' id='word_1_515' title='bbox 2985 4916 3050 4977; x_wconf 90' lang='lat' dir='ltr'>in</span> <span class='ocrx_word' id='word_1_516' title='bbox 3081 4917 3259 4980; x_wconf 88' lang='lat' dir='ltr'>Patre</span> <span class='ocrx_word' id='word_1_517' title='bbox 3287 4925 3352 4980; x_wconf 91' lang='lat' dir='ltr'>et</span> <span class='ocrx_word' id='word_1_518' title='bbox 3382 4918 3538 4982; x_wconf 87' lang='lat' dir='ltr'>Filio</span> 
     </span>
     <span class='ocr_line' id='line_1_88' title="bbox 2036 5012 3537 5098; baseline 0.003 -23"><span class='ocrx_word' id='word_1_519' title='bbox 2036 5032 2166 5076; x_wconf 89' lang='lat' dir='ltr'>una</span> <span class='ocrx_word' id='word_1_520' title='bbox 2193 5020 2257 5074; x_wconf 91' lang='lat' dir='ltr'>et</span> <span class='ocrx_word' id='word_1_521' title='bbox 2283 5012 2504 5075; x_wconf 88' lang='lat' dir='ltr'>eadem</span> <span class='ocrx_word' id='word_1_522' title='bbox 2535 5019 2633 5074; x_wconf 87' lang='lat' dir='ltr'>est</span> <span class='ocrx_word' id='word_1_523' title='bbox 2657 5030 2672 5090; x_wconf 94' lang='lat'>;</span> <span class='ocrx_word' id='word_1_524' title='bbox 2708 5013 2846 5094; x_wconf 87' lang='lat' dir='ltr'>ipsa</span> <span class='ocrx_word' id='word_1_525' title='bbox 2875 5031 3130 5096; x_wconf 88' lang='lat' dir='ltr'>quoque</span> <span class='ocrx_word' id='word_1_526' title='bbox 3160 5015 3258 5078; x_wconf 87' lang='lat' dir='ltr'>vis</span> <span class='ocrx_word' id='word_1_527' title='bbox 3287 5016 3537 5098; x_wconf 88' lang='lat' dir='ltr'>spirati-</span> 
     </span>
     <span class='ocr_line' id='line_1_89' title="bbox 2033 5111 3538 5178; baseline 0.002 -4"><span class='ocrx_word' id='word_1_528' title='bbox 2033 5111 2208 5174; x_wconf 83' lang='lat' dir='ltr'>vain</span> <span class='ocrx_word' id='word_1_529' title='bbox 2242 5111 2420 5174; x_wconf 88' lang='lat' dir='ltr'>Patre</span> <span class='ocrx_word' id='word_1_530' title='bbox 2463 5117 2528 5172; x_wconf 88' lang='lat' dir='ltr'>et</span> <span class='ocrx_word' id='word_1_531' title='bbox 2565 5111 2723 5174; x_wconf 87' lang='lat' dir='ltr'>Filio</span> <span class='ocrx_word' id='word_1_532' title='bbox 2764 5130 2892 5174; x_wconf 87' lang='lat' dir='ltr'>una</span> <span class='ocrx_word' id='word_1_533' title='bbox 2929 5119 2994 5174; x_wconf 89' lang='lat' dir='ltr'>et</span> <span class='ocrx_word' id='word_1_534' title='bbox 3029 5113 3252 5176; x_wconf 89' lang='lat' dir='ltr'>eadem</span> <span class='ocrx_word' id='word_1_535' title='bbox 3292 5120 3390 5176; x_wconf 90' lang='lat' dir='ltr'>est</span> <span class='ocrx_word' id='word_1_536' title='bbox 3426 5134 3538 5178; x_wconf 89' lang='lat' dir='ltr'>nu·</span> 
     </span>
     <span class='ocr_line' id='line_1_90' title="bbox 2036 5209 3533 5295; baseline 0.003 -23"><span class='ocrx_word' id='word_1_537' title='bbox 2036 5225 2228 5272; x_wconf 90' lang='lat' dir='ltr'>mero.</span> <span class='ocrx_word' id='word_1_538' title='bbox 2274 5209 2536 5282; x_wconf 84' lang='lat' dir='ltr'>Rursus,</span> <span class='ocrx_word' id='word_1_539' title='bbox 2580 5229 2782 5292; x_wconf 88' lang='lat' dir='ltr'>quum</span> <span class='ocrx_word' id='word_1_540' title='bbox 2819 5227 3006 5292; x_wconf 79' lang='lat' dir='ltr'>agere</span> <span class='ocrx_word' id='word_1_541' title='bbox 3046 5211 3130 5274; x_wconf 90' lang='lat' dir='ltr'>sit</span> <span class='ocrx_word' id='word_1_542' title='bbox 3175 5213 3533 5295; x_wconf 86' lang='lat' dir='ltr'>supposito-</span> 
     </span>
     <span class='ocr_line' id='line_1_91' title="bbox 2036 5307 3534 5394; baseline 0.004 -24"><span class='ocrx_word' id='word_1_543' title='bbox 2036 5326 2204 5384; x_wconf 90' lang='lat' dir='ltr'>rum,</span> <span class='ocrx_word' id='word_1_544' title='bbox 2235 5307 2460 5371; x_wconf 89' lang='lat' dir='ltr'>eadem</span> <span class='ocrx_word' id='word_1_545' title='bbox 2501 5308 2668 5371; x_wconf 87' lang='lat' dir='ltr'>actio</span> <span class='ocrx_word' id='word_1_546' title='bbox 2708 5326 2838 5372; x_wconf 91' lang='lat' dir='ltr'>non</span> <span class='ocrx_word' id='word_1_547' title='bbox 2881 5311 3172 5394; x_wconf 87' lang='lat' dir='ltr'>procedit</span> <span class='ocrx_word' id='word_1_548' title='bbox 3209 5329 3250 5374; x_wconf 89' lang='lat' dir='ltr'>a</span> <span class='ocrx_word' id='word_1_549' title='bbox 3285 5311 3534 5378; x_wconf 73' lang='lat' dir='ltr'>duabus</span> 
     </span>
    </p>
   </div>
  </div>
 </body>
</html>
