4300 6259
1001 493 1082 540 DE
1120 493 1348 541 Lm
1389 493 1772 542 cmusnANAE
1813 493 2115 556 maulim,
2162 495 2339 543 Lim-:n
2382 497 2421 542 1.
2470 515 2545 526 —
2589 498 2727 546 ΛΚΤ.
2774 498 2935 544 Lxxv

3390 482 3511 545 323

421 654 694 856 QUIA
723 662 1000 745 denique
1029 665 1196 726 Deus
1223 664 1416 728 totius
1445 665 1742 728 bonitatis
1773 664 1914 728 fons
1943 665 1994 728 A
2026 665 2090 728 in
2135 665 2415 749 politicis
2458 665 2579 729 sub
2622 667 2845 730 ordine
2888 666 3201 750 principis
3238 668 3519 730 contenti

587 769 760 834 est,a
781 779 906 844 quo
935 762 1236 826 omnibus
1265 762 1620 826 derivatum
1653 771 1750 825 est
1776 783 1916 828 esse

414 864 479 918 et
513 858 762 932 vivere,
807 861 1162 922 secundum
1210 859 1704 941 Philosophum;
1751 860 1918 922 sicut

415 954 552 1036 ipse
583 957 878 1019 omnium
907 975 1098 1020 causa
1134 965 1251 1031 est,
1283 958 1376 1020 sic
1419 957 1918 1021 conservationis

417 1061 480 1114 ct
543 1053 1032 1134 gubernationis
1088 1055 1460 1119 eorumdem
1522 1055 1914 1138 principium

419 1156 516 1211 est
543 1158 612 1212 et
639 1151 837 1231 origo.
873 1151 1049 1215 Unde
1079 1169 1341 1214 necesse
1371 1159 1470 1214 est
1501 1160 1569 1214 ut
1601 1153 1664 1214 in
1706 1152 1916 1234 provi·

422 1247 640 1310 dentia
714 1269 844 1312 suae
916 1250 1406 1331 sapientissimae
1475 1249 1916 1333 dispositionis

421 1345 640 1408 omnia
687 1347 961 1422 ordinet,
1013 1355 1608 1431 quantumcumque
1667 1348 1918 1411 modica

424 1443 780 1506 videantur.
823 1445 926 1508 Sic
964 1464 1162 1528 quum
1213 1445 1368 1508 fecit
1413 1444 1719 1528 primum,
1759 1445 1918 1508 vidit

427 1540 726 1604 ultimum
772 1550 836 1606 et
877 1543 1088 1606 media
1133 1545 1448 1607 universa.
1484 1544 1558 1606 Et
1601 1563 1921 1626 quaecum-

424 1657 548 1720 que
607 1643 1034 1705 secundorum
1094 1643 1420 1723 agentium
1475 1643 1720 1726 aliquid
1775 1661 1924 1706 cau-

423 1747 586 1814 sant,
641 1741 1216 1804 instrumentaliter
1269 1752 1554 1818 causant,
1615 1751 1918 1826 tanquam

2025 771 2193 826 sunt.
2228 764 2527 837 Quamvis
2572 764 2785 846 itaque
2830 764 2937 826 ille
2981 764 3215 828 divinae
3258 766 3521 828 rationis

2025 861 2405 925 universalis
2444 881 2517 924 ac
2566 863 3049 945 providentialis
3088 863 3246 925 ordo
3283 863 3523 925 incom-

2026 958 2355 1022 mutabilis
2414 978 2669 1042 semper
2726 968 3117 1042 permaneat,
3169 960 3261 1022 nil
3310 969 3521 1024 tamen

2027 1057 2325 1138 prohibet
2351 1058 2799 1140 particularem
2830 1058 3117 1121 ordinem
3148 1059 3525 1141 quandoque

2027 1154 2353 1218 immutari
2391 1172 2405 1216 z
2450 1155 2599 1237 quia
2644 1175 2837 1239 supra
2878 1175 2945 1219 se
2995 1156 3187 1220 habet
3230 1157 3524 1221 sublimi-

2025 1270 2201 1316 orem
2234 1273 2514 1328 causam,
2548 1255 2733 1336 cujus
2776 1255 3161 1318 ordinationi
3204 1263 3268 1318 et
3302 1256 3525 1320 virtuti

2027 1359 2260 1414 cuncta
2288 1360 2531 1435 parent.
2568 1353 2743 1416 Idem
2773 1371 2921 1434 ergo
2962 1352 3237 1418 erfectus
3278 1373 3393 1436 per
3431 1373 3525 1418 re-

2029 1450 2329 1513 lationem
2360 1450 2439 1512 ad
2472 1450 2899 1514 universalem
2933 1453 3399 1534 providentiam
3434 1453 3526 1516 in-

2029 1547 2347 1610 evitabilis
2378 1555 2495 1624 est,
2528 1548 2639 1631 qui
2686 1549 2749 1611 in
2789 1549 3011 1612 ordine
3050 1551 3127 1612 ad
3174 1569 3393 1614 causas
3434 1570 3529 1614 se·

2030 1646 2271 1710 cundas
2328 1647 2593 1710 omnino
2650 1647 2835 1710 vitari
2895 1654 3123 1729 potest.
3186 1648 3289 1711 Sic
3349 1650 3523 1712 enim

2033 1745 2415 1827 quandoque
2474 1743 2705 1825 legitur
2763 1745 2930 1808 Deus
2987 1745 3225 1808 dixisse
3283 1746 3527 1829 aliquid

425 1838 575 1902 huic
623 1839 860 1902 divinae
911 1841 1423 1922 praeordinationi
1473 1842 1918 1905 deservientia.
1954 1840 2002 1903 B
2032 1843 2324 1906 futurum
2374 1861 2537 1917 esse,
2591 1843 2760 1926 quod
2812 1851 3027 1905 tamen
3078 1861 3207 1906 non
3256 1846 3473 1908 evenit
3514 1863 3528 1908 :

427 1936 570 2000 Haec
611 1945 830 2000 autem
871 1937 1107 2002 divinae
1153 1939 1385 2002 mentis
1425 1939 1742 2003 ordinatio
1785 1941 1924 2002 uni-

425 2036 694 2098 versalis
741 2036 1002 2112 dicitur,
1049 2038 1266 2100 omnia
1313 2038 1768 2120 complectens,
1819 2057 1923 2101 ne·

425 2134 580 2195 dum
611 2132 886 2196 effectus
915 2152 1164 2210 omnes,
1195 2136 1308 2200 sed
1345 2143 1410 2198 et
1445 2155 1668 2198 causas
1697 2145 1764 2199 et
1793 2155 1921 2200 mo-

425 2232 542 2294 dos
597 2232 891 2296 omnium
939 2253 1082 2316 quae
1129 2233 1318 2296 fiunt.
1372 2234 1446 2296 Et
1493 2233 1598 2298 bic
1643 2236 1800 2298 ordo
1845 2254 1924 2298 ex

425 2329 562 2392 solo
619 2331 750 2393 Deo
798 2331 1136 2415 dependet,
1187 2341 1408 2416 utpote
1463 2351 1542 2396 ex
1599 2334 1926 2397 voluntate

423 2437 492 2490 et
531 2428 799 2492 scientia
839 2432 999 2512 ejus.

507 2527 692 2590 Hunc
721 2546 976 2611 quoque
1021 2530 1452 2593 universalem
1489 2531 1804 2605 ordinem,
1837 2549 1928 2594 se-

425 2627 716 2690 cundum
743 2646 937 2709 quem
969 2629 1186 2692 omnia
1225 2647 1303 2692 ex
1346 2629 1564 2692 divina
1593 2630 1928 2711 providen-

425 2724 522 2787 tia
546 2725 944 2800 ordinantur,
977 2745 1320 2809 possumus
1350 2727 1694 2810 dupliciter
1723 2729 1929 2791 consi-

427 2823 672 2886 derare.
719 2824 855 2887 Uno
899 2825 1086 2890 modo
1127 2843 1206 2888 ex
1249 2833 1426 2908 parte
1465 2826 1752 2908 originis,
1785 2845 1926 2910 quae

427 2928 528 2984 est
569 2923 841 2986 scientia
875 2930 940 2985 et
975 2923 1270 2988 voluntas
1319 2925 1512 3006 primi
1562 2925 1864 3007 principii
1909 2941 1924 2986 ε

2035 1942 2167 2004 imo
2224 1941 2397 2003 illius
2452 1942 2821 2025 oppositum
2880 1941 3048 2004 idem
3110 1943 3534 2008 immutabilis

2035 2040 2202 2103 Deus
2253 2039 2442 2122 paulo
2487 2046 2631 2122 post
2688 2039 3049 2102 subintulit.
3102 2040 3259 2103 Nam
3306 2061 3533 2105 secun·

2035 2137 2189 2200 dum
2240 2137 2691 2220 particularem
2740 2139 3029 2202 ordinem
3082 2137 3354 2202 effectus
3400 2147 3538 2204 erat

2037 2235 2437 2317 contingenS,
2473 2244 2693 2318 utpote
2734 2255 2771 2299 a
2816 2255 3007 2299 causa
3049 2245 3261 2300 creata
3303 2239 3537 2321 depen-

2037 2335 2195 2397 dens
2221 2341 2325 2396 :et
2353 2334 2446 2398 sic
2477 2333 2811 2396 dicebatur
2840 2340 3180 2414 venturus3
3204 2336 3315 2398 sed
3346 2336 3536 2410 Deua,

2037 2433 2227 2514 cujus
2270 2432 2673 2515 providentia
2708 2432 2925 2494 omnia
2968 2433 3310 2508 connectit,
3344 2435 3541 2498 ctiam

2039 2533 2148 2595 illa
2196 2530 2477 2612 providit
2518 2549 2634 2614 per
2677 2549 2820 2613 quae
2862 2531 3163 2612 impediri
3208 2533 3436 2614 potuit,
3479 2541 3544 2596 et

2036 2631 2257 2694 divina
2302 2629 2537 2692 virtute
2580 2628 2661 2691 ab
2710 2629 3119 2692 exsecutione
3165 2632 3471 2712 suspendi
3521 2650 3536 2694 ε

2037 2731 2205 2792 sicut
2246 2728 2631 2810 quandoque
2680 2744 2795 2809 per
2839 2727 3191 2790 orationem
3244 2729 3539 2793 immuta-

2039 2835 2142 2889 tur
2174 2825 2342 2907 quod
2376 2833 2719 2887 venturum
2751 2823 3101 2886 dicebatur.
3128 2825 3295 2888 Deus
3324 2834 3536 2890 autem

2039 2923 2367 3006 cognoscit
2396 2939 2497 2984 res
2529 2922 2595 2984 in
2626 2941 2742 2984 sua
2771 2920 2937 2994 luce,
2970 2921 3037 2984 in
3068 2941 3136 2985 se
3168 2923 3349 3004 ipsis,
3382 2931 3445 2986 et
3476 2925 3541 2988 in

427 3028 496 3082 et
550 3020 646 3084 sic
696 3022 823 3084 dici
873 3022 1056 3096 solet,
1107 3023 1276 3105 quod
1327 3023 1494 3086 neus
1544 3041 1670 3086 non
1724 3030 1933 3105 potest
1964 3029 2008 3092 C
2041 3022 2353 3105 proximis
2402 3028 2593 3102 atque
2642 3019 2869 3082 creatis
2918 3020 3163 3100 causis3
3210 3028 3274 3084 et
3322 3041 3545 3085 secun-

425 3121 682 3202 ope'rari
741 3127 972 3202 praeter
1027 3120 1454 3184 universalem
1515 3120 1930 3204 providentiae

427 3239 562 3283 suae
591 3219 1026 3300 exemplarem
1056 3219 1370 3283 ordinem.
1403 3219 1540 3282 Non
1580 3221 1754 3284 enim
1796 3227 1929 3302 pot·

427 3325 530 3380 est
575 3318 734 3400 quid
784 3317 1136 3400 producere
1193 3318 1364 3400 quod
1411 3335 1539 3381 non
1588 3319 1670 3381 sit
1716 3317 1798 3381 ab
1855 3335 1932 3380 eo

429 3416 894 3500 praecognitum
933 3422 998 3478 et
1023 3415 1338 3494 volitum3
1371 3435 1578 3498 neque
1617 3435 1756 3479 esse
1799 3424 1934 3498 pot-

427 3523 550 3588 est,
593 3521 664 3576 ut
707 3513 789 3577 ab
829 3521 1066 3576 aeterno
1108 3531 1236 3576 non
1281 3514 1514 3577 viderit
1554 3521 1619 3578 et
1661 3514 1932 3578 voluerit

429 3631 624 3676 omne
655 3611 826 3694 quod
856 3618 1076 3693 postea
1105 3610 1244 3673 vult
1281 3619 1346 3674 et
1383 3611 1574 3674 videt.
1611 3612 1674 3674 Si
1715 3620 1927 3675 autem

429 3711 539 3774 hic
595 3710 754 3772 ordo
820 3709 1262 3772 consideretur
1319 3727 1397 3772 ex
1455 3715 1632 3792 parte
1691 3729 1928 3784 rerum,

429 3827 636 3892 quum
679 3825 782 3870 res
819 3827 858 3870 a
897 3808 1023 3870 Deo
1071 3815 1373 3870 emanent
1413 3809 1622 3890 quoad
1665 3809 1933 3890 primor-

431 3906 669 3970 dialem
715 3906 1210 3978 institutionem,
1241 3923 1370 3968 non
1407 3907 1786 3969 necessitate
1823 3925 1930 3970 na-

389 4016 615 4081 uturae,
653 4005 765 4068 sed
807 4004 1008 4067 libera
1045 4004 1392 4078 voluntate,
1427 4012 1498 4066 ut
1527 4023 1722 4088 supra
1755 4005 1932 4068 habi-

431 4115 574 4168 tum
604 4113 734 4184 est3
765 4103 858 4166 sic
889 4103 1054 4166 Deus
1083 4102 1162 4165 de
1191 4101 1482 4166 absoluta
1510 4103 1612 4164 sui
1651 4105 1935 4185 potentia

2040 3122 2196 3184 dum
2246 3121 2365 3184 hoc
2414 3119 2493 3182 de
2544 3101 2767 3182 eodem
2819 3117 3072 3181 diversa
3116 3119 3361 3200 judicia
3406 3139 3544 3204 pro-

2040 3219 2168 3282 l'ert
2200 3236 2213 3280 :
2246 3235 2449 3300 quum
2478 3225 2691 3279 tamen
2724 3216 2862 3298 ipse
2900 3215 3263 3280 invariabili
3301 3219 3547 3284 ratione

2042 3317 2203 3380 sciat
2229 3313 2543 3398 quidquid
2574 3314 2848 3377 eveniet.
2883 3314 3131 3398 Quippe
3170 3335 3374 3398 quum
3413 3335 3547 3380 ora-

2043 3415 2249 3478 tiones
2280 3413 2435 3496 ipsae
2463 3413 2657 3475 etiam
2678 3411 2797 3476 sub
2816 3412 2938 3476 hoc
2958 3412 3304 3477 universali
3323 3415 3546 3478 ordine

2041 3530 2381 3578 causarum
2440 3529 2631 3594 quem
2680 3511 2898 3573 divina
2957 3511 3359 3594 providentia
3410 3531 3547 3596 pro·

2040 3611 2205 3675 vidit
2248 3616 2563 3673 contentae
2604 3608 2755 3682 sint,
2807 3608 3151 3672 innotescit
3192 3611 3361 3693 quod
3404 3629 3545 3693 pro-

2043 3717 2186 3793 pter
2215 3707 2799 3772 immutabilitatem
2830 3714 3081 3770 aeternae
3108 3709 3545 3791 dispositionis

2042 3825 2171 3872 non
2224 3805 2437 3888 potius
2485 3805 2767 3868 tollenda
2815 3812 2912 3866 est
2968 3804 3261 3868 efficacia
3316 3807 3545 3870 oratio-

2043 3925 2201 3969 num
2244 3907 2643 3976 Sanctorum,
2677 3921 2873 3984 quam
2916 3911 3272 3966 ceterorum
3318 3923 3544 3966 secun-

2042 4005 2271 4068 dorum
2302 4001 2649 4084 agentium.
2688 4001 2947 4082 Propter
2984 4001 3155 4082 quod
3194 4001 3321 4064 dici
3358 4003 3540 4078 solet,

2042 4103 2214 4186 quod
2259 4099 2553 4185 quamvis
2593 4099 3065 4181 praedestinatio
3112 4117 3241 4162 non
3290 4108 3545 4164 emanat

433 4204 640 4268 multa
667 4202 878 4266 facere
907 4208 1116 4284 potest
1143 4207 1372 4284 praeter
1399 4201 1684 4264 ordinem
1715 4221 1932 4266 eorum
1963 4205 2014 4270 D
2043 4221 2120 4266 ex
2191 4200 2459 4274 meritis,
2518 4197 2793 4262 effectus
2852 4206 3065 4260 tamen
3134 4199 3541 4280 praedestina·

431 4321 578 4386 quae
627 4319 744 4364 sua
787 4299 1191 4382 providentia
1237 4299 1560 4362 connectit
1605 4318 1618 4362 :
1662 4318 1791 4364 non
1837 4310 1936 4365 est

433 4401 610 4466 enim
659 4399 894 4461 divinae
943 4397 1198 4460 virtutis
1246 4397 1582 4460 causalitas
1628 4401 1934 4464 exhausta

431 4508 548 4564 aut
583 4497 1021 4562 determinata.
1066 4495 1408 4560 Enimvero
1442 4496 1608 4560 alius
1645 4506 1742 4561 est
1779 4501 1933 4564 ordo

433 4599 670 4661 divinae
700 4595 1116 4678 providentias
1144 4595 1569 4678 particularis,
1591 4596 1778 4677 cujus
1808 4598 1932 4661 ori·

431 4715 519 4779 go
554 4705 652 4759 est
688 4695 906 4778 aliqua
943 4711 1132 4756 causa
1169 4700 1399 4768 creata,
1431 4700 1495 4756 et
1537 4695 1822 4758 continet
1858 4715 1932 4760 ea

434 4815 578 4879 quae
608 4814 816 4858 causae
847 4793 956 4856 tali
988 4795 1263 4857 subsunt
1295 4811 1308 4856 :
1342 4803 1406 4857 et
1435 4794 1540 4856 hic
1579 4795 1734 4858 ordo
1773 4796 1933 4858 mul-

432 4894 634 4977 tiplex
692 4900 792 4956 est
835 4893 1192 4956 secundum
1237 4893 1672 4956 diversitatem
1719 4913 1934 4958 causa-

431 5011 576 5056 rum
623 4993 690 5054 in
741 4991 1050 5054 creaturis
1091 4991 1557 5054 exsistentium.
1591 5026 1672 5036 —
1699 4992 1932 5055 Omnes

431 5099 652 5154 autem
683 5089 1104 5172 particulares
1143 5090 1400 5152 ordines
1432 5089 1553 5152 sub
1584 5089 1933 5153 universali

427 5190 658 5254 ordine
699 5187 1335 5271 comprehenduntur
1369 5195 1432 5250 et
1469 5187 1550 5250 ab
1593 5187 1704 5250 illo
1745 5188 1936 5269 origi-

2041 4301 2237 4364 tionis
2264 4297 2608 4381 aliquando
2638 4315 2717 4360 ex
2749 4296 2995 4361 meritis
3026 4303 3140 4360 est.
3177 4296 3352 4361 Unde
3392 4297 3542 4363 Gre-

2039 4400 2258 4482 gorius
2304 4397 2391 4461 ait
2444 4415 2459 4460 :
2508 4395 2645 4460 Non
2694 4403 2898 4458 mutat
2943 4395 3111 4458 Deus
3170 4397 3535 4476 consilium,

2043 4497 2337 4582 quamvis
2404 4495 2787 4579 quandoque
2854 4501 3057 4557 mutet
3130 4497 3535 4574 sententiam,

2044 4616 2171 4660 non
2237 4596 2415 4658 illam
2485 4613 2627 4676 quae
2692 4593 2997 4675 exprimit
3051 4593 3537 4676 dispositionem

2042 4704 2368 4768 aeternam,
2402 4693 2513 4756 sed
2542 4712 2683 4755 eam
2723 4711 2865 4774 quae
2901 4691 3207 4774 exprimit
3244 4693 3534 4757 ordinem

2043 4793 2423 4857 inferiorum
2472 4809 2808 4854 causarum
2861 4806 2875 4852 :
2928 4790 3096 4853 sicut
3143 4791 3221 4852 de
3270 4791 3537 4856 Ezechia

2041 4892 2397 4966 dicebatur,
2428 4891 2597 4973 quod
2630 4890 2978 4952 moriturus
3022 4895 3210 4964 esset,
3243 4897 3308 4951 et
3344 4891 3535 4972 paulo

2042 5000 2188 5075 post
2215 4990 2582 5074 oppositum
2614 4989 2807 5068 hujus
2838 4987 3036 5049 latum
3068 4995 3182 5049 est.

2123 5089 2244 5153 Sed
2276 5088 2358 5152 ob
2387 5087 2841 5169 digressionem
2882 5085 3047 5148 hanc
3083 5085 3297 5150 forsan
3334 5088 3536 5152 incre-

2044 5187 2279 5272 pabilis
2308 5185 2589 5249 videbor.
2605 5185 3079 5267 Spoponderam
3110 5185 3349 5249 etenim
3379 5187 3535 5251 olim

3572 4806 3628 4854 tv
3644 4807 3747 4866 aeq.
3758 4821 3825 4864 xx,

3565 4874 3604 4924 1,
3626 4875 3665 4925 5,
3686 4875 3729 4916 6.

426 5295 690 5363 uantur,
723 5288 894 5349 sicut
919 5285 1176 5350 ordines
1205 5285 1583 5349 inferiorum
1615 5293 1936 5350 rectorum
2050 5287 2115 5350 in
2175 5285 2373 5367 hujus
2430 5282 2578 5346 libri
2634 5282 2915 5357 exordi0,
2968 5283 3032 5344 in
3082 5283 3295 5366 primo
3338 5285 3535 5368 hujus
3562 5309 3724 5351 mv..
