4300 6259
928 508 1007 553 DE
1048 507 1275 555 Lmnrm
1316 506 1697 554 cunisriANAE
1738 506 2039 564 Tnssoauz,
2085 507 2261 554 unna
2305 507 2368 553 11.
2414 526 2494 537 —·
2534 508 2672 554 ΛΚΤ.
2719 508 2870 555 xxx!

3337 486 3460 551 425

334 696 547 760 quum
598 677 663 740 in
704 678 905 742 Deum
941 678 1241 742 accidens
1288 680 1513 742 cadere
1552 684 1846 761 nequeat,
1877 676 1931 741 A
1960 676 2164 761 ipsius
2222 678 2477 761 plenam
2534 698 2606 741 ac
2666 677 3196 762 superexaltatam
3255 674 3460 759 perfe-

334 776 448 857 qui
482 776 995 840 substantialiter
1023 778 1351 860 perfectus
1380 784 1492 851 est,
1504 777 1851 841 secundum

336 874 934 957 praedemonstram.
998 876 1108 938 Est
1180 876 1377 957 igitur
1446 896 1613 938 unus
1682 877 1849 939 Deus

335 972 697 1047 dumtaxat,
748 972 899 1055 quia
957 993 1084 1037 una
1130 981 1379 1038 tantum
1444 974 1507 1037 in
1568 975 1697 1037 Deo
1755 980 1852 1037 est

336 1070 704 1133 subsistens
762 1072 1057 1135 essentia.
1121 1074 1283 1135 Sunt
1345 1090 1497 1137 vero
1563 1090 1851 1155 personae

335 1167 585 1249 plures,
630 1178 891 1252 propter
928 1169 1415 1234 subsistentium
1468 1170 1847 1234 relationum

336 1266 846 1332 distinctionem.
910 1270 1089 1333 Unde
1154 1270 1219 1331 in
1290 1269 1483 1333 rebus
1549 1270 1850 1333 humanis

338 1383 767 1446 personarum
816 1368 1143 1431 distinctio
1190 1386 1317 1432 non
1366 1369 1717 1432 attenditur
1759 1388 1851 1432 se·

338 1463 631 1527 cundum
681 1473 973 1528 naturam
1024 1466 1286 1549 speciei,
1337 1466 1447 1529 sed
1496 1467 1849 1530 secundum

338 1561 649 1642 adjuncta
678 1564 971 1627 essentiae
1002 1564 1343 1646 specificae.
1362 1565 1849 1649 participatione

338 1662 520 1722 enim
572 1662 811 1744 speciei
866 1662 1084 1745 plures
1132 1662 1427 1727 homines
1488 1673 1637 1727 sunt
1682 1684 1849 1726 unus

340 1760 561 1833 homo,
586 1761 943 1822 secundum
974 1760 1413 1844 Porphyrium.
1449 1762 1625 1825 Sicut
1656 1762 1851 1844 igitur

339 1875 569 1921 omnes
612 1857 909 1922 homines
953 1877 1083 1923 non
1126 1861 1427 1923 dicuntur
1469 1860 1849 1944 simpliciter

338 1974 513 2018 unus
553 1956 751 2021 homo
794 1966 1057 2040 propter
1096 1960 1406 2021 unitatem
1445 1958 1705 2041 speciei,
1738 1960 1847 2022 sed

337 2054 567 2136 plures
628 2065 892 2139 propter
946 2058 1249 2139 adjuncta
1309 2066 1589 2135 naturae3
1640 2058 1733 2120 sic
1782 2058 1847 2120 in

338 2154 585 2216 divinis
636 2155 855 2236 plures
915 2172 1201 2237 personae
1262 2155 1643 2219 confitendae
1702 2163 1847 2217 suut

338 2261 609 2335 propter
638 2252 1021 2317 relationum
1041 2253 1529 2328 distinctionem,
1544 2253 1653 2315 sed
1686 2274 1849 2317 unus

338 2352 677 2415 dumtaxat
727 2353 917 2426 Deus,
968 2352 1050 2415 ob
1098 2362 1341 2417 naturae
1390 2352 1849 2416 individualem

340 2449 684 2512 unitatem.
733 2486 812 2495 —
855 2451 971 2512 Per
1012 2450 1133 2514 hoc
1176 2458 1400 2534 quarta
1444 2451 1603 2513 ratio
1644 2450 1849 2515 soluta

339 2556 439 2610 est
474 2566 491 2609 ε
534 2549 691 2630 quia
734 2548 1010 2612 essentia
1055 2549 1271 2612 divina
1316 2558 1413 2612 est
1455 2550 1845 2633 principium

340 2646 877 2711 individuationis
918 2646 1123 2729 ipsius
1163 2647 1297 2721 Dei,
1340 2656 1405 2710 et
1446 2649 1509 2709 in
1553 2648 1679 2711 alio
1721 2650 1849 2711 Deo

340 2762 475 2807 non
506 2753 627 2819 est,
659 2746 828 2809 sicut
860 2765 1066 2829 neque
1097 2746 1443 2828 paternitas
1476 2748 1639 2809 inest
1667 2748 1843 2809 Filio.

422 2844 521 2905 Ad
570 2844 861 2925 quintam
912 2844 1145 2908 solutio
1192 2852 1311 2919 est,
1370 2846 1538 2927 quod
1591 2865 1701 2927 per
1758 2864 1849 2907 re·

338 2940 617 3005 lationes
656 2960 945 3023 personae
984 2944 1465 3025 distinguuntur
1494 2945 1845 3007 secundum

1959 777 2260 851 ctionem,
2311 778 2636 861 oppositas
2683 779 3022 842 relationes
3068 774 3322 839 fundari
3365 772 3459 836 nil

1958 893 2220 958 prorsus
2265 876 2563 958 prohibet
2609 894 2622 940 :
2673 883 2742 939 ut
2785 876 3002 940 divina
3045 874 3320 957 simplex
3363 890 3458 935 es·

1946 974 2166 1043 ‚sentia
2195 973 2278 1035 sit
2309 974 2478 1037 idem
2508 974 2874 1057 paternitati
2906 982 2970 1037 et
3001 971 3320 1045 filiationi,
3353 971 3460 1034 Pa·

1960 1073 2171 1155 trique
2213 1080 2276 1135 et
2320 1074 2496 1137 Filio.
2543 1074 2672 1138 Hoc
2715 1082 2931 1137 autem
2977 1091 3104 1137 non
3150 1071 3462 1153 contingit

1960 1171 2027 1233 in
2060 1171 2252 1234 rebus
2281 1172 2528 1235 creatis.
2563 1172 2722 1235 Nam
2763 1172 2830 1234 in
2871 1172 3000 1234 illis
3041 1170 3264 1233 relatio
3293 1188 3461 1233 com-

1961 1276 2219 1352 paratur
2272 1270 2350 1332 ad
2399 1270 2764 1333 absolutum
2815 1270 2984 1333 sicut
3038 1268 3332 1331 accidens
3381 1268 3458 1330 ad

1960 1367 2368 1449 subjectum3
2416 1386 2540 1431 non
2601 1376 2814 1432 autem
2865 1369 2930 1431 in
2981 1369 3129 1439 Deo,
3177 1366 3286 1429 sed
3347 1386 3464 1449 per

1962 1466 2224 1529 modum
2259 1466 2630 1541 identitatis,
2663 1467 3016 1529 secundum
3047 1465 3216 1549 quod
3245 1464 3462 1527 omnia

1959 1582 2101 1645 quae
2141 1563 2206 1625 in
2247 1582 2324 1627 eo
2367 1571 2537 1638 sunt,
2571 1564 2714 1645 ejus
2743 1564 3034 1627 essentiae
3075 1562 3460 1626 identificari

1959 1682 2220 1727 necesse
2261 1669 2376 1725 est.
2427 1662 2516 1725 Ex
2565 1680 2692 1744 quo
2738 1661 3043 1725 elucescit
3087 1660 3459 1725 relationem

1960 1762 2025 1824 in
2071 1762 2200 1825 Deo
2243 1760 2556 1824 veraciter
2597 1778 2760 1833 esse,
2793 1778 2994 1842 quum
3037 1766 3462 1842 consequatur

1884 1856 2176 1923 Bveram
2236 1859 2348 1922 Dei
2405 1858 2863 1941 operationem,
2923 1857 3223 1920 videlicet
3278 1855 3462 1919 intel-

1958 1959 2155 2041 ligere
2204 1966 2266 2021 et
2313 1976 2546 2020 amare.
2597 1958 2717 2019 Sed
2763 1956 3084 2039 quomodo
3127 1956 3190 2017 in
3235 1954 3458 2018 eadem

1956 2057 2236 2120 essentia
2293 2056 2604 2119 contineri
2677 2055 2880 2137 possit
2945 2055 3082 2117 sine
3150 2053 3461 2134 composi-

1958 2154 2154 2228 tione,
2201 2162 2266 2217 et
2307 2154 2476 2236 quod
2518 2153 2964 2215 distinctivum
3015 2160 3112 2214 est
3161 2169 3458 2233 persona-

1958 2270 2125 2327 rum,
2173 2260 2237 2316 et
2279 2252 2449 2335 quod
2493 2252 2736 2315 eisdem
2784 2268 3126 2314 commune
3169 2258 3286 2322 est,
3327 2248 3456 2330 jam

1959 2351 2503 2434 praeexplanatum
2561 2358 2678 2413 est.

2035 2449 2212 2512 Licet
2258 2455 2470 2511 autem
2521 2449 2652 2511 sint
2699 2448 2764 2511 in
2813 2449 2942 2511 Deo
3001 2446 3338 2509 relativum
3398 2453 3460 2507 et

1957 2551 2431 2623 correlativum,
2483 2568 2612 2612 non
2663 2558 2877 2612 tamen
2939 2548 3080 2611 ideo
3123 2554 3220 2610 est
3270 2546 3333 2608 in
3383 2564 3458 2609 eo

1956 2648 2403 2731 dependentia,
2427 2648 2536 2710 sed
2570 2655 2898 2729 respectus
2931 2646 3212 2730 quidam,
3233 2646 3298 2707 in
3330 2662 3460 2727 quo

1958 2747 2284 2810 relationis
2332 2746 2490 2809 ratio
2533 2746 2855 2808 fundatur.
2903 2744 3060 2819 Quia
3107 2743 3342 2807 etenim
3391 2744 3454 2805 in

1956 2846 2086 2908 Deo
2131 2844 2470 2908 relationes
2514 2845 2940 2907 accidentales
2981 2862 3105 2907 non
3149 2849 3319 2914 sunt,
3352 2842 3456 2905 de-

1961 2943 2371 3025 pendentiam
2403 2960 2530 3006 non
2565 2942 2877 3005 inducunt
2907 2943 3074 3005 sicut
3103 2942 3167 3003 in
3199 2940 3456 3004 entibus

336 3041 512 3122 quod
554 3059 685 3103 una
726 3040 808 3102 ab
847 3041 972 3103 alia
1010 3050 1296 3121 emanat3
1330 3044 1439 3105 sed
1478 3043 1539 3104 in
1572 3044 1846 3105 essentia
1881 3044 1925 3109 C
1959 3041 2206 3105 creatis.
2227 3042 2681 3104 Verumtamen
2725 3058 2959 3105 nomen
2990 3038 3454 3123 dependentiae,

336 3158 543 3201 unum
578 3146 731 3201 sunt
764 3156 777 3200 :
812 3140 1351 3222 quemadmodum
1386 3140 1607 3203 eadem
1638 3160 1847 3203 essen-

334 3238 425 3301 tia
472 3246 573 3301 est
615 3256 717 3301 res
762 3238 1005 3302 habens
1035 3256 1175 3301 esse
1216 3238 1609 3313 naturaliter,
1643 3248 1707 3302 et
1744 3241 1843 3303 sui

338 3336 549 3418 ipsius
622 3336 1026 3417 intelligibile
1088 3336 1379 3399 verbum.
1440 3337 1575 3399 Non
1632 3346 1842 3401 tamen

336 3441 595 3516 oportet
634 3441 703 3496 ut
742 3434 1035 3498 essentiae
1074 3435 1405 3497 entitatem
1436 3436 1713 3517 aliquam
1747 3456 1847 3498 su-

339 3532 651 3615 peraddat
688 3533 929 3596 relati0.
964 3533 1119 3596 Nam
1161 3534 1465 3615 quoniam
1504 3552 1725 3596 omnes
1754 3553 1846 3596 re-

340 3649 485 3691 rum
535 3630 962 3711 perfectiones
1001 3632 1067 3695 in
1108 3631 1327 3694 divina
1364 3632 1639 3694 essentia
1680 3632 1846 3694 sicut

342 3730 407 3791 in
460 3730 725 3792 fontana
770 3730 1017 3813 origine
1066 3731 1619 3814 supereminenter
1675 3749 1845 3793 com·

341 3828 853 3911 prehenduntur,
914 3829 1033 3891 hoc
1088 3830 1257 3912 quod
1318 3829 1559 3891 naturis
1619 3830 1845 3891 creatis

340 3945 459 4007 per
502 3924 791 3988 diversas
831 3925 1070 3988 formas
1114 3927 1441 4008 competit,
1486 3926 1613 3988 Deo
1656 3925 1846 3988 unica

339 4024 571 4096 forma,
614 4042 757 4106 quae
800 4031 898 4086 est
938 4024 1079 4105 ejus
1122 4024 1591 4107 sapei-simplex
1634 4043 1845 4087 essen-

337 4122 446 4196 tia,
479 4139 745 4185 necesse
776 4129 875 4185 est
904 4122 1247 4185 convenire
1269 4123 1843 4204 :quemadmodum

1956 3139 2037 3202 ab
2081 3139 2570 3221 imperfectione
2613 3159 2756 3222 quae
2793 3147 2891 3203 est
2928 3158 3003 3201 ex
3045 3145 3222 3221 parte
3265 3145 3456 3200 mate-

1957 3238 2065 3300 riae
2096 3257 2210 3300 seu
2243 3238 2512 3319 passivae
2544 3238 2836 3321 potentiae
2856 3238 2956 3301 vel
2990 3236 3452 3319 possibilitatiS,

1958 3336 2211 3398 videtur
2240 3354 2380 3399 esse
2423 3336 2795 3419 impositum
2833 3354 2846 3397 ε
2881 3336 3152 3417 ideoque
3193 3334 3257 3396 in
3297 3334 3453 3396 divi-

1955 3434 2056 3495 nis
2087 3434 2456 3497 nullatenus
2495 3434 2706 3497 locum
2747 3434 2956 3496 habet.
2989 3434 3124 3496 Non
3157 3440 3254 3495 est
3282 3432 3454 3495 enim

1957 3532 2020 3595 in
2073 3533 2203 3596 Deo
2251 3533 2570 3596 emanatio
2627 3532 3022 3614 imperfecta,
3066 3540 3130 3593 et
3176 3531 3341 3593 entis
3392 3532 3455 3594 in

1956 3633 2243 3714 potentia
2288 3651 2325 3694 a
2367 3631 2689 3714 perfect03
2740 3632 2848 3693 sed
2895 3639 2992 3693 est
3041 3630 3106 3693 in
3155 3648 3230 3693 eo
3279 3630 3458 3692 dum-

1953 3738 2129 3793 taxat
2185 3729 2450 3793 diffusio
2494 3736 2672 3791 aetus
2722 3728 2802 3791 ab
2849 3737 2993 3791 actu
3055 3746 3068 3791 :
3123 3747 3264 3809 quae
3322 3747 3456 3791 om-

1954 3848 2103 3891 nem
2131 3827 2686 3910 imperfectionem
2715 3846 2788 3889 ac
2820 3827 3235 3907 indigentiam
3268 3827 3449 3889 tollit.

1954 3960 2033 3971 —
2076 3926 2149 3987 Et
2208 3944 2322 4008 per
2378 3926 2550 3988 hunc
2612 3927 2871 3988 modum
2929 3926 3308 3988 solvendum
3359 3934 3454 3989 est

1954 4024 2125 4107 quod
2174 4024 2252 4087 de
2299 4024 2648 4105 indigentia
2697 4024 3130 4087 introductum
3176 4032 3292 4087 est.
3341 4026 3452 4087 Ve-

1954 4142 2095 4185 rum
2147 4123 2390 4204 quippe
2440 4129 2558 4197 est,
2609 4123 2778 4205 quod
2826 4122 3024 4185 Filius
3069 4124 3265 4204 (sicut
3313 4124 3449 4206 ipse
3505 4144 3671 4186 loann.
3733 4174 3746 4195 .

333 4220 529 4283 homo
558 4220 683 4283 alia
714 4227 937 4282 natura
966 4228 1061 4283 est
1102 4219 1313 4293 homo,
1345 4228 1409 4283 et
1446 4220 1571 4283 alia
1604 4222 1839 4301 justuS,
1878 4229 1927 4291 D
1956 4221 2376 4300 contestatur)
2414 4238 2540 4283 non
2590 4229 2796 4303 potest
2834 4241 2869 4283 a
2911 4240 2978 4285 se
3017 4222 3227 4284 facere
3269 4222 3450 4304 quid·
3484 4210 3546 4249 ¹⁰·

333 4326 528 4400 atque
572 4318 699 4379 alia
746 4317 1039 4399 sapiens3
1072 4318 1237 4380 Deus
1281 4336 1433 4381 vero
1478 4337 1593 4399 per
1636 4320 1843 4401 ipsam

336 4436 519 4479 suam
563 4416 909 4480 essentiam
950 4417 1117 4479 Deus
1156 4425 1273 4491 est,
1314 4423 1379 4479 et
1425 4416 1703 4499 sapiens,
1745 4420 1844 4500 ju-

337 4522 496 4588 stus,
548 4521 830 4588 sanctus»,
882 4524 947 4577 et
992 4514 1307 4597 quidquid
1365 4524 1723 4579 ceterorum
1784 4518 1841 4580 ei

335 4612 601 4675 attribui
647 4619 873 4695 potest.
922 4612 1056 4675 Non
1102 4619 1200 4674 est
1242 4631 1393 4694 ergo
1440 4614 1843 4698 impossibile

338 4718 409 4773 ut
470 4710 535 4772 in
596 4710 736 4793 ipsa
792 4711 904 4773 Dei
965 4711 1241 4774 essentia
1300 4712 1722 4788 contineatur,
1782 4722 1847 4776 et

336 4809 509 4889 quod
560 4809 989 4872 distinctionis
1042 4828 1455 4892 personarum
1508 4812 1667 4875 ratio
1723 4820 1839 4886 est,

336 4906 643 4969 videlicet
672 4906 916 4981 relatio,
930 4916 994 4970 et
1024 4908 1195 4990 quod
1225 4909 1469 4972 eisdem
1502 4928 1842 4973 commune

336 5014 457 5077 est,
490 5004 734 5087 absque
765 5006 885 5069 hoc
926 5008 1095 5089 quod
1136 5007 1570 5090 respectivum
1600 5008 1843 5091 aliquid

334 5103 725 5185 superaddat
766 5102 1077 5168 absoluto.
1113 5140 1191 5150 —
1222 5104 1299 5168 Et
1329 5124 1441 5187 per
1482 5105 1602 5169 hoc
1646 5114 1839 5187 patet,

334 5202 493 5283 quid
522 5202 603 5264 ad
632 5210 1005 5284 sequentem
1036 5202 1464 5283 objectionem
1496 5204 1841 5268 dicendum

1955 4338 2172 4402 quam,
2209 4319 2317 4382 sed
2349 4338 2488 4381 esse
2521 4327 2584 4381 et
2612 4338 2796 4401 agere
2837 4329 2934 4383 est
2973 4322 3029 4383 ei
3063 4340 3099 4383 a
3129 4321 3306 4383 Patre
3343 4321 3450 4384 do·

1955 4426 2175 4481 natum
2212 4436 2226 4481 :
2265 4437 2390 4481 non
2423 4425 2633 4480 tamen
2669 4426 2764 4480 est
2793 4419 2856 4480 in
2889 4419 3048 4482 Filio
3079 4420 3446 4500 indigentia.

1954 4516 2110 4579 Nam
2147 4517 2430 4599 perfecta
2473 4517 2792 4580 aeternitas
2831 4524 2892 4579 et
2923 4517 3273 4580 divinitatis
3321 4518 3450 4600 ple-

1956 4614 2202 4685 nitudo,
2237 4635 2378 4696 quae
2424 4615 2580 4678 Filio
2610 4634 2645 4677 a
2676 4616 2855 4678 Patre
2900 4623 2963 4677 et
3000 4615 3266 4698 Spiritui
3299 4617 3448 4678 San·

1956 4721 2057 4774 cto
2096 4713 2178 4773 ab
2219 4721 2489 4795 utroque
2530 4714 2866 4787 donantur,
2902 4732 3158 4776 omnem
3191 4714 3446 4797 penitus

1956 4811 2372 4892 indigentiam
2423 4811 2899 4893 ,praescindunt
2973 4811 3132 4873 Nam
3206 4813 3446 4875 ratione

1952 4908 2323 4971 aeternitatis
2364 4928 2490 4970 non
2533 4918 2628 4970 est
2669 4910 2730 4970 in
2774 4909 3063 4990 personis
3103 4912 3448 4972 emananti-

1952 5008 2072 5070 bus
2104 5007 2394 5090 accipere
2426 5008 2667 5070 exitum
2703 5008 2779 5069 de
2802 5008 3085 5090 potentia
3116 5008 3180 5069 in
3211 5016 3446 5081 actum,

1952 5126 2063 5169 seu
2105 5124 2233 5169 non
2276 5124 2414 5168 esse
2452 5113 2598 5167 ante
2637 5124 2794 5168 esse.
2841 5106 3197 5186 Indigentia
3234 5115 3445 5169 autem

1952 5222 2177 5267 nomen
2213 5204 2428 5267 sortita
2458 5212 2556 5267 est
2582 5203 2662 5265 ab
2691 5204 2790 5266 his
2810 5202 3149 5267 effectibus
3171 5205 3276 5287 qui
3311 5224 3446 5288 per-

334 5302 439 5363 sit.
473 5300 543 5365 In
584 5301 727 5383 ipsa
762 5318 996 5383 nempe
1036 5301 1256 5365 divina
1284 5302 1581 5375 essentia,
1614 5301 1698 5365 ob
1739 5302 1838 5366 sui
1948 5301 2210 5366 fectioni
2252 5321 2588 5366 causarum
2631 5320 2888 5365 suarum
2919 5320 3046 5365 non
3079 5311 3428 5386 aequantur.
