4300 6259
530 1109 667 1154 Hebr.
682 1123 713 1162 ι.
725 1113 793 1156 14.

569 5037 722 5090 quest.
746 5038 786 5078 8.

822 511 939 576 164
1672 531 2094 578 annuarum
2136 529 2535 576 maome-ma.
2582 548 2663 559 —-
2705 531 2782 576 na
2825 530 3084 577 manus

818 697 1028 761 anima
1057 699 1125 761 in
1153 699 1381 763 umbra
1410 700 1841 783 intelligentiae
1870 701 2101 764 dicitur
2126 700 2311 762 facta.
2345 698 2396 761 A
2429 699 2760 763 individua
2817 699 2936 762 sub
2995 719 3124 763 una
3180 699 3395 782 specie
3453 701 3592 764 sine
3640 698 3944 762 materia.

902 796 1187 880 Denique
1206 799 1393 879 (teste
1423 800 1751 880 Gregorio)
1778 799 2041 880 angelus
2080 816 2318 861 nomen

820 893 1027 957 officii
1071 903 1169 958 est
1209 896 1421 978 potius
1466 915 1657 978 quam
1704 905 1945 960 naturae
1992 915 2006 958 :
2052 897 2316 977 angelus

821 1012 1099 1074 namque
1146 995 1409 1056 nuntius
1459 995 1929 1078 interpretatur.
1979 994 2316 1076 Quumque

823 1090 1104 1153 universi
1150 1091 1244 1154 illi
1288 1093 1647 1176 incorporei
1697 1093 1895 1156 animi
1946 1094 2075 1154 sint
2122 1092 2319 1154 admi-

822 1188 1163 1252 nistratorii
1212 1190 1498 1272 spirituS‚
1540 1191 1606 1253 in
1656 1190 2084 1253 ministerium
2138 1189 2318 1252 missi

822 1293 1080 1368 propter
1128 1287 1386 1363 electOS,
1438 1295 1512 1350 ut
1559 1287 1726 1351 infra
1773 1288 2044 1363 dicetur,
2092 1305 2317 1350 omnes

819 1386 1147 1449 communi
1203 1386 1512 1449 vocabulo
1572 1387 1781 1468 angeli
1841 1393 2312 1468 nuncupantur.

818 1484 959 1547 Alio
1016 1485 1207 1548 modo
1262 1485 1527 1566 angelus
1585 1504 1822 1549 nomen
1882 1492 1979 1548 est
2038 1483 2316 1567 speciale

818 1581 1163 1664 spirituum
1212 1582 1425 1646 infimi
1475 1583 1652 1646 chori
1702 1582 1988 1665 superni,
2039 1600 2314 1664 quorum

816 1688 915 1742 est
962 1679 1232 1744 minima
1275 1681 1571 1744 nuntiare
1613 1700 1687 1744 ac
1731 1681 2003 1762 singulis
2046 1698 2319 1762 praeesse

817 1778 1207 1842 hominibus.
1255 1780 1524 1862 Insuper
1571 1779 1856 1841 universi
1907 1778 2003 1840 illi
2052 1778 2318 1860 spiritus

2429 797 2779 871 SecunduS,
2822 799 2992 880 quod
3037 797 3257 862 formae
3301 816 3428 861 non
3475 799 3792 881 recipiant
3843 797 3954 859 di-

2429 895 2744 960 visionem
2803 915 2914 958 seu
2975 896 3598 978 multiplicationem,
3650 895 3778 959 nisi
3837 913 3954 958 se-

2431 994 2713 1056 cundum
2775 995 3106 1057 materiam
3161 1012 3174 1056 :
3228 995 3352 1057 nisi
3413 994 3806 1076 intelligatur
3855 994 3954 1056 de

2432 1092 2653 1155 formis
2697 1111 2775 1154 ex
2821 1093 3101 1156 materiae
3149 1093 3610 1174 potentialitate
3657 1092 3947 1155 eductis.

2429 1190 2700 1263 Tertius,
2761 1191 2930 1272 quod
2989 1210 3066 1253 ex
3125 1208 3253 1272 quo
3309 1190 3744 1272 intelligentiae
3805 1208 3952 1253 non

2431 1287 2669 1350 habent
2706 1288 3074 1361 materiam,
3097 1289 3264 1352 Deus
3305 1287 3513 1351 facere
3551 1306 3680 1352 non
3717 1296 3956 1370 posset

2434 1385 2649 1467 plures
2707 1387 2943 1467 speciei
3002 1387 3312 1467 ejusdem.
3367 1387 3474 1448 His
3521 1385 3734 1448 verbis
3781 1387 3952 1448 sub-

2427 1483 2640 1564 jungit
2685 1484 2996 1546 Henricus
3049 1501 3063 1546 :
3115 1485 3274 1546 Hinc
3323 1484 3532 1548 Sancti
3583 1484 3784 1547 nostri
3843 1493 3952 1546 te·

2432 1589 2678 1644 stantur
2734 1583 2800 1643 in
2858 1581 3147 1663 qualibet
3203 1583 3418 1665 specie
3476 1582 3684 1663 angeli
3743 1581 3952 1664 plura

2430 1678 2759 1741 individua
2804 1697 2962 1742 esse.
3011 1679 3246 1742 Eadem
3294 1680 3520 1742 scribit
3554 1680 3942 1743 Richardus.

2429 1778 2783 1840 Alexander
2820 1796 3076 1860 quoque
3115 1778 3484 1861 opinionem
3522 1779 3685 1841 hanc
3716 1795 3952 1860 repro-

817 1876 1107 1940 coelestes
1156 1876 1485 1940 communi
1534 1877 1797 1941 nomine
1843 1877 2147 1940 dicuntur
2194 1875 2318 1938 vir·
2352 1875 2400 1937 B
2433 1873 2558 1935 bat.
2595 1873 2711 1936 Cui
2749 1874 3192 1937 Bonaventura
3229 1874 3632 1938 consentiens
3664 1892 3680 1937 ε
3713 1874 3950 1956 Aliqui

814 1980 1007 2050 tutes,
1058 1992 1135 2038 eo
1179 1975 1351 2056 quod
1400 1975 1680 2058 expediti
1729 1975 1859 2037 sint
1907 1982 1972 2038 et
2026 1973 2317 2038 efficacis

818 2073 1117 2155 potentiae
1158 2073 1236 2135 ad
1288 2073 1767 2155 exsequendum
1820 2071 2096 2135 faciliter
2137 2071 2320 2153 quid-

818 2170 974 2253 quid
1001 2171 1095 2232 eis
1133 2170 1442 2233 divinitus
1479 2170 1731 2251 jussum
1774 2171 1969 2232 fuerit
2005 2178 2115 2233 aut
2151 2188 2320 2233 com-

821 2285 1114 2329 missum.

1166 2475 1685 2540 PROPOSITIO
1730 2476 1968 2539 LXIV.

907 2660 1023 2726 De
1092 2657 1611 2728 disiunctione
1678 2660 2145 2738 angelorum
2216 2660 2314 2726 ab

812 2760 1164 2825 niv-leem
1207 2760 1397 2824 sunt
1439 2760 1855 2839 op1n10nes
1892 2759 2254 2825 d1versae.

893 2856 1068 2930 Quod
1112 2863 1231 2930 est,
1272 2856 1573 2938 quoniam
1621 2856 1884 2938 quidam
1928 2856 2314 2939 quibusdam

810 2953 1027 3016 verbis
1068 2952 1437 3036 Philosophi
1482 2953 1967 3018 immoderatius
2007 2954 2315 3017 inhaeren-

2430 1971 2698 2053 (inquit)
2725 1972 3045 2046 dixerunt,
3080 1974 3248 2054 quod
3281 1973 3348 2036 in
3377 1972 3620 2053 angelis
3649 1980 3742 2035 tot
3781 1981 3951 2034 sunt

2431 2070 2676 2152 species
2733 2078 2889 2152 quot
2954 2070 3303 2133 individua.
3367 2071 3647 2145 Quorum
3711 2071 3950 2153 opinio

2431 2175 2939 2251 praesumptuosa
2977 2169 3251 2251 videtur,
3286 2188 3487 2252 quum
3525 2170 3604 2232 ad
3643 2170 3760 2231 hoc
3803 2186 3944 2232 non

2427 2274 2730 2348 appareat
2757 2266 2972 2349 aliqua
3002 2268 3163 2330 ratio
3192 2285 3447 2349 cogenS,
3477 2275 3544 2330 et
3577 2285 3788 2349 neque
3819 2285 3950 2350 per

2429 2363 2811 2446 ScripturaS,
2862 2384 3070 2447 neque
3127 2384 3244 2448 per
3300 2365 3470 2428 dicta
3528 2366 3939 2438 Sanctorum,

2429 2481 2638 2545 neque
2690 2482 2804 2545 per
2860 2462 3080 2526 officia
3126 2464 3522 2544 angelorum,
3574 2464 3944 2526 innotescat

2428 2560 2613 2624 nobis
2671 2568 2912 2624 tantam
2972 2562 3037 2624 in
3101 2562 3194 2624 eis
3260 2580 3399 2625 esse
3464 2562 3934 2626 diversitatem.

2425 2659 2581 2732 Imo,
2643 2661 2810 2722 sicut
2868 2659 2933 2721 in
2995 2659 3410 2722 inferioribus
3467 2660 3933 2741 conspicimus,

2426 2757 2596 2838 quod
2627 2774 2815 2819 omne
2845 2758 3082 2820 animal
3112 2757 3482 2820 naturaliter
3509 2759 3754 2840 appetit
3776 2776 3938 2821 con-

2427 2855 2694 2918 sortium
2740 2855 3096 2928 consimilis
3145 2854 3267 2918 sibi
3315 2856 3380 2917 in
3431 2855 3667 2938 specie,
3714 2863 3778 2918 et
3819 2857 3936 2919 de-

2429 2954 2786 3016 lectabilius
2819 2953 2912 3016 illi
2945 2954 3266 3033 convivit3
3301 2955 3387 3016 ita
3419 2954 3483 3017 in
3514 2955 3757 3035 angelis
3783 2973 3936 3018 esse

808 3058 927 3125 tes,
959 3051 1185 3114 dicunt
1213 3052 1279 3114 in
1310 3051 1553 3132 angelis
1582 3058 1675 3114 tot
1705 3053 1953 3134 species
1983 3071 2122 3114 esse
2161 3060 2317 3134 quot
2346 3055 2390 3120 G
2427 3052 2718 3114 videtur:
2745 3070 3018 3132 quorum
3051 3052 3340 3114 naturale
3371 3053 3763 3116 desiderium
3795 3052 3934 3115 fru-

810 3149 1279 3213 individuazita
1301 3151 1470 3233 quod
1502 3150 1779 3232 quilibet
1807 3150 2070 3230 angelus
2099 3170 2136 3213 a
2167 3168 2316 3233 quo-

813 3248 969 3311 libet
997 3249 1125 3311 alio
1153 3247 1415 3312 differat
1450 3247 1780 3330 specifice,
1813 3256 1876 3311 et
1916 3249 2316 3331 impossibile

812 3346 897 3408 sit
940 3346 1157 3429 plures
1199 3346 1491 3427 ejusdem
1539 3345 1778 3428 speciei
1823 3347 2196 3420 consistere,
2239 3366 2315 3410 eo

813 3445 985 3526 quod
1033 3445 1361 3507 distinctio
1402 3452 1661 3526 sumpta
1710 3463 1789 3506 ex
1840 3452 2017 3526 parte
2065 3444 2309 3520 formae,

813 3543 897 3604 sit
942 3541 1300 3605 essentialis
1350 3549 1541 3623 atque
1587 3541 1934 3624 specifica3
1986 3543 2312 3605 distinctio

812 3648 1025 3703 autem
1063 3647 1319 3723 sumpta
1352 3659 1430 3702 ex
1470 3648 1645 3723 parte
1686 3641 1988 3714 materiae,
2022 3660 2312 3703 numera-

815 3739 894 3801 lis
943 3757 1055 3801 seu
1108 3738 1521 3800 individualis
1566 3746 1881 3800 censetur.
1918 3738 2099 3811 Hinc,
2131 3739 2312 3820 juxta

812 3837 1294 3919 Philosophum,
1346 3854 1421 3898 ea
1478 3856 1619 3919 quae
1677 3856 1755 3898 ex
1806 3844 1936 3899 tota
1992 3856 2108 3899 sua
2166 3857 2310 3900 con-

812 3942 981 3998 stant
1012 3935 1293 4009 materia‚
1328 3952 1455 3997 non
1492 3934 2022 4016 multiplicantur,
2057 3953 2176 3998 nec
2215 3953 2311 3998 so-

812 4034 874 4097 lo
918 4051 1187 4096 numero
1237 4033 1721 4114 distinguuntur
1768 4051 1781 4095 :
1832 4041 2092 4116 propter
2140 4036 2309 4116 quod

812 4149 940 4194 non
973 4141 1123 4194 sunt
1163 4132 1382 4213 plures
1424 4131 1670 4204 mundi,
1703 4150 1821 4193 nec
1862 4131 2079 4212 plures
2120 4132 2306 4195 soles,

2428 3149 2608 3212 strari
2655 3166 2783 3211 non
2826 3149 3012 3212 valet.

2505 3247 2584 3308 At
2614 3265 2764 3309 vero
2795 3248 3077 3309 secunda
3104 3246 3327 3328 opinio
3357 3253 3452 3310 est
3481 3246 3760 3328 praefatae
3789 3249 3932 3331 opi-

2426 3344 2601 3409 nioni
2663 3345 2886 3427 primae
2935 3346 3200 3408 omnino
3249 3345 3586 3418 contraria,
3635 3365 3932 3410 asserens

2426 3460 2648 3505 omnes
2691 3443 2950 3524 angelos
2991 3443 3281 3524 ejusdem
3332 3443 3570 3527 speciei
3622 3445 3930 3508 consiste·

2427 3561 2494 3603 re
2530 3559 2542 3602 :
2577 3559 2769 3624 quam
2812 3541 3181 3623 opinionem
3224 3541 3520 3604 Albertus
3564 3542 3630 3604 in
3674 3543 3930 3627 Scripto

2426 3638 2713 3713 secundi,
2746 3645 2810 3701 et
2852 3639 3232 3702 Guillelmus
3279 3639 3444 3702 libro
3483 3640 3562 3702 de
3593 3639 3922 3716 Universa,

2423 3756 2496 3799 ac
2541 3737 2649 3798 alii
2697 3738 2956 3819 quidam
3002 3745 3377 3819 sequuntur.
3413 3737 3655 3811 Quibus
3697 3738 3926 3821 objici·

2423 3842 2547 3908 tur,
2594 3835 2765 3917 quia,
2816 3842 2883 3896 ut
2925 3835 3014 3896 ait
3063 3835 3357 3916 Magister
3399 3835 3563 3898 libro
3613 3838 3918 3912 secundo,
3955 3865 4267 3922 (κάμνε,

2426 3935 2754 4016 probabile
2793 3942 2890 3998 est
2930 3935 3098 4016 quod
3138 3935 3344 4016 angeli
3388 3936 3740 4000 secundum
3780 3957 3920 4020 gra-

2423 4033 2575 4094 dum
2615 4040 2678 4095 et
2725 4033 3182 4115 perfectionem
3227 4033 3614 4097 naturalium
3658 4053 3920 4100 suorum

2423 4150 2490 4194 se
2523 4131 2733 4214 primo
2772 4138 3224 4194 converterunt
3263 4133 3342 4194 ad
3374 4132 3734 4196 Creatorem
3763 4135 3922 4214 (non

814 4230 1059 4304 Quanto
1130 4229 1333 4309 magis
1413 4229 1867 4291 immateriales
1938 4229 2311 4294 substantiae
2339 4235 2389 4299 D
2424 4231 2596 4293 enim
2639 4250 2752 4313 per
2790 4231 2998 4293 carnis
3032 4230 3440 4312 fragilitatem
3471 4233 3926 4298 sensualitatis·

816 4326 937 4390 sub
978 4327 1201 4389 eadem
1233 4325 1448 4407 specie
1491 4326 1953 4408 specialissima
1984 4338 2313 4409 nequeunt

818 4424 1021 4508 pluris
1026 4425 1176 4486 icari
1199 4425 1463 4486 ZVerum
1499 4424 1617 4485 ista
1636 4424 1855 4505 opinio
1872 4425 1973 4504 (ut
2001 4432 2212 4487 cetera
2231 4433 2314 4488 ta-

820 4525 1022 4603 ceam)
1052 4530 1147 4585 est
1184 4521 1493 4584 articulus
1533 4540 1837 4585 erroneus
1866 4522 2122 4585 Parisiis
2165 4542 2310 4586 con-

821 4622 1180 4695 demnatus,
1210 4617 1401 4702 a'tque
1450 4640 1486 4682 a
1527 4619 1789 4684 domino
1832 4621 2172 4703 Stephano,
2205 4623 2313 4685 Pa·

820 4720 1074 4784 risiensi
1142 4720 1464 4802 episcopo,
1537 4720 1791 4783 doctore
1861 4719 1927 4781 in
1997 4721 2314 4800 theologia

819 4818 1079 4892 eximio,
1110 4818 1503 4901 approbante
1534 4818 1948 4881 universitate
1978 4819 2312 4882 doctorum

818 4919 1189 5000 theologicae
1271 4917 1613 4991 facultatiS,
1694 4917 2309 4981 excommunicatus.

817 5020 1081 5100 Nempe,
1106 5024 1176 5078 ut
1196 5014 1573 5090 Quodlibeto
1605 5017 1889 5079 secundo
1917 5022 2129 5077 narrat
2148 5016 2312 5078 Hen-

816 5119 1011 5190 ricuS,
1064 5114 1298 5197 praesul
1358 5112 1467 5176 ille
1517 5133 1664 5176 cum
1726 5133 1841 5176 sua
1888 5114 2313 5177 Universitate

812 5216 983 5279 circa
1011 5216 1132 5278 hoc
1171 5222 1299 5276 tres
1340 5213 1791 5276 condemnavit
1826 5213 2149 5276 articulos.
2187 5213 2312 5276 Pri-

812 5333 955 5376 mus
974 5321 1085 5387 est‚
1109 5312 1277 5394 quod
1301 5313 1465 5374 Deus
1496 5330 1622 5375 non
1656 5311 1857 5394 possit
1884 5312 2311 5395 multiplicare

2425 4348 2502 4391 ve
2564 4330 2888 4410 passiones
2957 4329 3473 4410 retrahebantur)
3531 4347 3546 4392 :
3607 4331 3662 4394 si
3731 4331 3927 4413 igitur

2427 4426 2706 4488 universi
2737 4425 2944 4506 angeli
2977 4426 3269 4507 ejusdem
3300 4434 3449 4490 sunt
3479 4427 3926 4509 speciei,unde

2425 4531 2598 4586 tanta
2655 4525 2718 4586 in
2779 4525 2873 4586 eis
2931 4524 3260 4586 distinctio
3315 4525 3759 4605 gratuitorum,
3815 4545 3924 4590 ex-

2424 4622 2890 4694 cellentiarum,
2935 4622 3511 4704 praesidentiarum,
3555 4624 3924 4688 officiorum

2426 4731 2490 4784 et
2517 4721 2897 4801 dignitatum
2921 4723 2945 4782 2
2966 4721 3070 4783 Ait
3097 4739 3354 4803 quoque
3381 4722 3694 4802 Magister,
3725 4731 3792 4786 et
3817 4725 3925 4788 do·
3947 4751 4064 4794 dist.
4085 4763 4132 4794 m
4151 4751 4202 4796 a.

2427 4827 2630 4884 ctores
2676 4819 3127 4892 communiter,
3172 4819 3344 4900 quod
3388 4819 3714 4884 distinctio
3759 4823 3926 4886 ordi-

2425 4938 2581 4981 num
2631 4925 2693 4980 et
2743 4917 3084 4979 chororum
3134 4917 3197 4978 in
3249 4917 3516 4998 angeliS,
3559 4919 3790 5001 partim
3839 4923 3926 4984 sit

2426 5025 2488 5080 et
2520 5017 2878 5080 inchoative
2907 5035 2944 5078 a
2982 5023 3228 5088 natura,
3261 5022 3324 5078 et
3365 5016 3596 5096 partim
3640 5037 3714 5080 ac
3751 5037 3924 5083 com-

2425 5116 2661 5198 pletive
2691 5135 2728 5178 a
2755 5115 2976 5196 gratia,
3009 5115 3096 5176 ita
3125 5115 3294 5195 quod
3327 5114 3437 5196 qui
3469 5115 3928 5182 eminentiores

2423 5223 2574 5277 sunt
2623 5214 2688 5276 in
2733 5213 2917 5276 donis
2960 5213 3176 5294 gratiae
3219 5220 3282 5276 et
3322 5212 3562 5293 gloriae,
3608 5216 3928 5280 excellen-
4013 5291 4029 5298 -

2425 5314 2615 5377 tiores
2645 5312 2838 5376 etiam
2878 5319 3029 5374 sunt
3068 5311 3134 5373 in
3171 5311 3356 5374 donis
3395 5319 3635 5377 naturae
3677 5321 3742 5376 et
3779 5333 3927 5400 per-
