4300 6259
494 1581 513 1626 i
525 1579 695 1624 Ionan·
703 1590 763 1628 w,

786 483 905 548 142

1456 499 1881 548 numano
1918 495 2318 546 TmoLOGmA.
2365 513 2445 525 -
2485 495 2566 543 nt
2607 495 2727 544 DBO
2767 497 2888 544 U‘NO
2929 495 3005 544 m·
3045 496 3228 544 ritmo

788 669 959 734 cedit
1003 687 1044 732 a
1089 669 1269 733 Patre
1320 668 1386 732 in
1436 668 1692 744 Filium,
1742 688 1781 732 a
1825 667 1985 730 Filio
2033 683 2290 748 quoque
2320 664 2373 728 A
2403 664 2688 728 liberalis
2726 664 3102 730 collationis.
3135 665 3268 730 Hoc
3307 670 3523 728 autem
3562 669 3660 728 est
3700 678 3912 736 amor,

788 768 856 832 in
910 768 1175 832 Patrem.
1245 767 1569 832 Processio
1627 766 1868 850 quippe
1934 764 2290 827 secundum

787 885 857 929 se
914 884 1043 930 non
1100 865 1297 948 exigit
1356 865 1483 928 nisi
1531 864 2012 927 distinctionem
2071 879 2290 944 proce-

786 965 998 1028 dentis
1038 964 1123 1026 ab
1159 963 1261 1026 his
1297 982 1335 1026 a
1373 962 1609 1045 quibus
1654 961 1959 1044 procedit.
1992 961 2290 1023 Attamen

787 1062 1033 1126 ratione
1060 1060 1728 1144 specificationis‚qua
1755 1067 1853 1123 est
1882 1078 1997 1141 per
2027 1059 2290 1122 modum

787 1159 1051 1233 amoris,
1100 1159 1401 1224 convenit
1442 1175 1729 1242 personae
1778 1158 1870 1220 sic
1919 1155 2290 1240 procedenti

788 1277 929 1322 esse
960 1276 1195 1321 nexum
1228 1256 1427 1322 Patris
1457 1276 1529 1320 ac
1562 1257 1703 1320 Filii
1736 1257 1802 1318 in
1832 1255 2095 1318 vinculo
2123 1271 2294 1316 amo·

790 1357 898 1430 riS‚
970 1355 1083 1438 qui
1154 1364 1250 1420 est
1314 1355 1588 1439 ipsemet
1653 1354 1929 1436 Spiritus
1998 1353 2286 1416 Sanctus

788 1453 949 1518 Hinc
1008 1455 1068 1518 S.
1126 1455 1399 1518 Ioannes
1452 1455 1521 1516 in
1572 1452 1785 1535 prima
1838 1470 1953 1514 sua
2006 1450 2296 1513 affirmat

790 1552 1109 1616 Canonica
1157 1570 1173 1614 t
1224 1553 1393 1615 Deus
1441 1551 1669 1615 caritas
1715 1558 1833 1623 est,
1890 1557 1954 1612 et
2000 1549 2111 1631 qui
2163 1565 2293 1610 ma-

790 1657 900 1714 net
942 1651 1009 1714 in
1049 1651 1332 1725 caritate,
1367 1657 1487 1712 etc.
1521 1685 1603 1696 —
1631 1650 1873 1731 ltaque,
1907 1647 2075 1710 sicut
2112 1647 2292 1710 Pater

790 1757 1055 1831 generat
1100 1750 1337 1812 virtute
1380 1755 1629 1811 naturae
1690 1754 1755 1809 et
1816 1744 2178 1808 intellectus
2222 1751 2293 1806 ut

2402 763 2524 824 sub
2553 764 2739 844 cujus
2780 763 3022 827 ratione
3061 764 3280 827 omnia
3315 783 3356 825 a
3389 763 3720 827 voluntate
3758 777 3919 823 con-

2401 859 2714 922 feruntur.
2768 861 3015 924 idcirco
3061 868 3316 944 oportet
3359 861 3427 923 in
3477 859 3718 924 divinis
3763 875 3914 921 esse

2401 975 2740 1040 personam
2773 959 3227 1041 procedentem
3265 976 3382 1040 per
3426 957 3688 1021 modum
3733 973 3918 1019 amo-

2402 1055 2510 1117 ris.
2565 1055 2808 1138 Nempe
2866 1056 3046 1120 Pater
3103 1065 3168 1119 et
3223 1056 3444 1128 Filius,
3507 1072 3637 1118 non
3693 1054 3914 1117 solum

2403 1153 2758 1216 secundum
2796 1154 2966 1236 quod
3008 1172 3208 1217 unum
3249 1161 3420 1228 sunt,
3454 1154 3567 1216 sed
3603 1152 3798 1216 etiam
3841 1151 3914 1214 in

2404 1259 2714 1332 quantum
2763 1259 2914 1314 sunt
2959 1252 3276 1315 distinctae
3325 1269 3638 1334 personat,
3687 1267 3916 1313 neces·

2401 1349 2569 1411 sario
2607 1349 2931 1412 sociantur
2971 1350 3249 1432 quodam
3286 1348 3619 1413 amicitiali
3661 1364 3914 1420 amore,

2401 1465 2608 1528 quum
2643 1447 2834 1528 (teste
2876 1447 3287 1536 philosopho)
3319 1447 3607 1510 amicitia
3637 1446 3722 1510 sit
3761 1446 3916 1509 bea-

2403 1544 2630 1620 titudo,
2681 1552 2792 1607 aut
2847 1544 3179 1608 beatitudo
3233 1545 3376 1608 sine
3429 1563 3511 1608 ea
3553 1562 3688 1608 non
3741 1544 3827 1608 sit
3891 1559 3911 1606 ε

2407 1642 2560 1724 quia
2606 1642 2848 1705 nullius
2896 1643 3048 1706 boni
3100 1644 3419 1726 possessio
3473 1643 3762 1725 jucunda
3807 1649 3920 1705 es

2403 1742 2542 1805 sine
2583 1743 2922 1818 consortio,
2957 1743 3090 1807 imo
3127 1744 3443 1808 universas
3468 1743 3916 1824 jucunditates

790 1855 1018 1911 natura
1062 1855 1183 1921 est,
1234 1853 1429 1929 prout
1473 1853 1702 1907 natura
1750 1843 1988 1907 dicitur
2042 1842 2140 1904 vis
2199 1841 2291 1904 in-
2321 1839 2367 1904 B
2402 1849 2594 1922 atque
2623 1841 2870 1906 deliciae
2899 1841 3307 1906 rationalium
3337 1850 3774 1906 creaturarum
3805 1859 3916 1904 su·

789 1945 914 2008 sita
940 1944 1147 2044 rebus·
1162 1962 1243 2006 ex
1272 1943 1597 2007 similibus
1628 1941 1868 2004 similia
1905 1957 2249 2023 procreans
2273 1957 2290 2018 ;

790 2043 882 2106 sic
925 2042 1105 2105 Pater
1147 2049 1213 2106 et
1253 2041 1452 2104 Filius
1496 2041 1735 2103 virtute
1786 2047 2029 2103 naturae
2072 2046 2143 2100 ut
2185 2054 2292 2101 vo·

790 2139 1001 2202 luntas
1058 2147 1177 2214 est,
1246 2138 1625 2201 naturaliter
1680 2155 1904 2200 amans
1961 2153 2294 2200 summum

788 2237 1055 2312 bonum,
1100 2237 1349 2320 spirant
1394 2236 1792 2320 personalem
1840 2252 2147 2309 amorem,
2181 2234 2292 2317 qui

790 2344 888 2399 est
950 2335 1227 2417 Spiritus
1286 2335 1578 2398 Sanctus.
1640 2334 1801 2398 Nam
1867 2341 1933 2397 et
1998 2333 2294 2416 quamvis

790 2434 1009 2518 plures
1072 2435 1203 2499 sint
1256 2441 1435 2496 actus
1492 2432 1859 2506 voluntatis,
1918 2431 2296 2514 principalis

788 2541 1005 2596 tamen
1074 2532 1242 2595 inter
1308 2549 1417 2595 eos
1477 2538 1576 2595 est
1632 2548 1830 2595 amor.
1892 2530 2039 2593 ldeo
2096 2548 2294 2612 penes

792 2630 1001 2714 ipsum
1018 2631 1369 2694 attenditur
1387 2629 1711 2712 processio
1740 2627 2095 2712 personalis
2116 2645 2131 2689 t
2151 2646 2294 2710 quae

790 2729 983 2792 etiam
1032 2728 1098 2791 in
1148 2747 1216 2791 se
1266 2728 1537 2790 includit
1584 2745 1775 2790 omne
1823 2726 1995 2809 quod
2043 2733 2141 2788 est
2186 2742 2294 2788 vo-

792 2827 1075 2901 luntatiS‚
1117 2827 1659 2909 quemadmodum
1700 2826 1898 2889 Filius
1942 2824 2292 2908 procedens

790 2933 859 2988 ut
898 2925 1167 2990 verbum
1208 2925 1573 2990 intellectus
1622 2924 1895 2988 includit
1936 2923 2004 2986 in
2048 2941 2116 2985 se
2156 2940 2291 2985 om-

2405 1957 2522 2020 per
2563 1945 2858 2002 mutuum
2904 1939 3256 2003 fundantur
3293 1957 3602 2004 amorem.

2703 2211 3223 2277 PROPOSITIO
3268 2211 3590 2277 XXXIX.

2483 2429 2868 2508 Quamvis
2897 2430 3249 2513 Spiritus
3272 2432 3612 2501 Sanctus
3639 2449 3914 2515 proee—

2404 2528 2542 2595 dat
2581 2543 2630 2596 a
2668 2529 2906 2596 Patre
2948 2544 3042 2597 ao
3082 2529 3291 2599 Filio
3345 2547 3491 2613 per
3529 2532 3912 2601 volunta-

2403 2628 2571 2693 tem
2629 2625 3102 2710 liberalique
3161 2631 3686 2712 emanatione,
3743 2645 3913 2700 non

2402 2726 2672 2791 tamen
2718 2728 2811 2793 ut
2866 2728 3276 2809 creaturoe,
3327 2742 3475 2795 nec
3529 2730 3646 2796 ita
3694 2731 3912 2811 quod

2403 2824 2658 2904 possit
2694 2826 2836 2890 aut
2878 2826 3235 2905 potuerit
3275 2839 3434 2893 non
3474 2827 3836 2908 produci.

2481 2920 2658 2995 Quod
2716 2928 2834 2995 est,
2885 2922 3040 3004 quia
3093 2931 3160 2985 et
3216 2923 3356 3005 ipsa
3413 2924 3711 2988 voluntas
3764 2925 3913 2988 vult

790 3042 939 3087 nem
979 3022 1476 3086 intellectualem
1520 3022 2120 3105 apprehensionem,
2155 3021 2290 3083 sive
2321 3016 2364 3082 C
2403 3018 2616 3100 aliqua
2686 3019 2765 3082 de
2835 3020 3231 3094 necessitate,
3304 3021 3607 3085 videlicet
3674 3023 3906 3100 finem,

789 3121 873 3183 sit
915 3121 1073 3194 veri,
1105 3121 1240 3184 sive
1282 3119 1455 3184 boni.

872 3219 1182 3300 Denique,
1226 3219 1292 3280 in
1334 3217 1741 3301 processione
1778 3225 2214 3280 creaturarum
2255 3235 2292 3280 a

792 3317 940 3390 Deo,
973 3316 1101 3379 duo
1131 3315 1613 3379 considerantur
1642 3333 1719 3378 ex
1748 3321 1927 3398 parte
1956 3314 2289 3390 CreatoriS,

790 3423 947 3499 puta
979 3432 993 3478 ε
1026 3414 1246 3477 divina
1272 3422 1517 3488 natura,
1552 3432 1630 3476 ex
1662 3414 1849 3495 cujus
1892 3413 2291 3496 plenitudine

790 3521 855 3576 et
912 3511 1305 3594 perfectione
1364 3497 1737 3594 producitur
1782 3519 1847 3574 et
1892 3511 2296 3593 exemplatur

789 3611 1003 3675 omnis
1045 3610 1737 3693 perfectiocreaturae3
1769 3616 1833 3672 et
1868 3610 2025 3672 item
2068 3609 2292 3672 volun-

790 3718 887 3772 tas
915 3709 1211 3784 creantis,
1244 3727 1323 3771 ex
1353 3708 1540 3788 cujus
1581 3706 1983 3781 liberalitate,
2016 3725 2144 3770 non
2185 3724 2292 3770 ne·

790 3807 1084 3872 cessitate
1113 3805 1527 3882 naturae,haec
1555 3805 1772 3869 omnia
1802 3805 2109 3869 creaturis
2140 3825 2294 3888 prae-

790 3914 1057 3970 stantur.
1108 3904 1574 3987 Praesupposita
1618 3911 1831 3968 autem
1890 3902 2294 3967 emanatione

789 4005 1153 4069 divinarum
1204 4021 1621 4087 personarum
1668 4003 1747 4068 ad
1807 4004 1993 4076 intra,
2044 4009 2296 4084 oportet

790 4103 968 4167 illam
998 4122 1139 4167 esse
1167 4103 1481 4166 rationem
1510 4109 1577 4166 et
1604 4121 1857 4165 causam
1886 4101 2097 4164 omnis
2126 4118 2294 4163 ema·

2399 3137 2594 3201 quem
2631 3120 2734 3200 (ut
2771 3120 3006 3182 dicitur
3043 3120 3107 3182 in
3145 3121 3336 3184 tertio
3365 3121 3768 3203 Ethicorum)
3795 3142 3910 3187 na-

2399 3217 2692 3280 turaliter
2718 3219 3040 3293 volumus,
3073 3237 3193 3282 nec
3221 3227 3319 3282 est
3347 3221 3463 3302 qui
3499 3219 3725 3284 beatus
3763 3239 3908 3285 esse

2401 3333 2528 3378 non
2586 3316 2758 3379 velit.
2795 3317 3110 3399 ·Aliaque‚
3169 3316 3418 3380 scilicet
3473 3319 3705 3395 media,
3765 3319 3910 3382 vult

2401 3414 2694 3477 voluntas
2723 3431 2852 3478 non
2883 3415 2962 3478 de
2993 3415 3391 3479 necessitate.
3415 3416 3578 3480 Hinc
3607 3417 3906 3481 voluntas

2402 3519 2809 3594 comparatur
2837 3512 2915 3575 ad
2945 3513 3146 3576 finem
3179 3520 3251 3576 ut
3277 3521 3544 3594 natura3
3573 3516 3650 3578 ad
3693 3515 3908 3579 media

2402 3619 2616 3674 autem
2649 3619 2720 3674 ut
2749 3610 3066 3688 voluntas,
3101 3613 3168 3675 in
3197 3621 3512 3696 quantum
3545 3615 3905 3678 secundum

2403 3710 2781 3773 electionem
2828 3710 3032 3774 fertur
3075 3710 3142 3773 in
3189 3729 3283 3774 ea.
3332 3711 3501 3775 Deus
3545 3712 3760 3796 itaque
3805 3731 3905 3776 se-

2404 3809 2686 3870 cundum
2721 3809 2982 3871 modum
3014 3816 3079 3872 et
3114 3816 3330 3872 actum
3371 3810 3720 3874 voluntatis
3758 3828 3906 3893 pro-

2403 3905 2583 3967 ducit
2608 3905 2918 3987 Spiritum
2949 3906 3276 3982 Sanctum,
3310 3907 3376 3970 in
3420 3916 3730 3991 quantum
3765 3907 3908 3972 vult

2404 4003 2727 4086 propriam
2770 4004 3143 4078 bonitatem,
3185 4024 3328 4088 quae
3368 4006 3642 4069 aliorum
3685 4013 3785 4070 est
3821 4006 3904 4069 fi-

2405 4102 2525 4165 nis.
2567 4102 2713 4166 ldeo
2751 4103 3066 4166 emanatio
3110 4103 3386 4186 Spiritus
3426 4104 3640 4168 Sancti
3683 4124 3904 4170 neces·

790 4202 1067 4265 nationis
1096 4200 1175 4264 ad
1204 4208 1399 4264 extra.
1434 4200 1595 4263 Hinc
1623 4200 1790 4263 sicut
1818 4199 2292 4282 processionem
2324 4206 2375 4269 D
2403 4199 2569 4264 saria
2627 4201 3177 4284 immutabilisque
3233 4202 3547 4278 consistit,
3596 4205 3906 4286 quoniam

792 4308 1230 4364 creaturarum
1275 4297 1648 4380 imperfecte
1698 4297 2294 4380 repraesentantium

792 4397 1253 4484 perfectionem
1312 4396 1548 4460 divinae
1606 4403 1868 4469 naturae,
1927 4395 2295 4458 reducimus

796 4498 862 4561 in
934 4495 1403 4560 emanationem
1476 4494 1775 4576 perfectae
1842 4512 1917 4556 ac
1986 4493 2294 4556 naturalis

792 4593 1093 4677 imaginis
1123 4593 1499 4676 plenissime
1536 4592 1922 4656 continentis
1961 4591 2298 4675 perfectio-

792 4713 943 4759 nem
998 4693 1309 4768 divinam,
1359 4699 1513 4774 puta
1570 4693 1637 4753 in
1686 4690 1939 4766 Filium,
1990 4699 2295 4774 tanquam

794 4791 861 4854 in
917 4789 1313 4874 principium
1372 4796 1437 4851 et
1484 4787 1815 4870 exemplar
1860 4807 1941 4850 ac
1982 4787 2295 4851 rationem

792 4888 1217 4955 emanationis
1246 4894 1683 4951 creaturarum
1712 4905 1749 4948 a
1779 4887 1909 4949 Deo
1938 4887 2295 4950 secundum

792 4989 1218 5053 imitationem
1264 4994 1545 5064 naturae3
1592 4985 1681 5047 ita
1722 4993 1973 5067 oportet
2013 4985 2184 5067 quod
2229 4985 2296 5048 in

792 5094 1105 5171 quantum
1136 5085 1460 5168 processio
1499 5091 1936 5147 creaturarum
1973 5090 2073 5146 est
2107 5101 2188 5146 ex
2227 5083 2298 5146 li-

794 5185 1125 5249 beralitate
1167 5183 1513 5248 voluntatis
1556 5181 1814 5255 divinae,
1845 5182 2187 5245 reducatur
2229 5181 2295 5245 in

796 5299 999 5351 unum
1066 5281 1459 5365 principium
1516 5281 1687 5364 quod
1744 5281 1829 5343 sit
1882 5281 2043 5344 ratio
2100 5280 2294 5344 totius

2404 4298 2756 4363 bonitatem
2787 4319 2968 4363 suam
2999 4301 3166 4364 Deus
3194 4301 3554 4366 necessario
3583 4309 3648 4366 et
3675 4303 3911 4368 immu-

2401 4397 2685 4461 tabiliter
2723 4398 2879 4462 vult.
2915 4397 3337 4463 Conlormiter
3373 4401 3552 4464 Pater
3591 4409 3656 4464 et
3683 4401 3908 4477 Filius,

2405 4495 2517 4579 qui
2577 4502 2727 4558 sunt
2783 4497 3006 4559 eadem
3056 4497 3306 4560 bonitas
3355 4517 3631 4575 summa,
3683 4517 3750 4563 se
3799 4519 3912 4564 ne-

2407 4593 2682 4657 cessario
2723 4613 2796 4657 ac
2842 4595 3216 4659 naturaliter
3257 4596 3536 4678 diligunt
3575 4613 3592 4660 ε
3633 4599 3804 4662 unde
3845 4607 3915 4662 et

2407 4693 2726 4756 emanatio
2782 4692 3058 4776 Spiritus
3125 4694 3335 4757 Sancti
3405 4696 3914 4760 concomitanter

2409 4797 2508 4854 est
2536 4789 2864 4866 naturaliS,
2897 4791 3253 4854 secundum
3284 4792 3452 4874 quod
3485 4792 3782 4857 voluntas
3809 4803 3912 4858 est

2407 4888 2698 4970 quaedam
2745 4896 2987 4952 natura.
3021 4889 3157 4952 Imo
3195 4891 3606 4972 appropriate
3645 4891 3911 4975 loquen-

2407 4986 2509 5060 do,
2551 4987 3091 5069 quemadmodum
3136 4987 3498 5051 intellectus
3542 4997 3616 5052 ut
3659 4999 3906 5068 natura,

2406 5091 2504 5146 est
2530 5085 2691 5148 ratio
2720 5084 3244 5169 principiumque
3272 5086 3712 5169 productionis
3728 5089 3905 5171 Filii;

2408 5182 2496 5245 ita
2513 5184 2806 5247 voluntas
2835 5190 2906 5247 ut
2935 5191 3236 5266 praetacto
3268 5187 3456 5250 modo
3484 5194 3725 5262 natura,
3747 5189 3910 5251 dici·

2405 5289 2514 5344 tur
2541 5282 2932 5366 principium
2959 5301 3034 5346 ac
3063 5282 3227 5347 ratio
3253 5285 3677 5350 emanationis
3703 5286 3904 5372 Spiri-
