4300 6259
1442 973 2395 1087 PROOEMIUM

354 1584 875 1855 BEATUS
927 1585 1110 1643 homo
1172 1602 1359 1662 quem
1420 1590 1493 1641 tu
1553 1582 1907 1651 erudieris,
1949 1584 2249 1651 Domine,
2293 1592 2352 1643 et
2413 1585 2493 1642 de
2551 1586 2685 1659 leye
2751 1592 2866 1643 tua
2931 1584 3230 1645 docueris
3289 1604 3457 1646 eum.

601 1692 696 1754 Ps.
744 1708 915 1764 xum,
964 1689 1059 1751 12.

694 1798 915 1861 Omnis
954 1816 1233 1879 namque
1272 1796 1583 1879 sapientia
1628 1816 1665 1858 a
1707 1796 1977 1858 Domino
2020 1796 2148 1858 Deo
2188 1804 2305 1870 est,
2338 1804 2404 1859 et
2431 1816 2578 1859 cum
2626 1797 2735 1860 illo
2775 1797 2900 1859 fuit
2943 1817 3218 1881 semper,
3260 1806 3326 1861 et
3365 1807 3462 1861 est
3501 1809 3648 1855 Eceli·
3664 1824 3693 1864 1.
3713 1814 3752 1864 ι.

352 1912 501 1967 ante
557 1924 751 1968 omne
799 1923 1007 1969 aevum
1058 1921 1073 1965 :
1126 1906 1269 1967 lons
1329 1922 1561 1985 nempe
1608 1902 1958 1986 sapientiai,
2004 1902 2274 1966 verbum
2321 1904 2432 1966 Dei
2480 1904 2546 1967 in
2595 1904 2885 1968 excelsiS.
2929 1906 3039 1968 Est
3093 1913 3305 1969 autem
3351 1906 3460 1968 tri·
3517 1906 3527 1917 '

356 2011 505 2093 plex
544 2012 879 2095 sapientia.
916 2012 1051 2075 Una
1079 2012 1339 2094 quidem
1372 2029 1513 2092 quae
1544 2010 1990 2092 philosophica
2029 2017 2145 2084 est,
2180 2018 2244 2072 et
2274 2011 2546 2074 naturali
2581 2012 2825 2074 lumine
2855 2032 2933 2075 ex
2965 2015 3209 2076 naturis
3247 2031 3461 2077 rerum

356 2118 655 2201 indagata
699 2138 713 2180 ε
756 2120 835 2181 de
886 2138 1011 2200 qua
1045 2118 1177 2199 jam
1220 2118 1285 2180 in
1325 2117 1537 2199 primo
1585 2116 1751 2179 libro
1798 2117 2296 2179 determinatum
2347 2126 2461 2179 est.
2519 2119 2812 2181 Secunda
2859 2139 3011 2184 vero
3060 2140 3175 2202 per
3223 2119 3462 2182 illumi·

356 2226 685 2287 nationem
744 2224 1297 2307 supernaturalem
1355 2224 1603 2287 influxa
1661 2232 1779 2297 est,
1840 2230 1904 2285 et
1959 2224 2258 2287 humanae
2317 2224 2756 2307 inquisitionis
2822 2226 3187 2289 facultatem
3246 2232 3465 2309 super·

352 2334 675 2413 grediens.
709 2334 847 2397 Non
878 2333 1053 2395 enim
1085 2333 1151 2395 in
1182 2332 1427 2395 naturis
1468 2340 1532 2394 et
1575 2330 1915 2413 speciebus
1962 2332 2210 2393 entium
2243 2333 2522 2395 rationes
2569 2334 2771 2416 ipsius
2817 2334 3124 2408 relucent,
3159 2334 3465 2416 quoniam

353 2459 571 2503 rerum
626 2449 981 2504 creatarum
1032 2439 1415 2502 universitas
1473 2438 2007 2521 superexaltatam
2066 2438 2536 2521 plenitudinem
2597 2440 2953 2504 Conditoris
3011 2448 3466 2523 repraesentare

352 2549 599 2629 nequit.
638 2549 698 2611 Si
733 2548 878 2630 quis
922 2548 1118 2628 igitur
1154 2547 1233 2609 ad
1272 2546 1761 2627 intelligentiam
1808 2546 2001 2627 hujus
2043 2546 2396 2629 sapientiae,
2431 2547 2667 2610 virtute
2709 2547 3014 2611 naturalis
3055 2547 3317 2610 rationis
3357 2556 3469 2610 aut

352 2656 637 2737 propriae
686 2655 1005 2735 indaginis
1054 2652 1409 2716 subtilitate
1456 2671 1840 2733 consurgere
1888 2660 2177 2727 attentet,
2222 2652 2480 2716 falsitati
2531 2661 2594 2717 et
2643 2655 2845 2717 errori
2894 2653 3298 2737 propinquus
3343 2662 3462 2717 est.

350 2764 417 2825 ln
461 2762 587 2825 hac
636 2762 807 2826 enim
852 2762 1167 2845 sapientia
1208 2760 1431 2824 beatus
1476 2778 1605 2823 non
1649 2766 1766 2833 est,
1814 2760 1941 2823 nisi
1988 2779 2183 2842 quem
2228 2761 2537 2823 Dominus
2585 2761 2911 2824 erudierit.
2960 2761 3049 2822 Ex
3094 2761 3211 2824 hac
3253 2762 3468 2825 radice

350 2870 927 2933 haeresiareharum
971 2869 1307 2932 diversitas
1357 2868 1803 2949 hoeresumque
1844 2867 2290 2949 multiplicitas
2333 2874 2800 2949 processerunt.
2855 2867 3032 2930 Sicut
3074 2868 3248 2930 enim
3295 2869 3469 2950 igno-

350 2978 553 3039 rantia
601 2986 669 3040 et
708 2978 1007 3040 humanm
1052 2976 1315 3039 rationis
1358 2974 1835 3049 defectibilita5‚
1869 2984 1965 3037 est
1994 2974 2270 3038 divisiva
2299 2994 2524 3039 eorum
2557 2975 2668 3057 qui
2701 2982 3104 3053 erraverunt3
3137 2975 3230 3037 sic
3261 2976 3466 3038 divini

352 3083 625 3145 luminis
668 3083 909 3146 inlusio
948 3083 1232 3146 eruditos
1276 3102 1311 3145 a
1356 3102 1423 3146 se
1468 3082 1800 3155 coadunat,
1854 3089 1916 3145 et
1962 3082 2027 3145 in
2074 3101 2266 3145 unam
2326 3082 2714 3164 simplicem,
2767 3083 3072 3146 mundam
3111 3101 3184 3144 ac
3223 3082 3466 3145 unifor-

350 3208 521 3252 mem
563 3189 963 3271 agnitionem
1003 3190 1335 3253 convertit.
1372 3190 1673 3253 Divinum
1714 3190 1887 3252 enim
1933 3190 2154 3253 lumen
2199 3189 2520 3252 unitivum
2563 3198 2662 3252 est
2699 3207 2922 3252 eorum
2953 3189 3065 3271 qui
3099 3188 3466 3252 illuminan-

348 3305 471 3371 tur,
504 3305 571 3360 et
598 3317 641 3359 a
670 3296 941 3359 diversis
972 3296 1409 3379 opinionibuS,
1440 3296 1891 3359 traditionibus
1928 3304 1991 3359 et
2028 3296 2380 3378 figmentiS,
2413 3298 2491 3359 ad
2525 3296 3132 3379 contemplationem
3171 3296 3463 3377 ejusdem

348 3406 645 3467 veritatis
674 3412 737 3465 et
767 3402 921 3466 fidei
954 3403 1205 3466 reducit
1234 3421 1341 3467 eos
1371 3420 1531 3485 quos
1564 3404 1810 3485 implet,
1845 3404 2198 3465 secundum
2232 3404 2626 3485 Dionysium.
2661 3404 2902 3478 Denuo,
2931 3403 3140 3465 adhuc
3171 3403 3458 3485 quaedam
3513 3414 3594 3469 ‘no
3613 3424 3754 3469 Divin.

3485 3501 3602 3533 nom.
3625 3500 3665 3532 ο.
3695 3500 3753 3531 IV.

348 3513 671 3596 sapientia
714 3519 832 3587 est,
866 3531 1009 3594 quae
1039 3511 1339 3574 videlicet
1387 3511 1677 3574 omnium
1727 3510 1957 3573 artifex
2006 3518 2123 3585 est,
2161 3511 2226 3573 in
2271 3530 2418 3594 qua,
2462 3531 2538 3574 ex
2582 3530 2710 3594 qua
2747 3520 2810 3573 et
2851 3530 2965 3593 per
3010 3529 3202 3592 quam
3245 3510 3461 3572 omnia
3487 3550 3598 3606 Sap
3603 3564 3674 3599 „¹
3685 3552 3752 3601 ῃ.

347 3619 511 3683 facta
546 3626 727 3683 sunt.
764 3620 905 3702 lpsa
932 3628 1029 3683 est
1060 3619 1339 3682 Verbum
1380 3619 1627 3701 paterni
1672 3618 2057 3693 intellectus,
2091 3626 2156 3681 et
2190 3618 2299 3680 lux
2330 3638 2480 3682 vera
2521 3639 2663 3701 quae
2699 3618 3020 3681 illuminat
3050 3635 3308 3681 omnem
3349 3616 3459 3681 ho·
3487 3613 3676 3663 ¹¹me
3689 3616 3756 3656 ³⁶·

348 3728 589 3791 minem
630 3728 995 3790 venientem
1040 3727 1105 3789 in
1150 3726 1321 3789 hune
1374 3726 1735 3789 mundum:
1769 3726 2011 3808 quippe
2040 3727 2330 3789 omnium
2383 3726 2660 3789 rationes
2703 3733 2768 3789 et
2811 3726 2968 3789 ideae
3011 3725 3351 3807 splendent
3393 3724 3460 3786 in

3485 3674 3650 3719 Joann.
3667 3688 3699 3726 ι,
3709 3678 3752 3719 9.

345 3852 417 3895 ea
458 3834 641 3895 sicut
685 3833 751 3894 in
803 3839 1043 3896 aeterno
1104 3831 1279 3894 fonte
1335 3838 1399 3894 et
1458 3839 1839 3893 cunctorum
1896 3831 2252 3913 exemplari
2298 3831 2638 3913 principio.
2693 3832 2836 3913 Ipsa
2878 3838 2974 3892 est
3017 3828 3254 3891 candor
3295 3829 3458 3893 lucis
3486 3852 3750 3908 Samum,

346 3948 627 4013 aeternae,
664 3947 729 4002 et
768 3940 1017 4001 sincera
1059 3938 1350 4021 quaedam
1392 3938 1711 4001 emanatio
1754 3938 2060 4000 claritatis
2101 3938 2558 4019 omnipotentis
2603 3938 2734 3999 Dei.

3483 3917 3554 3958 25.

460 4048 659 4111 Nunc
696 4047 893 4127 igitur
932 4046 1115 4126 juxta
1154 4046 1597 4127 praesancitam
1629 4045 2064 4126 sponsionem,
2097 4045 2652 4107 determinandum
2698 4051 2794 4106 est
2834 4044 2912 4105 de
2952 4050 3178 4105 natura
3215 4041 3458 4105 divino-
3483 4062 3646 4104 aran.

348 4174 489 4216 rum
548 4162 621 4217 et
683 4153 1009 4234 agnitione
1061 4152 1169 4215 Dei
1224 4152 1540 4215 benedicti
1591 4151 1945 4215 secundum
1997 4152 2548 4235 supernaturalem
2599 4152 3009 4213 traditionem
3059 4168 3073 4212 :
3119 4157 3191 4213 ut
3236 4150 3458 4212 lumen

349 4268 407 4325 et
436 4262 681 4325 veritas
725 4258 884 4323 fidei
928 4277 1058 4322 non
1104 4259 1363 4342 quidem
1410 4260 1946 4333 demonstrentur,
1981 4260 2091 4323 sed
2134 4260 2358 4343 primae
2395 4258 2680 4323 veritatis
2721 4257 3042 4323 immobili
3085 4256 3462 4323 fulcimento

350 4369 627 4433 subnixa
670 4368 1062 4431 elucescant.

594 5420 659 5473 T.
701 5418 789 5471 33.
3143 5415 3206 5467 25
