4300 6259
821 430 900 499 io
980 518 986 527 ι
1975 450 2265 499 111131·οω
2304 449 2770 499 nonsummum

818 644 956 693 non
1008 630 1146 693 tam
1202 630 1441 695 conatu
1487 646 1686 713 quam
1735 628 1906 694 facto
1953 627 2321 693 monstrare
2343 624 2375 689 ⁸?
2411 626 2642 711 Itaque
2686 628 2777 692 sit
2820 628 2927 692 vel
2970 628 3097 693 hoc
3139 645 3273 693 non
3318 627 3491 693 inter
3535 624 3923 707 novissima,

821 737 1001 819 quod
1046 737 1128 801 ad
1177 736 1490 802 Ecclesiae
1539 736 2076 801 reformationem
2127 751 2399 799 manum
2450 734 2571 799 tibi
2616 735 2987 815 admoveat,
3019 736 3325 801 videlicet
3363 735 3555 800 famae
3592 734 3725 798 tuae
3771 752 3929 816 pur-

819 844 999 927 gatio
1041 864 1057 907 ε
1099 861 1249 926 quae
1291 845 1396 909 vel
1442 846 1784 927 propterea
1819 844 1958 907 tam
2005 843 2211 925 impie
2261 842 2605 925 laceratur,
2646 843 3034 924 conspuitur
3077 846 3273 925 atque
3326 843 3711 907 traducitur.
3746 840 3928 907 Adeo

821 952 999 1016 enim
1027 952 1170 1017 haec
1207 952 1431 1034 opinio
1461 952 1760 1015 omnium
1788 968 1954 1033 pene
1982 950 2281 1031 gentium
2310 950 2569 1013 animos
2597 950 2876 1030 obsidet,
2902 951 2977 1014 ut
3003 952 3135 1015 nisi
3166 950 3534 1015 Concilium
3564 949 3930 1014 institueris

821 1060 1144 1141 generale,
1185 1060 1366 1124 aliud
1413 1076 1778 1140 nunquam,
1820 1076 2020 1141 quam
2069 1058 2385 1123 Ecclesiae
2440 1056 2893 1121 reformationi
2948 1058 3279 1122 adversari
3315 1058 3589 1139 Papam,
3638 1057 3925 1121 credant.

823 1166 1018 1242 Quod
1052 1184 1254 1249 quam
1289 1166 1461 1230 foret
1487 1166 1793 1247 impium,
1834 1166 1894 1230 si
1934 1182 2167 1229 verum
2199 1165 2394 1245 esset,
2426 1165 2564 1229 imo
2602 1182 2801 1245 quam
2840 1165 3064 1246 inique
3105 1165 3175 1229 in
3212 1166 3277 1230 te
3313 1165 3591 1244 dicatur,
3626 1165 3685 1228 si
3723 1162 3931 1245 (quod

822 1271 1174 1356 sentimus)
1221 1269 1451 1337 fictum
1500 1274 1610 1355 sit,
1649 1274 1726 1336 tu
1774 1273 1991 1352 Pater,
2051 1272 2413 1337 considera.
2461 1272 2791 1353 Equidem
2846 1272 3054 1354 tace0,
3094 1274 3275 1354 quod
3322 1290 3360 1336 a
3404 1272 3735 1354 plerisque
3770 1271 3930 1335 Tuae

821 1380 1166 1445 Sanctitati
1202 1380 1464 1445 infestis
1490 1397 1836 1463 perperam
1873 1380 2243 1461 evulgatur,
2280 1395 2413 1443 non
2444 1380 2751 1444 assentiri
2786 1397 2983 1461 posse
3011 1379 3093 1444 ad
3130 1380 3526 1444 servandum
3558 1378 3929 1443 Concilium

822 1487 887 1553 et
915 1488 1166 1569 Papam
1195 1490 1261 1553 et
1296 1488 1666 1570 pontifice8‚
1707 1488 1945 1569 utputa
1981 1488 2391 1551 sacramento
2429 1487 2800 1551 adstrictos.
2841 1486 3035 1552 Absit
3070 1505 3108 1551 a
3144 1488 3408 1571 piorum
3446 1487 3752 1551 cordibus
3788 1487 3931 1552 11ωο

823 1595 1105 1660 credere.
1145 1595 1267 1659 Est
1319 1596 1542 1659 tamen
1597 1594 1778 1659 aliud
1833 1595 2171 1676 praeterea,
2208 1594 2385 1675 quod
2430 1594 2513 1657 ad
2552 1594 2924 1658 Concilium
2973 1594 3344 1659 universale
3400 1594 3929 1677 congregandum

823 1720 1010 1785 aeque
1067 1704 1279 1785 urget,
1341 1703 1634 1767 statuum
1692 1702 1999 1767 videlicet
2057 1702 2360 1765 omnium
2415 1702 2738 1784 generalis
2798 1702 3130 1784 corruptio
3186 1722 3201 1763 ε
3257 1702 3362 1765 0111
3420 1702 3929 1783 haudquaquam

822 1810 1194 1875 medebitur
1245 1809 1604 1892 quispiam,
1651 1810 1784 1873 nisi
1841 1808 2197 1873 concilium
2253 1826 2741 1889 consensusque
2791 1810 2975 1873 coeat
3031 1808 3355 1877 omnium.
3400 1808 3575 1883 Quid
3630 1808 3807 1873 enim
3862 1808 3931 1871 in

821 1917 1117 1981 Ecclesia
1159 1934 1293 1981 non
1339 1917 1440 1982 est
1484 1916 2005 1980 contaminatum
2026 1916 2057 1978 ‘3
2085 1916 2248 1998 quid
2292 1933 2427 1980 non
2473 1917 2855 1998 corruptum
2881 1916 2912 1978 ‘3
2949 1916 3109 1997 quid
3154 1933 3288 1979 non
3334 1916 3671 1980 inversum
3690 1914 3721 1978 ‘t
3758 1915 3933 1990 Quid

822 2024 997 2087 inter
1031 2024 1508 2088 ecclesiasticos
1543 2023 1872 2105 integrum
1911 2023 2109 2087 hodie
2146 2025 2520 2105 perseverat
2538 2022 2570 2085 ‘l
2608 2022 2782 2097 Quid
2818 2023 2989 2087 inter
3022 2023 3279 2088 nobiles
3314 2024 3537 2087 manet
3571 2023 3881 2087 decorum
3902 2023 3933 2085 ’.Ρ

823 2130 988 2213 quid
1015 2131 1343 2195 sincerum
1381 2131 1552 2195 inter
1579 2130 1916 2212 plebeios?
1954 2129 2266 2212 Confusa,
2308 2130 2618 2212 collapsa,
2652 2129 2918 2210 infecta,
2938 2130 3301 2209 vulnerata,
3326 2130 3563 2193 mutila
3591 2130 3657 2194 01
3681 2128 3935 2211 polluta

825 2238 984 2302 sunt
1020 2238 1265 2301 omnia.
1307 2237 1368 2301 A
1403 2237 1628 2319 planta
1664 2237 1852 2319 pedis
1886 2254 2098 2318 usque
2143 2239 2229 2301 ad
2262 2238 2579 2302 verticem
2617 2237 2852 2318 capitis
2888 2254 3022 2301 non
3072 2238 3172 2301 est
3218 2238 3487 2301 sanitas.
3528 2236 3697 2301 Vide
3754 2253 3931 2317 ergo,

823 2346 1048 2409 noster
1083 2343 1474 2409 Beatissime
1509 2344 1729 2424 Pater,
1769 2362 1969 2425 quam
2009 2344 2096 2407 sit
2142 2344 2587 2409 necessarium
2634 2344 3033 2426 sapientium
3072 2344 3372 2425 consili0,
3412 2345 3677 2426 piorum
3721 2343 3936 2407 admi-

825 2450 1050 2515 niculo
1106 2451 1430 2532 omnium,
1488 2452 1686 2533 atque
1740 2451 1904 2515 adeo
1951 2450 2245 2515 universi
2301 2452 2508 2515 coetus
2561 2451 2857 2519 fidelium
2914 2451 3216 2515 unanimi
3266 2468 3614 2529 consensu,
3676 2450 3938 2514 mortua

825 2558 1241 2638 resuscitare,
1304 2558 1510 2621 fracta
1581 2574 1905 2639 reparare,
1975 2558 2341 2622 restaurare
2405 2556 2673 2637 abolita,
2744 2557 3179 2622 exterminare
3258 2557 3461 2639 impie
3540 2557 3933 2633 introducta,

823 2666 1158 2730 destruere
1191 2665 1376 2745 vitia,
1409 2664 1638 2747 iniqua
1672 2664 2004 2746 persequi,
2034 2662 2207 2727 bona
2244 2664 2574 2745 amplecti.
2607 2665 2757 2729 Non
2802 2664 2911 2727 hic
2957 2680 3261 2729 recenseo
3302 2665 3515 2728 sectas
3552 2664 3617 2728 01
3656 2664 3939 2727 haereses

823 2772 909 2836 ab
960 2772 1256 2836 Ecclesia
1304 2772 1806 2836 discedentium.
1870 2771 2080 2835 Taceo
2141 2771 2527 2852 dogmatum
2584 2772 2979 2853 impietateS.
3035 2771 3417 2835 Calumnias
3479 2772 3933 2835 haereticorum

822 2879 1278 2961 praetermitto.
1320 2878 1481 2943 Haec
1535 2880 1795 2942 tantum
1844 2878 1996 2942 ante
2045 2878 2275 2942 oculos
2320 2878 2455 2941 sint
2489 2879 2647 2943 Tuae
2678 2877 3139 2959 BeatitudiniS,
3171 2895 3421 2959 quaeso,
3454 2895 3651 2959 quam
3698 2879 3940 2941 misera

826 2986 915 3049 sit
969 2985 1342 3049 animarum
1396 2986 1671 3067 strageS,
1712 3002 1913 3066 quam
1959 2985 2167 3067 impia
2223 2985 2629 3067 simplicium
2678 2985 2998 3067 seducti0,
3040 3003 3239 3067 quam
3285 2986 3469 3049 nulla
3522 2986 3591 3049 in
3646 2984 3938 3048 Ecclesia

827 3092 1222 3172 obedientia,
1262 3109 1462 3173 quam
1501 3092 1684 3156 nulla
1719 3092 1932 3155 virtus
1967 3092 2037 3155 in
2072 3092 2481 3172 hominibuS,
2523 3110 2723 3173 quam
2762 3094 3052 3175 corrupti
3090 3109 3311 3157 mores
3345 3092 3695 3172 nobilium,
3738 3106 3936 3174 quam

826 3198 1090 3263 effrenis
1149 3198 1350 3262 luxus
1405 3199 1844 3277 sacerdotum,
1899 3216 2099 3280 quam
2166 3198 2573 3263 detestabilis
2624 3199 3051 3280 praelatorum
3112 3199 3345 3280 fastus,
3404 3199 3650 3280 quanta
3702 3214 3937 3261 mona-

825 3306 1102 3369 chorum
1155 3304 1545 3387 petulantia,
1605 3306 1852 3387 quanta
1904 3305 2263 3388 plebeculae
2326 3306 2700 3369 communis
2754 3306 3148 3388 arrogantia,
3195 3323 3397 3387 quam
3446 3305 3680 3384 otiosa,
3739 3320 3939 3385 quam

825 3414 1153 3495 corrupta,
1193 3430 1394 3494 quam
1432 3412 1715 3495 denique
1762 3412 2130 3494 perniciosa
2166 3413 2451 3477 divitum
2488 3412 2647 3476 vita.
2686 3413 2869 3492 Haec,
2902 3414 3097 3477 Pater
3132 3414 3581 3492 Sanctissime,
3614 3412 3942 3494 numquid

823 3537 960 3584 non
1009 3522 1166 3584 sunt
1210 3520 1593 3602 corrigenda
1612 3520 1643 3582 ‘f
1679 3519 1983 3585 Profecto
2031 3520 2345 3584 maxime.
2386 3519 2635 3585 Verum
2684 3519 3059 3601 prohibebit
3105 3519 3381 3584 fortasse
3418 3520 3745 3585 Sanctitas
3772 3521 3935 3598 Tua,

823 3644 907 3692 ne
961 3628 1105 3692 haec
1157 3626 1468 3708 deinceps
1509 3628 1692 3691 fiant.
1734 3627 1940 3701 Quasi
1986 3628 2129 3691 haec
2174 3644 2308 3690 non
2358 3626 2605 3691 fuerint
2643 3626 2786 3707 jam
2838 3627 3001 3691 olim
3048 3627 3271 3691 vetita.
3306 3627 3583 3701 Quando
3626 3627 3937 3692 Ecclesiae

821 3734 1090 3800 defuere
1144 3733 1522 3815 praecepta?
1573 3734 1736 3808 Quae
1788 3734 1968 3816 leges
2015 3734 2180 3798 vitia
2230 3751 2365 3798 non
2410 3722 2812 3816 prohibent?
2849 3733 3093 3798 Contra
3138 3736 3405 3816 peccata
3459 3734 3684 3798 omnia
3735 3734 3939 3816 probe

819 3841 1149 3906 sancitum
1187 3842 1308 3921 est,
1327 3842 1446 3905 sed
1482 3842 1705 3905 minus
1733 3841 1898 3907 bene
1927 3841 2438 3923 obtemperatur.
2463 3842 2823 3922 Nunquam
2851 3840 3180 3905 reflorebit
3216 3841 3533 3921 Ecclesia,
3563 3843 3621 3906 si
3658 3841 3939 3907 alterum

817 3951 1068 4032 absque
1113 3950 1317 4014 altero
1371 3949 1862 4014 existimabitur
1909 3949 2428 4014 reformandum.
2469 3949 2798 4014 Omnibus
2843 3951 3263 4013 succurratur
3308 3967 3575 4015 necesse
3621 3951 3743 4032 est,
3784 3950 3942 4032 quia

819 4059 1044 4123 omnia
1074 4057 1410 4139 languent.
1434 4056 1510 4120 Id
1549 4057 1770 4121 autem
1811 4056 2144 4138 quomodo
2176 4052 2311 4137 fiat,
2342 4072 2763 4137 nequaquam
2801 4056 3043 4122 melius
3073 4074 3273 4138 quam
3314 4058 3615 4122 omnium
3646 4058 3939 4121 statuum

820 4165 1324 4249 congregatione
1371 4164 1802 4228 consultatur.
1852 4164 2079 4228 Status
2132 4164 2406 4243 statum,
2453 4164 2613 4227 ordo
2672 4164 2994 4244 ordinem,
3042 4164 3146 4227 vir
3199 4164 3418 4228 virum
3476 4166 3784 4247 accusat3
3824 4166 3940 4229 sed

819 4272 936 4355 qui
973 4272 1209 4337 melior
1250 4273 1388 4351 fiat,
1430 4287 1625 4335 nemo
1665 4272 1788 4335 est.
1823 4268 2130 4353 Arguunt
2159 4288 2415 4350 01111103,
2442 4272 2560 4335 sed
2596 4288 2792 4336 nemo
2844 4288 2915 4336 se
2952 4272 3173 4354 ipsum
3223 4272 3664 4353 reprehendit.
3704 4270 3940 4337 Refor-

818 4380 1181 4445 mationem
1237 4380 1422 4461 optat
1461 4378 1944 4460 unusquisque,
1985 4380 2054 4442 at
2106 4396 2146 4443 a
2191 4396 2263 4443 se
2313 4378 2460 4460 ipso
2516 4379 2668 4460 quis
2710 4378 2990 4461 incipit?
3022 4379 3193 4453 Quia
3242 4379 3445 4461 igitur
3494 4396 3725 4443 omnes
3770 4379 3938 4462 lapsi

818 4504 1078 4569 311111113,
1119 4488 1184 4551 01
1232 4503 1428 4551 1101110
1484 4504 1556 4551 30
1605 4488 1826 4567 ipsum
1875 4486 2092 4567 erigit,
2135 4486 2526 4568 colligamur
2574 4486 2644 4549 in
2694 4503 2903 4549 unum
2950 4487 3268 4568 universi,
3323 4487 3389 4551 01
3442 4486 3569 4551 sub
3608 4487 3674 4551 te
3714 4486 3934 4565 Patre,

816 4594 1077 4676 potiora
1115 4593 1428 4657 Ecclesiae
1469 4592 1766 4657 membra
1802 4593 2136 4675 quomodo
2178 4594 2608 4674 corrigantur,
2643 4610 2875 4657 omnes
2918 4593 3391 4657 consultamus,
3424 4592 3619 4658 Absit
3654 4611 3694 4657 a
3727 4594 3935 4676 patre,

815 4701 895 4765 ut
943 4695 1236 4763 filiorum
1291 4699 1618 4763 desideria
1654 4701 1789 4762 tam
1839 4698 1952 4781 pia
1999 4716 2134 4763 11011
2180 4699 2425 4763 laudet.
2468 4699 2769 4763 Clamant
2820 4717 2939 4781 pro
2990 4699 3283 4763 Concilio
3333 4700 3651 4764 universi.
3692 4700 3941 4781 Optant

817 4824 951 4890 quo
992 4808 1158 4887 De0,
1193 4807 1386 4889 quus
1433 4808 1504 4870 tu
1549 4806 1964 4888 providentia
2010 4806 2349 4888 praesideS‚
2384 4808 2630 4889 queant
2666 4807 3095 4871 reconciliari.
3128 4806 3277 4872 Non
3315 4825 3432 4889 per
3478 4808 3543 4871 te
3588 4808 3719 4873 stet
3763 4823 3935 4889 quo-

821 4915 1046 4979 minus
1076 4914 1390 4997 procedat
1428 4914 1607 4996 quod
1645 4931 1822 4977 unus
1860 4914 2150 4978 maxime
2180 4914 2385 4996 ‘potes
2420 4930 2833 4996 promovere.
2866 4914 3128 4979 Moveat
3169 4916 3233 4978 te
3270 4914 3655 4996 dogmatum
3698 4915 3944 4997 impio-

822 5040 974 5087 rum
1030 5023 1336 5101 variatam,
1395 5023 1705 5086 moveant
1751 5021 2078 5086 haeresum
2129 5021 2397 5101 classes,
2444 5020 2732 5085 excitent
2777 5023 2843 5085 te
2897 5022 3292 5086 abusionum
3346 5021 3718 5105 foeditates3
3760 5023 3825 5087 et
3869 5024 3946 5085 ut

825 5130 1039 5194 multa
1077 5129 1278 5195 simul
1315 5130 1556 5209 dicam,
1600 5129 1927 5192 bonarum
1966 5129 2462 5192 institutionum
2501 5130 2566 5192 te
2602 5127 2949 5192 vulnerent
2995 5128 3427 5209 inversioneS,
3469 5129 3823 5212 legumque
3874 5147 3951 5192 ac

824 5238 1256 5302 traditionum
1305 5239 1679 5301 sanctarum
1729 5236 2309 5319 transgressiones.
2352 5235 2609 5313 Quibus
2658 5235 2968 5301 omnibus
3024 5238 3139 5301 aut
3184 5238 3253 5301 in
3301 5237 3543 5303 melius
3587 5237 3946 5317 mutandiS,
