4300 6259
854 475 978 541 '146

1529 496 1952 544 nmmum
1990 495 2388 544 THEOLOGICA.
2438 511 2514 526 ⁸-
2554 495 2634 542 DE
2674 495 2794 543 1)Εο
2835 496 2956 545 mm
2997 497 3072 545 m·
3107 497 3295 545 ‘mmo

855 659 863 668 ’
936 661 1285 742 Postremo,
1329 665 1608 731 ministri
1649 667 1947 731 Ecclesiae
1992 673 2059 730 et
2106 666 2354 751 praelati
2384 667 2436 730 A
2465 666 2658 730 simul
2707 675 2772 729 et
2815 669 3190 733 relationem
3237 686 3252 731 ε
3298 666 3742 740 substantiam,
3783 665 3972 750 quasi

860 764 1171 847 Spiritum
1219 766 1521 829 Sanctum
1568 784 1696 829 non
1746 767 1896 828 dant
1943 765 2067 828 nisi
2119 766 2354 848 impro-

860 864 1022 946 prie,
1046 872 1201 946 puta
1230 863 1735 926 ministerialiter
1764 872 1828 926 et
1864 864 2264 946 dispositive,
2289 864 2354 925 in

859 970 1403 1026 sacramentorum
1434 961 1849 1035 exhibitione,
1874 971 1985 1025 aut
2009 962 2135 1024 alio
2169 961 2359 1024 modo

860 1060 1257 1143 disponendo
1305 1061 1634 1124 hominem
1691 1062 1770 1123 ad
1819 1061 2095 1142 Spiritus
2142 1060 2355 1123 Sancti

860 1163 1316 1241 receptionem.
1377 1194 1459 1204 —-
1508 1158 1853 1232 Postremo,
1906 1159 1985 1221 de
2044 1157 2356 1220 invisibili

859 1256 1167 1319 missione
1212 1257 1488 1339 Spiritus
1550 1257 1762 1319 Sancti
1823 1257 2133 1338 scriptum
2188 1262 2286 1318 est
2338 1272 2354 1316 ι

566 1365 831 1421 Sanum.
858 1354 1128 1418 Sensum
1185 1363 1394 1428 tuum,
1446 1355 1735 1425 Domine,
1796 1355 1942 1437 quis
2000 1354 2182 1428 sciet,
2231 1353 2357 1416 nisi

854 1461 926 1514 tu
956 1453 1208 1516 dederis
1236 1453 1637 1535 sapientiam,
1670 1460 1735 1514 et
1765 1451 2017 1514 miseris
2047 1451 2358 1533 Spiritum

854 1559 1039 1613 tuum
1078 1551 1157 1614 de
1197 1549 1419 1614 coelisf
1448 1551 1537 1614 De
1570 1550 1876 1613 missione
1919 1567 2175 1632 quoque
2220 1549 2356 1630 Spi-

589 1661 705 1706 md.
734 1664 801 1706 ιο.
856 1649 1017 1712 ritus
1048 1649 1259 1713 Sancti
1295 1647 1361 1711 in
1392 1650 1616 1712 eodem
1649 1649 1883 1730 legitur
1911 1647 2077 1710 libro
2112 1665 2125 1708 ε
2160 1647 2360 1709 Emit-

851 1755 917 1810 te
958 1746 1134 1810 illam
1179 1747 1365 1829 (puta
1414 1747 1823 1829 sapientiam)
1860 1747 1938 1808 de
1987 1747 2167 1809 coelis
2216 1764 2357 1808 san-

853 1846 973 1909 ctis
1013 1845 1164 1908 tuis.

1217 2053 1738 2118 PROPOSITIO
1784 2053 1991 2118 XLV.

848 2265 856 2270 ·
932 2237 1281 2304 Persona
1335 2238 1422 2303 1n
1478 2237 1781 2304 div-inis
1836 2252 1995 2304 non
2051 2237 2352 2303 dicitur

852 2334 1236 2402 absolute.

542 2455 827 2502 promum
932 2431 1108 2506 Quod
1139 2438 1258 2506 est,
1291 2431 1443 2512 quia
1470 2431 1571 2511 (ut
1600 2431 1833 2513 patuit)
1863 2433 2031 2513 quod
2062 2429 2351 2494 absolute

850 2529 1165 2612 accipitur
1196 2528 1263 2590 in
1293 2528 1529 2590 divinis
1572 2545 1698 2591 non
1747 2527 2232 2611 multiplicatur,
2264 2536 2352 2590 at·

848 2644 976 2709 que
1020 2626 1100 2688 de
1149 2624 1444 2709 pluribus
1492 2625 1784 2707 personis
1832 2625 2025 2687 simul
2076 2627 2350 2708 sumptis

848 2723 1260 2807 singulariter
1289 2724 1671 2806 praedicatur
1704 2741 1717 2786 :
1753 2732 1824 2786 ut
1852 2725 2031 2787 Pater
2062 2734 2125 2788 et
2154 2724 2350 2787 Filius

847 2830 999 2884 sunt
1025 2841 1153 2885 una
1180 2822 1473 2884 essentia.
1492 2822 1595 2884 Sic
1618 2830 1827 2884 autem
1852 2822 1978 2884 dici
2005 2841 2131 2885 non
2159 2823 2348 2898 valet,

846 2922 1019 3004 quod
1049 2921 1229 2984 Pater
1257 2927 1323 2983 et
1351 2921 1549 2982 Filius
1581 2921 1711 2983 sint
1740 2941 1868 2983 una
1897 2939 2187 3004 persona.
2223 2922 2350 2984 Nec

2465 783 2580 847 per
2611 766 2872 828 modum
2905 767 3305 831 fundamenti
3335 785 3412 830 ac
3453 764 3842 843 materialis3
3875 783 3973 827 re-

2469 863 2794 937 lationem,
2827 883 2942 946 per
2973 866 3233 928 modum
3269 863 3559 929 formalis
3585 872 3651 926 et
3689 861 3974 945 comple-

2468 961 2584 1022 tivi
2619 978 2633 1022 :
2668 979 2795 1024 non
2826 964 2995 1044 quod
3029 980 3301 1045 persona
3330 963 3397 1025 in
3428 961 3668 1025 divinis
3711 977 3976 1042 compo-

2467 1059 2589 1120 sita
2645 1059 2728 1121 sit
2775 1079 2853 1122 ex
2902 1060 3174 1123 diversis
3234 1059 3572 1123 realiterve
3627 1058 3973 1131 distinctis,

2469 1156 2623 1238 quia
2652 1157 2874 1220 relatio
2907 1157 2973 1219 in
3003 1157 3241 1220 divinis
3273 1157 3366 1220 nil
3396 1157 3567 1220 reale
3597 1155 3974 1238 superaddit

2468 1255 2783 1328 essentiae,
2817 1255 3111 1336 quamvis
3141 1255 3226 1318 sit
3255 1253 3443 1319 realis
3481 1254 3707 1318 relatio
3744 1253 3976 1316 distin-

2468 1360 2569 1415 cta
2612 1353 2866 1416 realiter
2906 1372 2943 1415 a
2985 1371 3102 1416 suo
3144 1353 3542 1416 correlative.

2813 1561 3334 1626 PROPOSITIO
3379 1561 3620 1624 XLVI.

2547 1744 2738 1811 Idea
2775 1747 2899 1811 est
2941 1744 3397 1811 simintudo
3432 1747 3554 1812 rei
3589 1745 3975 1813 creabilis

2387 1845 2434 1908 B
2467 1845 2610 1909 aut
2663 1846 2952 1910 ereatae
3009 1842 3096 1911 in
3153 1844 3431 1910 divina
3476 1846 3744 1911 mente
3789 1859 3975 1912 con-

2466 1942 2785 2008 sistens.

2545 2037 2721 2112 Quod
2765 2046 2883 2112 est,
2916 2039 3220 2120 quoniam
3252 2038 3976 2122 supet-sapientissimus

2468 2136 2634 2198 Deus
2666 2137 2965 2199 universa
2995 2137 3320 2219 sapienter
3354 2145 3677 2219 operatur,
3710 2144 3775 2201 et
3812 2157 3978 2200 cun-

2466 2241 2567 2296 cta
2596 2235 2873 2317 propriis
2905 2234 3257 2297 rationibus
3298 2236 3538 2315 noscit3
3569 2254 3690 2298 nec
3719 2253 3826 2300 eas
3861 2254 3974 2298 ac·

2467 2332 2624 2413 cipit
2670 2333 2951 2407 aliunde,
3001 2333 3112 2395 sed
3163 2333 3490 2416 propriam
3546 2333 3973 2416 intelligendo

2467 2431 2808 2493 essentiam
2847 2431 3024 2494 omni
3058 2430 3450 2513 perfectione
3492 2431 3968 2514 plenissimam,

2468 2529 2783 2611 conspicit
2829 2547 2969 2592 eam
3019 2529 3212 2590 variis
3262 2529 3470 2592 modis
3518 2549 3557 2593 a
3603 2530 3832 2594 creatis
3887 2550 3972 2594 ac

2467 2628 2757 2690 creandis
2788 2634 2852 2689 et
2879 2627 3267 2690 creabilibus
3310 2627 3692 2691 imitabilem
3719 2647 3794 2690 ac
3826 2647 3976 2711 par·

2462 2725 2881 2808 ticipabilem.
2918 2725 3150 2806 Sicque
3178 2725 3398 2788 divina
3424 2726 3704 2789 essentia
3730 2745 3768 2788 a
3804 2727 3976 2790 divi-

2464 2843 2546 2888 no
2577 2824 2902 2886 intellectu
2931 2823 3146 2885 taliter
3172 2825 3571 2906 apprehensa
3599 2832 3664 2888 et
3691 2825 3972 2906 cognita,

2461 2922 2821 3004 appellatur
2849 2921 3156 2984 idea.1mo
3187 2941 3314 2984 una
3341 2927 3405 2984 et
3431 2922 3656 2985 eadem
3687 2922 3974 3006 simplex

846 3020 1041 3082 etiam
1072 3036 1306 3082 nomen
1338 3037 1626 3100 personae
1655 3019 1970 3100 accipitur
2008 3020 2075 3081 in
2113 3021 2349 3083 divinis
2382 3019 2426 3083 C
2463 3021 2760 3094 essentia,
2798 3019 3084 3102 plurium
3133 3026 3232 3082 est
3276 3019 3436 3094 idea,
3478 3028 3705 3102 estque
3747 3021 3976 3104 plures

850 3137 1009 3201 pure
1051 3117 1337 3191 relative,
1373 3117 1574 3180 instar
1610 3119 1881 3181 aliorum
1922 3137 2064 3199 quae
2110 3119 2349 3182 directe

848 3233 927 3278 ex
958 3216 1219 3298 propria
1258 3215 1502 3278 ratione
1544 3216 1917 3279 relationem
1961 3216 2346 3298 important3

848 3330 1045 3396 quum
1072 3321 1139 3377 et
1165 3313 1382 3378 divina
1412 3315 1689 3377 essentia
1720 3315 1804 3377 sit
1835 3333 1936 3377 res
1966 3322 2030 3376 et
2061 3315 2352 3378 substan-

845 3413 936 3475 tia
964 3411 1415 3476 intellectualis
1443 3419 1707 3486 naturae,
1730 3430 1845 3495 per
1874 3431 1942 3474 se
1971 3411 2346 3488 subsistenS,

844 3517 1037 3592 atque
1079 3527 1371 3592 persona,
1415 3517 1604 3592 prout
1644 3510 2011 3592 philosophi
2050 3518 2114 3572 et
2148 3511 2346 3574 Judaei

848 3608 1197 3671 trinitatem
1242 3609 1307 3670 in
1349 3609 1479 3670 Deo
1520 3615 1846 3688 neganteS,
1881 3609 2232 3690 loquuntur
2270 3611 2348 3673 de

842 3715 1121 3790 ‘persona
1177 3707 1245 3768 in
1302 3707 1563 3782 diviniS,
1614 3706 1899 3768 dicentes
1951 3707 2154 3769 Deum
2211 3727 2349 3771 esse

847 3821 1205 3888 personam.
1241 3804 1416 3868 Unde
1458 3805 1525 3866 in
1558 3803 1723 3868 libro
1751 3805 1829 3867 de
1861 3805 2080 3868 Causis
2123 3807 2348 3868 asseri-

844 3913 971 3978 tur,
1005 3904 1175 3986 quod
1217 3922 1409 3966 causa
1447 3903 1655 3985 prima
1698 3911 1794 3966 est
1835 3904 1914 3966 de
1956 3922 2026 3966 se
2073 3905 2348 3966 maxime

845 4003 1001 4066 haec.
1054 4002 1292 4064 Verum
1340 4002 1441 4083 (ut
1490 4002 1887 4083 Augustinus
1937 4002 2212 4084 septimo
2270 4004 2348 4065 de

840 4101 1149 4163 -Trinitate
1180 4118 1478 4182 expresse
1510 4098 1771 4178 fatetur)
1790 4117 2062 4181 persona
2092 4100 2158 4163 in
2190 4101 2351 4163 divi-

2465 3120 2644 3193 ideae,
2678 3137 2805 3181 non
2836 3126 3100 3200 propter
3143 3117 3597 3201 pluralitatem,
3629 3119 3972 3184 diversita-

2466 3226 2593 3280 tem
2623 3224 2728 3278 aut
2756 3215 3236 3279 distinctionem
3266 3215 3680 3281 exsistentem
3711 3217 3778 3281 in
3809 3218 3967 3293 Dec,

2465 3316 2576 3378 sed
2619 3333 2733 3397 per
2774 3314 3315 3396 comparationem
3358 3321 3424 3377 et
3465 3315 3842 3380 relationem
3879 3318 3970 3380 ad

2466 3416 2689 3477 ideata.
2724 3414 2872 3488 Quae
2911 3413 3136 3477 relatio
3178 3432 3257 3476 ex
3297 3421 3476 3496 parte
3517 3413 3632 3476 Dei
3671 3433 3746 3477 ac
3789 3415 3967 3478 idea-

2465 3531 2609 3574 rum
2653 3512 2861 3574 solum
2904 3519 3000 3574 est
3039 3511 3321 3575 rationis.
3368 3509 3619 3574 Etenim
3661 3512 3976 3595 superbe—

2464 3610 2790 3674 atissimus
2830 3610 2996 3672 Deus
3043 3609 3238 3672 unico
3283 3608 3764 3692 simplicissimo
3810 3618 3972 3674 actu

2465 3709 2766 3791 intelligit
2805 3727 2986 3771 suam
3017 3707 3386 3782 essentiam,
3419 3707 3500 3770 ab
3533 3708 3974 3772 innumerabi-

2466 3806 2658 3880 libus,
2693 3807 2822 3869 imo
2853 3813 2917 3868 et
2945 3812 3257 3888 quantum
3287 3814 3384 3869 est
3411 3825 3490 3869 ex
3523 3814 3700 3890 parte
3731 3808 3968 3890 ipsiuS,

2462 3904 2544 3967 ab
2601 3904 2875 3967 infinitis
2934 3902 3126 3967 rebus
3184 3904 3697 3987 participabilem
3748 3922 3763 3967 :
3815 3906 3972 3970 ideo

2464 4003 2741 4067 essentia
2769 4003 3008 4076 divina,
3042 4002 3614 4066 innumerabilium
3656 4012 3752 4067 est
3793 4004 3964 4068 idea.

2543 4098 2818 4162 Infinitae
2866 4115 3120 4181 quoque
3170 4099 3328 4162 ideae
3378 4098 3442 4161 in
3501 4099 3633 4163 Deo
3678 4119 3816 4164 esse
3863 4101 3968 4163 di-

844 4199 945 4262 nis
978 4198 1311 4261 consuevit
1337 4197 1546 4278 accipi
1576 4197 1897 4276 absolute3
1921 4199 2032 4261 sed
2061 4200 2139 4261 ad
2172 4201 2348 4262 satis·
2379 4199 2430 4262 D
2459 4204 2710 4259 cuntur.
2752 4196 3017 4278 Nempe,
3049 4197 3402 4259 secundum
3447 4198 3616 4279 quod
3651 4198 3816 4261 Deus
3859 4217 3968 4262 es-

845 4295 1212 4359 faciendum
1247 4295 1715 4376 importunitati
1748 4296 2216 4370 haereticorum‚
2243 4298 2350 4361 Ca-

844 4393 1069 4456 tholici
1118 4393 1209 4454 uti
1261 4400 1596 4474 coeperunt
1638 4394 1899 4456 nomine
1946 4413 2234 4475 personae
2280 4404 2348 4458 ut

846 4491 1135 4566 relative,
1155 4498 1219 4553 et
1250 4490 1507 4553 interim
1532 4490 1624 4552 sic
1646 4508 1721 4553 eo
1742 4499 1893 4553 sunt
1914 4492 2013 4553 usi
2043 4492 2344 4574 theologi,

846 4589 1037 4674 prout
1094 4589 1383 4670 designat
1438 4589 1843 4670 suppositum
1895 4590 2156 4652 relativa
2206 4609 2347 4673 pro-

842 4689 1113 4772 prietate
1161 4686 1601 4759 constitutum,
1642 4695 1706 4749 et
1746 4687 1827 4749 ab
1870 4688 2013 4751 aliis
2057 4690 2346 4770 personis

844 4787 1240 4852 distinctum.
1273 4784 1434 4848 Hinc
1472 4785 1671 4868 aliqui
1716 4787 2141 4868 protulerunt,
2176 4789 2346 4871 quod

843 4885 1168 4968 significet
1196 4885 1569 4948 relationem
1602 4884 2055 4947 subsistentem
2092 4885 2155 4947 in
2188 4886 2349 4948 divi-

846 5005 930 5048 na
958 4984 1345 5058 natura,vel,
1380 4991 1448 5045 ut
1478 4983 1587 5045 alii
1620 4984 1829 5065 aptius
1860 4984 2098 5046 dixisse
2130 4983 2344 5046 ferun-

848 5081 975 5158 tur,
1035 5083 1319 5154 divinam
1385 5089 1449 5144 et
1515 5083 1862 5144 increatam
1922 5083 2344 5145 substantiam

850 5182 1114 5246 relativa
1190 5180 1578 5264 proprietate
1648 5177 2035 5243 distinctam.
2111 5182 2342 5264 Sicque

855 5296 1122 5364 persona
1179 5278 1246 5342 in
1296 5277 1532 5340 divinis
1582 5277 1870 5359 designat
1916 5280 2339 5343 substantiam

2459 4297 2730 4359 sentiam
2779 4314 2959 4357 suam
3013 4293 3312 4374 intelligit
3358 4296 3712 4359 secundum
3757 4296 3964 4360 talem

2457 4401 2567 4456 aut
2595 4393 2785 4455 talem
2827 4393 3094 4474 gradum
3135 4393 3434 4455 bonitatis
3473 4401 3582 4455 aut
3620 4393 3965 4476 perfectio-

2458 4493 2559 4554 nis
2588 4510 2625 4553 a
2653 4492 2786 4554 suis
2815 4490 3158 4553 effectibus
3186 4490 3966 4566 imitabilem,secundum

2459 4591 2579 4654 hoc
2609 4590 2826 4652 divina
2853 4589 3127 4652 essentia
3157 4587 3532 4671 perhibetur
3559 4590 3788 4654 horum
3817 4591 3964 4655 sive

2458 4689 2728 4752 aliorum
2766 4688 2928 4760 idea,
2963 4687 3341 4761 similitudo,
3385 4689 3654 4770 specieS,
3693 4690 3853 4753 ratio
3891 4699 3968 4754 et

2458 4786 2802 4869 exemplar.
2837 4785 2993 4847 Hinc
3025 4786 3191 4847 Deus
3221 4785 3630 4867 omnipotens
3660 4787 3968 4852 universa

2457 4893 2521 4948 et
2548 4884 2798 4966 singula
2836 4883 3112 4966 propriis
3139 4901 3214 4945 ac
3242 4882 3562 4947 distinctis
3601 4885 3964 4950 rationibus

2457 5003 2570 5046 seu
2613 4983 2774 5045 ideis
2817 4998 3200 5063 cognoscere
3243 4980 3466 5044 fertur.

2536 5083 2846 5164 Denique,
2881 5081 3046 5143 Deus
3077 5085 3174 5141 est
3214 5079 3461 5142 entium
3492 5099 3682 5144 causa
3711 5083 3960 5165 triplici

2458 5180 2645 5243 modo
2689 5178 3014 5252 causandi,
3045 5195 3158 5239 seu
3187 5177 3430 5260 triplici
3460 5196 3692 5260 genere
3719 5198 3951 5246 causae.

2455 5279 2566 5342 Est
2621 5295 2900 5359 namque
2955 5276 3245 5339 omnium
3295 5295 3484 5340 causa
3539 5279 3951 5362 exemplaris,
