4300 6259
919 487 998 553 34
1485 508 1908 555 assumtum-10
1950 505 2407 553 PmtosoPch.
2452 523 2533 535 —
2572 504 2651 553 na
2694 505 3123 555 uaupmrsim
3164 508 3469 555 omnam

1001 678 1191 742 Porro
1220 697 1336 742 ens
1373 686 1436 742 et
1478 698 1618 742 esse
1662 678 2034 741 dividuntur
2078 677 2143 739 in
2189 696 2302 739 ens
2346 694 2419 739 ac
2449 675 2501 739 A
2528 677 2698 740 dant.
2734 677 2893 740 Hinc
2932 678 3174 761 optime
3217 678 3379 742 dixit
3420 678 3863 762 Philosophus„
3896 696 4029 742 non

920 796 1060 839 esse
1109 777 1485 853 increatum,
1527 778 1698 860 quod
1746 785 1841 840 est
1877 776 2418 860 perfectionaliter
2528 794 2713 860 posse
2762 796 2901 839 esse
2947 778 3206 860 aliquod
3257 797 3490 861 purum
3544 778 3807 853 malum,
3860 785 3925 841 et
3972 778 4027 840 si

920 874 1250 939 infinitum
1280 896 1352 939 ac
1385 876 1837 958 independens,
1855 876 2109 958 penitus
2139 874 2415 957 simplex
2525 876 2649 937 tale
2696 876 2850 958 quid
2901 884 3089 951 esset,
3137 896 3204 939 se
3253 877 3467 959 ipsum
3516 884 3956 958 corrumperet
4008 894 4022 938 :

919 982 984 1036 et
1011 974 1380 1037 omnimode
1411 994 1612 1037 unum
1638 992 1654 1053 3
1686 982 1874 1057 atque
1906 974 1970 1035 in
2005 993 2118 1035 ens
2161 992 2235 1035 ac
2276 991 2415 1035 esse
2525 974 2695 1055 quod
2725 974 2896 1036 Plato
2924 992 3179 1056 quoque
3207 993 3282 1037 ac
3313 975 3499 1037 divus
3528 975 3865 1057 Dionysius
3895 974 4029 1057 ple-
4096 999 4153 1042 ne
4176 1000 4242 1041 ner:

917 1080 1223 1146 creatum,
1256 1074 1425 1155 quod
1465 1074 1824 1135 necessario
1853 1081 1951 1135 est
1991 1070 2276 1145 finitum,
2310 1072 2415 1134 de-
2525 1073 2672 1134 nius
2722 1080 3192 1154 expresserunt.
3238 1073 3573 1155 Quumque
3622 1073 4029 1155 unumquod-
4056 1074 4205 1105 '²⁰¹²‘
4229 1076 4242 1101 “·

920 1172 1204 1254 pendens
1269 1191 1344 1234 ac
1419 1172 1778 1255 multiplex,
1841 1171 1904 1233 in
1976 1189 2103 1254 quo
2171 1170 2415 1252 aliquid
2526 1188 2652 1250 que
2690 1170 2932 1232 tamdiu
2977 1177 3347 1253 permaneat
3384 1171 3692 1252 quamdiu
3739 1178 4029 1233 remanet

916 1269 1296 1332 actualitatis
1326 1278 1390 1332 et
1419 1269 1900 1351 potentialitatis
1931 1269 2414 1331 consistit.Rur-
2528 1267 2877 1330 indivisum
2915 1287 2950 1331 a
2990 1288 3079 1343 se,
3120 1276 3183 1331 et
3222 1268 3461 1332 bonum
3516 1269 3600 1332 sit
3643 1270 4027 1332 conservati—

916 1387 1024 1430 sus
1053 1386 1166 1429 ens
1196 1368 1504 1430 dividitur
1533 1368 1596 1429 in
1629 1387 1743 1430 ens
1772 1368 1960 1441 reale,
1996 1375 2059 1429 et
2087 1386 2201 1429 ens
2233 1367 2415 1429 ratio-
2526 1385 2680 1428 vum
2731 1367 2822 1429 rei
2873 1366 2940 1429 in
2991 1386 3079 1441 se,
3124 1376 3294 1431 recte
3345 1368 3645 1429 dixerunt
3692 1368 4021 1441 Platonici,

915 1466 1034 1527 nis,
1086 1466 1213 1527 Ens
1272 1484 1425 1530 vero
1481 1466 1650 1529 reale
1699 1466 2006 1528 dividitur
2064 1466 2130 1526 in
2190 1465 2411 1527 decem
2528 1463 2769 1526 bonum
2800 1472 2863 1527 et
2894 1483 3094 1527 unum
3134 1464 3519 1538 coincidere,
3553 1483 3672 1527 nec
3712 1465 4022 1545 distingui

915 1564 1445 1646 praedicamenta3
1486 1572 1550 1627 et
1590 1565 1740 1627 item
1783 1564 1846 1626 in
1889 1564 2309 1626 substantiam
2352 1570 2415 1625 et
2525 1561 2606 1623 ab
2657 1562 2957 1635 invicem,
3009 1562 3118 1624 sed
3171 1570 3395 1625 mutuo
3445 1563 3879 1625 concomitari.
3926 1563 4021 1625 Ad

912 1662 1230 1736 accidenS,
1264 1682 1378 1725 seu
1410 1662 1476 1725 in
1517 1682 1630 1725 ens
1670 1662 2052 1744 simpliciter
2091 1668 2155 1724 et
2195 1662 2261 1723 in
2300 1680 2413 1723 ens
2525 1662 2694 1741 quod
2734 1661 3218 1734 insinuandum,
3260 1660 3519 1723 Proclus
3558 1660 3916 1724 Platonicus
3956 1661 4021 1723 in

911 1762 1266 1824 secundum
1299 1762 1454 1843 quid
1481 1780 1494 1823 ε
1521 1762 1689 1843 quod
1723 1761 1886 1823 redit
1917 1761 1981 1822 in
2015 1761 2203 1823 idem.
2238 1760 2415 1822 Acci·
2526 1758 3027 1821 Elementatione
3066 1778 3181 1821 sua
3218 1758 3574 1840 theologica
3619 1758 3825 1823 lassus
3867 1766 3963 1821 est
4006 1776 4019 1820 :

914 1860 1069 1922 dens
1116 1860 1269 1921 item
1311 1860 1377 1921 in
1419 1877 1652 1923 novem
1703 1859 2196 1942 praedicamenta
2242 1877 2415 1920 seca·
2444 1854 2491 1917 B
2524 1858 2723 1921 Omne
2756 1858 2995 1921 bonum
3028 1859 3345 1921 unitivum
3376 1866 3473 1921 est
3502 1860 4024 1941 participantium

914 1966 1197 2021 turtnon
1230 1959 1401 2040 quod
1433 1959 1516 2021 sit
1541 1978 1742 2040 genus
1771 1958 1850 2019 ad
1881 1976 1974 2031 ea,
2000 1965 2109 2019 aut
2143 1958 2413 2019 univoce
2524 1956 2539 2017 i
2550 1974 2685 2037 p80,
2732 1962 2796 2017 et
2843 1956 3054 2018 omnis
3106 1956 3309 2019 unitio
3358 1955 3624 2029 bonum,
3671 1964 3735 2019 et
3782 1956 4025 2020 bonum

915 2056 994 2119 de
1054 2056 1208 2137 ipsis
1266 2056 1534 2129 dicatur,
1588 2074 1786 2138 quum
1839 2056 1948 2118 illa
1993 2056 2123 2119 sint
2180 2073 2412 2136 genera
2524 2055 2636 2116 uni
2687 2054 2880 2116 idem.
2936 2054 3180 2118 Bonum
3243 2074 3520 2137 namque
3579 2062 3675 2117 est
3730 2054 4022 2117 omnium

913 2154 1414 2234 generalissima.
1469 2156 1735 2236 Insuper
1782 2174 1922 2216 esse
1979 2154 2289 2217 dividitur
2346 2154 2410 2216 in
2523 2153 2771 2215 entium
2812 2153 3216 2227 salvativum,
3264 2162 3524 2236 propter
3565 2154 3734 2235 quod
3782 2154 4023 2236 appeti—

913 2271 1054 2315 esse
1083 2254 1396 2327 essentiae,
1431 2260 1494 2315 et
1517 2272 1656 2315 esse
1685 2254 1948 2315 actualis
1979 2252 2407 2316 exsistentiae:
2523 2250 2653 2313 bile
2716 2250 3019 2313 omnibus
3077 2259 3299 2313 exstat.
3353 2252 3543 2315 Porro
3600 2252 3767 2334 quod
3828 2252 4025 2315 salva·

911 2352 990 2413 de
1034 2350 1268 2433 quibus
1313 2351 1480 2413 infra
1522 2358 1835 2431 tangetur.
2520 2349 2725 2411 tivum
2756 2356 2821 2412 et
2856 2350 3295 2412 contentivum
3340 2357 3438 2412 est
3479 2350 3849 2414 substantiae
3891 2351 4019 2413 sin·

2518 2448 2839 2529 gulorum,
2872 2455 2969 2509 est
3000 2447 3214 2529 ipsum
3248 2467 3449 2511 unum
3476 2466 3493 2529 ;
3525 2449 3838 2531 dispersio
3867 2467 4021 2513 vero

1278 2560 1807 2626 PROPOSITIO
1857 2560 2036 2625 XVI,
2519 2548 3024 2629 unumquodque
3092 2546 3244 2609 facit
3308 2546 3482 2609 exire
3547 2567 3583 2609 a
3640 2547 4012 2611 substantia.

2519 2645 2679 2709 Hinc
2743 2664 2964 2707 rursus
3022 2644 3258 2707 fatetur
3320 2662 3333 2707 :
3396 2645 3616 2708 Omnis
3676 2646 4019 2709 multitudo

985 2744 1274 2827 Unum,
1307 2748 1389 2813 et
1414 2761 1722 2828 verum,
1755 2760 1847 2812 ao
1877 2746 2193 2826 bonum,
2226 2760 2409 2812 oon·
2518 2744 2859 2826 participat
2888 2760 3035 2807 uno.
3070 2744 3523 2806 Verumtamen
3556 2764 3779 2818 unum,
3812 2752 3877 2807 et
3914 2764 4021 2808 ve-

902 2844 1315 2912 vertibilia
1350 2846 1540 2911 sunt
1581 2859 1766 2911 eum
1805 2847 2025 2925 ente3
2055 2847 2136 2911 et
2164 2847 2406 2912 ratio·
2518 2862 2684 2915 rum,
2712 2861 2784 2905 ac
2815 2842 3079 2915 bonum,
3110 2843 3319 2905 adhuc
3348 2842 3532 2905 aliter
3577 2842 4021 2925 multipliciter

903 2958 1026 3023 ne,
1077 2957 1232 3009 non
1275 2957 1389 3024 re,
1432 2942 2038 3021 distinguuntur
2083 2943 2184 3009 ab
2232 2942 2401 3024 1110,
2521 2941 2862 3024 capiuntur
2902 2948 2967 3003 et
3008 2941 3402 3004 dividuntur.

903 3042 1145 3121 atque
1191 3040 1290 3106 ab
1333 3040 1709 3108 invicem.
2434 3040 2477 3103 C

984 3138 1160 3211 Quod
1190 3145 1308 3211 est,
1341 3139 1644 3220 quoniam
1676 3156 1867 3201 omne
1897 3158 2010 3202 ens
2041 3148 2138 3201 est
2177 3158 2400 3213 unum,
2871 3150 3390 3217 PROPOSI'HO
3436 3152 3653 3217 XV11,

904 3236 1027 3299 hoc
1084 3243 1180 3298 est
1239 3236 1587 3299 indivisum
1635 3257 1671 3299 a
1719 3257 1809 3311 se,
1862 3256 1935 3299 ac
1985 3238 2267 3300 divisum
2324 3237 2404 3300 ab

905 3334 1051 3398 aliis
1087 3352 1100 3396 :
1136 3334 1264 3397 imo
1293 3335 1465 3416 quod
1495 3336 1896 3417 aggregative
1925 3344 2022 3398 est
2051 3337 2407 3410 unum,ali-
2598 3333 2905 3398 Natura
2969 3334 3339 3414 pluribus
3404 3334 3662 3402 modis
3727 3338 4017 3419 accipi·

909 3452 1101 3514 quam
1140 3431 1332 3495 habet
1362 3451 1434 3495 ac
1466 3433 1804 3515 participat
1845 3435 2153 3497 unitatem
2180 3453 2197 3513 3
2229 3435 2404 3497 simi·
2517 3433 2673 3507 tur,
2722 3430 3116 3496 div1d1tur
3163 3446 3254 3498 ao
3305 3432 3705 3502 definitur.

909 3532 1053 3593 liter
1113 3531 1472 3594 multitudo.
1531 3532 1839 3595 Similiter
1893 3550 2082 3596 omne
2138 3552 2253 3596 ens
2310 3542 2406 3596 est
2597 3528 2773 3601 Quod
2816 3537 2932 3603 est,
2975 3529 3128 3611 quia
3173 3547 3406 3592 nomen
3457 3540 3698 3595 naturae
3744 3552 3783 3595 a
3820 3534 4017 3598 verbo

909 3648 1132 3693 verum
1157 3646 1174 3709 ;
1233 3638 1296 3691 et
1362 3639 1672 3712 quantum
1732 3631 1926 3693 habet
1981 3632 2058 3693 de
2119 3633 2401 3706 entitate,
2517 3628 2660 3700 hoc,
2692 3645 2939 3702 nascor,
2974 3629 3317 3691 derivatur.
3351 3630 3583 3712 Sicque
3612 3632 3823 3713 primo
3852 3634 4015 3696 desi-

909 3735 1156 3791 tantum
1189 3729 1266 3791 de
1297 3728 1580 3791 veritate.
1603 3730 1746 3792 Haec
1777 3730 2016 3791 etenim
2047 3730 2281 3792 veritas
2314 3732 2405 3794 rei
2516 3735 2666 3806 gnat
2696 3726 3038 3789 essentiam
3070 3726 3185 3799 rei,
3220 3735 3409 3810 prout
3451 3747 3526 3790 ex
3572 3748 3648 3792 ea
3688 3738 3868 3794 actus
3904 3740 4017 3795 aut

910 3826 1210 3889 convenit
1237 3827 1413 3889 omni
1445 3827 1600 3900 enti,
1636 3827 1699 3888 in
1731 3835 2041 3909 quantum
2076 3828 2268 3890 habet
2298 3849 2406 3892 na-
2517 3825 2801 3907 operatio
2832 3825 3033 3886 oritur
3066 3832 3167 3887 :et
3198 3825 3285 3887 ita
3313 3826 3433 3888 hoc
3463 3844 3697 3891 nomen
3728 3848 4014 3893 commu·

908 3933 1139 3999 turam,
1197 3942 1270 3988 ac
1327 3926 1608 4007 speciem
1669 3926 2274 4007 correspondentem
2328 3945 2402 3990 ac
2518 3942 2597 3986 ne
2628 3931 2723 3985 est
2764 3931 2895 3985 tam
2934 3923 3229 3987 increatae
3274 3925 3565 3989 essentiae
3607 3946 3801 4008 quam
3847 3948 4015 3992 crea·

907 4040 1250 4086 consonam
1312 4022 1719 4103 similemque
1784 4023 1938 4086 ideae
2000 4043 2111 4085 seu
2175 4024 2401 4087 rationi
2516 4022 2825 4095 tae.Unde,
2848 4030 2917 4083 ut
2943 4022 3169 4084 asserit
3198 4022 3687 4107 HugozAntiqui
3722 4034 4013 4091 naturam

907 4120 1259 4203 exemplari
1303 4140 1496 4201 quam
1545 4120 1738 4182 habet
1784 4121 1848 4182 in
1903 4128 2114 4184 mente
2162 4122 2398 4197 divina,
2516 4120 2725 4201 primo
2755 4128 3172 4201 sumpserunt
3202 4138 3316 4203 pro
3349 4120 3538 4183 ideali
3570 4130 3633 4184 et
3661 4125 4013 4207 exemplari

908 4220 985 4282 ad
1019 4219 1205 4299 cujus
1237 4218 1658 4280 imitationem
1705 4218 2012 4299 producta
2049 4226 2144 4281 est
2183 4238 2403 4282 secun·
2433 4224 2482 4286 D
2515 4219 2757 4281 ratione
2807 4218 2898 4280 rei
2942 4226 3167 4281 creatae
3214 4219 3275 4281 in
3326 4228 3539 4283 mente
3583 4221 3818 4285 divina.
3866 4224 4011 4287 Idea

910 4318 1064 4379 dum
1125 4315 1684 4398 superdignissimi
1743 4334 1816 4377 ac
1875 4317 2401 4399 supersapientis·
2512 4319 2755 4400 quippe
2786 4323 2882 4379 est
2910 4315 3220 4379 factivum
3250 4337 3464 4380 rerum
3505 4319 3899 4403 principium
3941 4323 4009 4384 in

910 4415 1057 4477 simi
1098 4414 1408 4477 Creatoris
1458 4413 2057 4495 praeordinationem
2105 4433 2178 4477 ac
2226 4416 2405 4479 insti·
2512 4433 2767 4478 summo
2796 4414 3051 4496 opifice.
3089 4414 3191 4477 Sic
3232 4433 3487 4498 quoque
3527 4417 3737 4481 taliter
3778 4420 4007 4483 defini-

910 4514 1227 4576 tutionem
1293 4519 1614 4575 aeternam.
1688 4511 1887 4576 Omne
1958 4514 2220 4596 insuper
2288 4534 2401 4578 ens
2512 4523 2653 4576 tur:
2686 4514 2923 4576 Natura
2952 4519 3049 4575 est
3079 4533 3220 4595 quae
3252 4514 3521 4577 cuilibet
3551 4516 3642 4578 rei
3674 4518 4005 4601 proprium

911 4612 1152 4674 bonum
1183 4618 1280 4672 est
1309 4610 1590 4673 bonitate
1622 4618 1882 4685 naturae,
1917 4631 2034 4674 nec
2067 4613 2397 4696 quidpiam
2510 4631 2650 4676 esse
2708 4611 2989 4693 largitur.
3044 4612 3336 4675 Secundo
3394 4622 3617 4677 natura
3674 4616 4007 4681 limitatius

908 4718 1006 4773 est
1032 4717 1160 4771 tam
1194 4708 1319 4771 vile
1351 4710 1506 4790 quin
1536 4708 1777 4791 aliquid
1809 4710 2036 4773 habeat
2073 4710 2396 4787 bonitatis,
2510 4711 2787 4774 sumitur
2836 4727 2949 4791 pro
3007 4710 3361 4791 quidditate
3418 4713 3511 4775 rei
3568 4714 3893 4795 specifica,
3942 4724 4007 4779 et

905 4806 1390 4891 appetibilitatis
1429 4825 1502 4868 ac
1548 4807 1840 4870 utilitatis
1875 4826 1888 4870 :
1934 4809 2100 4891 quod
2146 4810 2400 4873 eviden-
2508 4811 2600 4873 sic
2630 4828 2772 4871 eam
2803 4806 3032 4870 definit
3060 4809 3310 4872 Boetius
3345 4828 3358 4871 :
3392 4811 3626 4874 Natura
3652 4813 4008 4896 (inquiens)

904 4915 1005 4971 ter
1032 4913 1296 4989 pateret,
1331 4905 1384 4967 si
1425 4906 1738 4969 universae
1777 4906 1916 4987 ejus
1954 4908 2395 4989 proprietates,
2507 4916 2603 4970 est
2645 4925 3165 4989 unamquamque
3215 4926 3350 4969 rem
3401 4908 3754 4973 informans
3802 4912 4005 4994 speci-

907 5006 1074 5068 vires
1139 5012 1204 5066 et
1269 5002 1577 5067 efficaciae
1648 5004 2119 5068 innotescerent
2185 5008 2394 5083 nobis,
2508 5006 2633 5068 fica
2664 5005 3055 5078 differentia,
3079 5006 3142 5067 id
3175 5014 3272 5068 est
3300 5007 3578 5070 essentia
3607 5009 4003 5091 distinguens

905 5122 1104 5185 quum
1136 5110 1200 5165 et
1227 5101 1730 5164 venenosissima
1773 5103 2085 5184 quaedam,
2123 5113 2192 5166 ut
2233 5106 2396 5168 basi·
2505 5105 2713 5187 specis
2718 5104 3058 5166 ice.Tertio
3088 5105 3448 5187 appellatur
3477 5113 3703 5170 natura
3731 5108 3827 5170 vis
3858 5128 3999 5171 cau-

907 5202 1120 5275 liscuS,
1166 5201 1376 5272 draco,
1418 5208 1708 5274 cerasteS,
1760 5200 2028 5263 virtutes
2069 5202 2395 5266 mirabiles
2505 5204 2678 5278 salis,
2723 5202 3161 5265 consimilium
3208 5204 3631 5285 procurativa,
3672 5214 3736 5269 et
3774 5206 3999 5269 defini—

904 5318 976 5367 αθ
1008 5299 1286 5362 medicas
1317 5298 1382 5360 in
1413 5318 1480 5361 se
1521 5298 1690 5361 vires
1732 5300 2155 5382 materiasque
2197 5301 2395 5365 inclu·
2504 5312 2610 5366 tur
2640 5304 2759 5365 hoc
2792 5302 2980 5364 modo
3015 5319 3028 5363 :
3055 5302 3288 5365 Natura
3316 5310 3413 5365 est
3440 5303 3539 5365 vis
3571 5304 3759 5369 insita
3788 5306 3996 5385 rebuS,
