4300 6259
1018 510 1441 560 numano
1481 510 1879 560 rummeins.
1925 527 2005 540 —
2046 507 2125 556 ns
2167 507 2287 556 nne
2329 509 2449 558 mco
2489 509 2564 556 rr
2602 511 2786 558 nmo
3334 491 3453 556 123

270 697 277 705 ·
355 681 615 746 initium
666 681 984 764 evangelii
1036 681 1097 745 S.
1156 679 1435 754 Joannis,
1496 681 1567 743 In
1613 677 1850 763 princi·
1878 677 1931 744 A
1962 678 2172 754 detur,
2205 679 2377 762 quod
2406 679 2570 743 nulli
2606 679 3018 764 praefatorum
3061 679 3340 744 innotuit
3375 698 3454 742 ex

355 781 463 864 pio
492 787 630 844 erat
648 779 955 853 Verbum,
980 797 1185 861 usque
1212 777 1291 842 ad
1322 777 1387 842 id
1425 796 1440 841 :
1478 779 1627 842 Fuit
1660 778 1853 841 homo
1960 777 2208 840 lumine
2249 778 2521 842 naturali
2551 798 2624 842 ac
2657 779 2914 864 propria
2953 778 3454 863 perscrutatione

356 879 591 942 missus
632 897 669 942 a
700 879 849 942 Deo.
898 877 1159 941 Decimo
1200 895 1459 960 quoque
1500 877 1579 942 de
1626 877 1853 940 Civita-
1959 875 2234 938 Trinitas
2273 895 2545 951 summa,
2589 895 2800 959 neque
2845 879 3016 960 quod
3067 878 3234 940 Deus
3280 878 3460 940 Pater

352 985 419 1040 te
462 976 575 1040 Dei
620 976 882 1040 disserit
918 976 1263 1059 quemdam
1304 975 1545 1039 dixisse
1586 975 1855 1038 Platoni-

354 1094 527 1150 cum,
568 1076 739 1159 quod
780 1074 1113 1139 exordium
1150 1073 1467 1156 evangelii
1504 1073 1565 1137 S.
1596 1073 1855 1138 Ioannis

358 1175 587 1238 merito
641 1173 855 1236 aureis
910 1172 1141 1236 litteris
1193 1171 1605 1246 scriberetur,
1664 1178 1729 1234 et
1786 1171 1853 1234 in

350 1270 891 1336 eminentioribus
947 1271 1235 1334 ccclesiae
1300 1277 1411 1332 aut
1466 1269 1853 1354 templorum

352 1369 511 1432 locis
542 1369 1041 1452 suspenderetur
1074 1369 1154 1431 ad
1201 1369 1579 1432 intuendum
1622 1387 1661 1430 a
1702 1386 1855 1431 cun-

352 1469 493 1530 ctis.
526 1503 607 1514 -
636 1467 963 1542 Praeterea,
994 1467 1447 1548 Trismegistus
1484 1467 1553 1529 in
1584 1465 1749 1529 libro
1776 1467 1855 1530 de

352 1565 563 1628 Verbo
592 1565 879 1648 perfeeto
912 1583 927 1628 ι
962 1565 1271 1629 Dominus
1297 1565 1567 1647 (inquit)
1605 1563 1857 1628 univer-

346 1681 571 1728 sorum
614 1672 681 1727 et
720 1663 1013 1727 omnium
1057 1663 1259 1726 factor
1298 1663 1588 1737 deorum,
1630 1681 1855 1726 secun-

348 1761 503 1824 dum
544 1761 702 1825 i'ecit
738 1761 1097 1836 dominum,
1129 1762 1281 1844 quia
1321 1762 1494 1824 hunc
1532 1759 1687 1824 fecit
1728 1761 1857 1843 pri·-

1962 974 2376 1056 Unigenitum
2403 975 2632 1039 habeat
2667 975 2793 1038 sibi
2823 973 3458 1048 consubstantialem,

1962 1080 2352 1136 coaeternum
2381 1081 2448 1136 et
2476 1073 2884 1156 coaequalem.
2917 1073 3093 1149 Quod
3123 1073 3178 1136 si
3217 1073 3463 1154 aliquid

1962 1169 2113 1234 inde
2144 1178 2481 1246 noverunt,
2514 1171 2641 1234 fuit
2665 1177 2776 1234 aut
2805 1190 2884 1235 ex
2912 1171 3337 1246 revelatione,
3355 1177 3466 1234 aut

1962 1269 2226 1332 alterius
2259 1269 2696 1333 instructione.
2730 1269 2808 1334 Ut
2836 1269 3010 1333 enim
3057 1270 3122 1333 in
3166 1269 3348 1333 libris
3385 1270 3466 1332 de

1965 1365 2234 1430 civitate
2263 1373 2327 1430 et
2357 1367 2658 1432 Doctrina
2701 1367 3050 1432 christiana
3093 1369 3314 1432 recitat
3344 1368 3466 1431 Au-

1962 1465 2282 1546 gustinus,
2295 1465 2470 1529 Plato
2498 1466 2788 1530 curiosus
2819 1473 2885 1530 et
2912 1467 3236 1530 studiosus
3267 1466 3332 1529 in
3361 1465 3466 1529 ad·

1964 1563 2270 1627 discendo
2317 1582 2742 1648 quiscumque
2791 1565 2998 1638 utilia,
3046 1564 3374 1628 descendit
3429 1583 3466 1626 a

1964 1661 2208 1724 Graecia
2239 1661 2304 1724 in
2333 1653 2676 1746 AEgyptum
2703 1679 2780 1725 ac
2807 1663 3108 1736 Judaeam,
3126 1669 3194 1724 ut
3223 1663 3470 1726 videret

1966 1759 2164 1822 libros
2203 1760 2436 1844 Moysis
2476 1778 2550 1823 ac
2596 1761 3052 1844 Prophetarum
3089 1768 3153 1824 et
3192 1760 3468 1826 Salomo-

348 1878 527 1923 mum
563 1866 708 1943 post
736 1878 827 1934 se,
848 1867 913 1922 et
940 1859 1149 1922 solum
1181 1877 1255 1922 ac
1286 1876 1521 1936 unum3
1554 1865 1617 1920 et
1646 1858 1853 1920 bonus
1888 1857 1937 1922 B
1962 1857 2086 1930 nis,
2115 1875 2279 1939 quos
2309 1877 2425 1940 per
2455 1859 2866 1942 interpretem
2899 1859 3144 1934 didicit,
3175 1867 3238 1923 et
3269 1859 3468 1922 multa

344 1957 527 2020 visus
574 1965 673 2020 est
718 1957 780 2020 ei
830 1965 1023 2040 atque
1082 1955 1499 2039 plenissimus
1556 1956 1851 2018 omnium

344 2054 689 2128 honorum,
740 2062 806 2118 et
852 2055 919 2117 in
978 2071 1055 2118 eo
1112 2053 1357 2118 laetatus
1412 2061 1529 2116 est.
1584 2053 1699 2116 Hic
1756 2060 1853 2116 est

345 2152 547 2216 Filius
578 2153 689 2216 Dei
720 2151 1121 2226 benedictus,
1144 2153 1333 2234 cujus
1364 2170 1599 2216 nomen
1632 2151 1853 2215 huma-

342 2268 428 2314 no
454 2269 569 2315 ore
600 2268 727 2314 non
760 2259 971 2333 potest
998 2251 1340 2325 nominari,
1372 2268 1493 2314 nec
1530 2249 1611 2314 ab
1650 2249 1851 2314 homi-

344 2347 541 2412 nibus
582 2349 867 2431 indagari
902 2367 917 2411 :
952 2367 1147 2432 super
1183 2348 1477 2412 homines
1513 2349 1689 2412 enim
1728 2355 1843 2412 est.

342 2447 523 2510 Hunc
554 2447 725 2510 Deus
756 2446 981 2510 dilexit
1010 2447 1433 2528 unigenitum.
1448 2447 1609 2510 Hinc
1638 2445 1848 2510 denuo

342 2552 440 2607 est
484 2545 745 2608 locutus
788 2561 804 2606 ε
844 2543 1059 2607 Μοιιιιε
1106 2543 1331 2625 genuit
1378 2544 1737 2616 monadem,
1782 2550 1847 2606 et

344 2642 409 2704 in
458 2660 529 2704 se
586 2660 777 2704 suum
828 2641 1086 2705 reflexit
1130 2642 1443 2706 ardorem.
1492 2643 1563 2704 ln
1610 2641 1847 2723 quibus

341 2739 561 2802 verbis
608 2739 805 2802 etiam
856 2739 1161 2822 Spiritum
1210 2739 1534 2814 Sanctum,
1584 2740 1697 2822 qui
1754 2759 1849 2802 ar—

341 2837 767 2901 dentissimus
796 2855 979 2901 amor
1015 2846 1112 2902 est
1149 2837 1349 2901 Patris
1390 2856 1465 2901 ac
1508 2838 1675 2912 Filii,
1706 2837 1847 2902 teti—

339 2939 511 3020 gisse
553 2937 831 3000 videtur.
864 2971 945 2984 —
970 2937 1085 3000 His
1120 2945 1427 3000 consonat
1468 2939 1637 3019 quod
1684 2937 1849 3000 libro

1960 1973 2039 2018 ex
2068 1955 2166 2018 eis
2195 1957 2448 2040 accepit
2481 1975 2556 2020 ac
2599 1957 2734 2019 suis
2773 1958 3048 2021 inseruit
3083 1956 3267 2020 libris
3301 1975 3316 2020 ε
3349 1957 3467 2020 sic-

1960 2071 2087 2134 que
2126 2052 2206 2116 de
2243 2053 2422 2117 Patre
2463 2063 2526 2118 et
2567 2053 2729 2118 Filio
2763 2055 2978 2138 aliqua
3007 2055 3218 2138 potuit
3253 2072 3460 2119 nosse.

1960 2151 2115 2214 Nam
2146 2158 2213 2214 et
2241 2152 2674 2216 sacratissima
2697 2153 3058 2226 Catharina,
3085 2154 3148 2215 in
3179 2171 3296 2216 sua
3323 2170 3466 2216 con·

1958 2255 2057 2310 tra
2085 2249 2501 2334 philosophos
2545 2250 2976 2334 disputatione
3007 2250 3240 2334 legitur
3265 2251 3464 2314 Plato-

1958 2363 2109 2410 nem
2156 2347 2466 2429 allegasse
2513 2348 2592 2412 de
2643 2347 3084 2413 incarnatione
3141 2349 3460 2430 Unigeniti

1958 2445 2071 2510 Dei
2106 2447 2428 2510 dicentem
2475 2463 2488 2509 :
2537 2446 2704 2509 Deus
2755 2453 2853 2510 est
2905 2445 3463 2510 circumrotundus

1958 2551 2023 2608 et
2042 2545 2430 2607 decurtatus.
2444 2579 2526 2590 -
2545 2543 2756 2615 Porro,
2780 2545 2950 2626 quod
2969 2544 3364 2625 Augustinus
3396 2545 3462 2608 in

1960 2642 2145 2705 libris
2200 2641 2670 2705 Platonicorum
2717 2643 2808 2704 ait
2853 2661 2922 2704 se
2971 2641 3286 2726 reperisse
3345 2642 3463 2705 ini·

1956 2741 2123 2803 tium
2153 2739 2468 2822 evangelii
2500 2740 2560 2802 S.
2601 2741 2882 2813 loannis,
2913 2740 3174 2822 quidam
3205 2740 3462 2804 solvunt

1954 2839 2250 2911 dicendo,
2295 2837 2466 2919 quod
2517 2855 2742 2900 verum
2789 2844 2908 2910 est,
2960 2837 3273 2901 sumendo
3309 2837 3459 2900 Ver·

1956 2937 2113 3000 bum
2157 2954 2274 3019 pro
2317 2935 2560 2999 ratione
2608 2935 2822 3010 ideali,
2867 2942 3056 3018 prout
3099 2934 3458 2999 Avicebrou

342 3037 419 3098 de
470 3035 749 3100 civitate
786 3034 1181 3116 Augustinus
1230 3033 1425 3098 refert
1470 3035 1709 3098 dixisse
1756 3035 1848 3100 Si·
1879 3033 1923 3098 G
1956 3035 2320 3100 Platonicus
2375 3035 2446 3098 in
2505 3032 2672 3097 libro
2722 3033 2938 3098 Fontis
2983 3035 3129 3097 vitae
3175 3033 3458 3097 affirmat

342 3133 591 3218 byllam
625 3135 883 3216 :Ipsum
916 3141 1206 3196 nostrum
1236 3133 1599 3215 cognoscite
1638 3133 1847 3197 Domi-

344 3251 525 3306 num,
564 3231 679 3295 Dei
712 3231 947 3294 Filium
978 3249 1137 3294 esse.
1177 3230 1495 3313 Amplius„
1528 3231 1593 3293 in
1622 3231 1847 3294 eodem

340 3328 681 3392 volumine
726 3329 787 3392 S.
832 3328 1227 3410 Augustinus
1278 3329 1364 3392 ita
1414 3329 1623 3411 inquit
1668 3347 1683 3392 :
1728 3328 1850 3391 Ma-

338 3447 505 3510 gnus
544 3425 659 3490 ille
704 3426 1063 3490 Platonicus
1092 3426 1399 3500 PlotinuS,
1430 3428 1543 3509 qui
1581 3445 1713 3510 prae
1748 3445 1847 3490 ce·-

336 3526 491 3589 teris
534 3525 865 3588 Platonem
914 3525 1146 3589 melius
1198 3525 1589 3589 intellexisse
1636 3525 1850 3588 lauda-

336 3633 463 3697 tur,
500 3622 848 3686 manifeste
880 3623 1261 3706 conscripsit
1300 3625 1365 3686 in
1412 3624 1577 3688 libro
1618 3641 1735 3686 suo
1768 3624 1848 3687 de

336 3723 573 3787 Tribus
608 3723 884 3786 summis
922 3723 1319 3796 substantiis,
1352 3724 1431 3787 de
1472 3724 1601 3788 Deo
1644 3731 1844 3806 patre,

334 3829 399 3884 et
426 3833 531 3905 νῷ,
570 3821 637 3884 id
668 3829 765 3884 est
796 3828 1009 3884 mente
1040 3829 1323 3904 paterna,
1356 3840 1391 3884 a
1420 3821 1601 3886 Patre
1640 3822 1849 3905 primo

336 3920 655 4003 producta
686 3935 701 3980 :
734 3919 908 4002 quod
949 3919 1029 3981 de
1070 3918 1247 3982 Patre
1286 3937 1361 3982 ac
1402 3919 1563 3983 Filio
1604 3921 1849 3984 dictum

334 4019 613 4080 videtur.
640 4019 877 4080 Iterum
900 4017 1143 4090 Glossa,
1170 4017 1365 4080 Exodi
1394 4025 1659 4082 octavo:
1688 4020 1846 4102 Magi

332 4117 609 4200 (inquit)
636 4115 977 4179 Pharaonis
1018 4115 1391 4180 defecerunt
1436 4116 1501 4178 in
1542 4119 1729 4181 tertio
1767 4119 1849 4180 si-

1956 3136 2160 3198 Deum
2215 3133 2434 3198 omnia
2489 3135 2740 3219 operari
2802 3151 2918 3219 per
2965 3134 3234 3199 verbum
3287 3135 3460 3198 intus

1956 3241 2367 3316 conceptum,
2401 3251 2528 3298 non
2561 3249 2678 3316 pro
2711 3251 2984 3316 persona
3015 3232 3459 3296 intellectuali-

1954 3339 2053 3395 ter
2096 3339 2260 3394 nata.
2297 3331 2414 3396 Cui
2459 3330 2768 3394 solutioni
2813 3331 3010 3413 objici
3057 3331 3279 3414 possit,
3311 3331 3462 3413 quia

1954 3430 2049 3494 sic
2080 3448 2305 3492 verum
2335 3447 2464 3492 non
2495 3437 2664 3493 esset
2701 3430 2871 3512 quod
2911 3430 3137 3494 asserit
3163 3429 3461 3511 Augusti-

1956 3547 2099 3602 nus,
2124 3547 2192 3591 se
2227 3527 2458 3608 legisse
2489 3527 2552 3590 in
2587 3527 2770 3590 libris
2802 3528 3058 3592 illorum
3091 3528 3213 3590 hoc
3245 3527 3458 3609 ipsum

1954 3627 2125 3708 quod
2159 3626 2563 3707 significatur
2593 3645 2706 3708 per
2743 3627 2940 3689 verba
2983 3625 3148 3689 initii
3193 3645 3459 3706 evange-

1956 3723 2025 3787 lii
2056 3725 2119 3788 S.
2150 3725 2430 3788 Ioannis.
2467 3724 2612 3787 ldeo
2641 3724 2770 3786 dici
2804 3731 3030 3806 potest,
3063 3724 3233 3807 quod
3262 3723 3460 3787 Plato·

1954 3823 2085 3886 nici
2116 3823 2230 3905 qui
2269 3823 2334 3884 in
2373 3821 2558 3884 libris
2585 3822 2720 3884 suis
2759 3839 3020 3884 sensum
3061 3823 3226 3885 initii
3269 3839 3458 3884 evan·

1952 3921 2104 4003 gelii
2167 3920 2342 3982 illius
2399 3927 2874 4002 expresserunt,
2927 3919 3290 3982 habuerunt
3335 3918 3457 3983 hoc

1956 4037 2079 4083 non
2130 4037 2209 4082 ex
2261 4019 2518 4100 propria
2563 4017 3038 4088 adinventione,
3085 4017 3196 4080 sed
3239 4017 3457 4099 aliquo

1958 4119 2145 4182 modo
2191 4123 2511 4199 praetacto.
2545 4115 2704 4178 Nam
2749 4122 2814 4177 et
2856 4114 3148 4178 Salomon
3197 4116 3454 4179 Prover-

334 4232 479 4297 guo,
514 4215 827 4298 quoniam
860 4215 939 4277 ad
982 4215 1269 4278 notitiam
1318 4215 1519 4278 tertiae
1558 4234 1845 4298 personae
1875 4220 1924 4283 D
1956 4215 2210 4278 biorum
2257 4223 2502 4288 octavo,
2543 4214 2622 4277 de
2660 4221 2894 4278 aeterna
2921 4215 3332 4294 generatione
3363 4215 3455 4277 in-

336 4314 399 4376 in
430 4315 679 4378 divinis
712 4312 1074 4396 pertingere
1118 4313 1565 4395 nequiverunt.
1600 4313 1843 4396 Nempe

333 4413 409 4476 de
436 4426 521 4498 τῷ
553 4412 778 4496 ἀγαθῷ,
812 4411 879 4474 id
908 4419 1007 4474 est
1034 4428 1289 4475 summo
1317 4411 1518 4485 Patre,
1550 4419 1616 4474 et
1644 4425 1745 4496 νῷ,
1778 4413 1841 4476 id

330 4519 427 4574 est
456 4517 679 4575 mente
710 4509 1077 4594 profluente
1114 4509 1197 4573 ab
1236 4510 1399 4593 ipso,
1438 4509 1843 4594 philosopha-

332 4610 379 4670 ti
418 4617 593 4672 sunt.
644 4607 821 4672 Unde
862 4616 1130 4690 apparet
1169 4609 1339 4690 quod
1382 4608 1607 4672 saltem
1650 4609 1843 4672 deita-

336 4715 461 4770 tem
498 4707 707 4771 Patris
744 4714 811 4770 et
856 4706 997 4769 Filii
1049 4714 1502 4788 cognoverunt.
1553 4708 1839 4790 Denique

334 4807 587 4869 decimo
628 4806 711 4868 de
754 4805 1023 4868 Civitate
1066 4805 1177 4868 Dei
1220 4805 1613 4887 Augustinus
1662 4825 1841 4870 enar-

78 4897 97 4916 '
123 4895 201 4957 Ἐκ
226 4902 307 4962 λο-
332 4912 449 4977 rat,
494 4904 673 4986 quod
714 4903 1099 4987 Porphyrius
1146 4903 1213 4966 in
1258 4903 1441 4966 libris
1488 4903 1838 4985 Eclogion*

78 4990 187 5061 γέων

332 5003 553 5083 posuit
577 5001 705 5064 tria
746 5001 1085 5084 principia,
1118 5008 1272 5084 puta
1315 5001 1517 5064 Deum
1562 5009 1832 5084 patrem,

330 5099 533 5161 Deum
564 5097 808 5172 silium,
838 5105 904 5161 et
932 5097 1218 5162 medium
1248 5099 1609 5181 utriusque,
1640 5119 1833 5182 quem

326 5197 605 5260 obscure
646 5195 981 5279 expressit.

402 5295 647 5359 Verum
674 5293 757 5358 ad
792 5294 929 5361 haec
962 5294 1145 5376 juxta
1181 5293 1535 5379 praehabita
1574 5313 1831 5382 respon-

1952 4321 2180 4376 creatae
2207 4333 2281 4375 ac
2310 4315 2540 4395 genitae
2569 4312 2908 4394 Sapientiae
2940 4313 3050 4376 Dei
3079 4311 3454 4396 Patris,quae

1950 4419 2047 4474 est
2102 4411 2386 4474 Verbum
2441 4419 2776 4484 aeternum,
2829 4411 3102 4474 multum
3149 4430 3450 4495 expresse

1950 4511 2204 4573 locutus
2246 4517 2362 4582 est,
2407 4509 2546 4591 ipsa
2583 4509 2908 4592 Sapientia
2950 4529 3064 4592 per
3107 4508 3320 4591 ipsum
3365 4509 3448 4572 lo-

1950 4609 2547 4691 quentezssominus
2580 4609 2862 4691 possedit
2885 4627 2988 4670 me
3019 4608 3084 4670 in
3119 4607 3302 4670 initio
3321 4609 3446 4670 via·
3502 4634 3634 4676 prov.
3659 4646 3741 4683 vm,

3424 4713 3447 4768 t
3473 4699 3542 4800 ἔξ,
3572 4699 3640 4748 23,
3671 4699 3740 4746 25,

1948 4725 2089 4770 rum
2122 4725 2406 4778 suarum,
2437 4712 2778 4788 autequam
2817 4705 3170 4788 quidquam
3209 4704 3418 4768 facere

1944 4825 1983 4870 a
2014 4805 2373 4888 principi03
2403 4804 2486 4867 ab
2515 4811 2752 4868 aeterno
2779 4803 3068 4868 ordinata
3099 4823 3240 4866 sum
3259 4822 3277 4883 3
3299 4812 3446 4868 ante
3531 4789 3542 4802 ⁸

1946 4904 2141 4968 colles
2189 4922 2308 4985 ego
2349 4902 2785 4986 parturiebar3
2831 4903 3086 4985 quando
3137 4921 3448 4985 praepara-

1945 5001 2055 5064 bat
2082 5003 2300 5076 coeles,
2331 5003 2610 5064 aderam.
2642 5035 2724 5046 —
2751 5000 2831 5063 At
2858 5017 3012 5064 vero
3051 4999 3246 5064 verba
3285 5000 3448 5064 Tris-

1946 5101 2198 5181 megisti
2245 5100 2526 5173 inducta,
2570 5115 2698 5162 non
2740 5100 3040 5162 videntur
3080 5117 3194 5181 per
3227 5099 3446 5162 omnia

1942 5215 2292 5263 consonare
2331 5215 2524 5260 sacrae
2571 5197 2914 5280 Scripturas
2961 5198 3040 5262 de
3089 5197 3218 5260 Deo
3265 5197 3444 5260 Patre

1940 5317 2015 5362 ac
2062 5296 2222 5361 Filio
2273 5313 2288 5359 ε
2341 5296 2494 5379 quia
2540 5313 2668 5360 non
2718 5295 2996 5360 dicimus
3043 5295 3278 5360 Filium
3329 5295 3444 5360 Dei
