4300 6259
597 3539 679 3580 art.
704 3549 780 3580 vn.

816 493 935 580 244

1470 511 1549 556 DE
1591 509 1818 558 LmnNE
1860 507 2243 556 cnms'rlANAE
2284 505 2586 564 THEORIAE,
2632 505 2807 552 LIBER
2847 507 2888 552 1,
2936 523 3015 534 -
3054 507 3195 554 An'r,
3240 509 3283 553 X

818 682 946 745 bet,
989 680 1216 744 Divina
1257 681 1469 762 itaque
1508 687 1734 743 natura
1779 678 2137 762 plurificari
2187 695 2314 740 non
2344 675 2396 739 A
2425 684 2594 739 esset
2640 696 2916 758 namque
2960 676 3294 758 pluralitas
3339 677 3477 740 sine
3520 674 3928 738 necessitate.

816 785 1043 862 potest,
1077 780 1351 861 Ideoque
1380 787 1601 842 auctor
1639 777 1788 840 libri
1829 778 2176 841 Causarum
2223 776 2315 837 di—

815 878 944 940 xit:
969 877 1252 940 Primum
1283 896 1396 939 ens
1429 884 1688 960 propter
1717 877 1923 958 ipsam
1955 875 2055 937 sui
2086 893 2309 956 puram

813 975 1163 1038 bonitatem
1193 973 1274 1036 ab
1303 973 1603 1037 omnibus
1631 980 1994 1056 separatum
2026 979 2124 1034 est
2154 979 2217 1034 et
2247 972 2313 1032 in

812 1091 880 1136 se
918 1072 1292 1136 subsistens,
1336 1073 1577 1145 Denu0,
1621 1073 1674 1134 si
1724 1071 1941 1154 plures
1989 1071 2088 1133 Dii
2137 1077 2308 1143 sunt,

809 1169 1027 1232 nullus
1058 1187 1281 1233 eorum
1310 1169 1716 1252 omnipotens
1747 1177 1811 1231 et
1841 1167 2165 1250 perfectus
2195 1175 2308 1242 est,

811 1285 1010 1348 quum
1042 1285 1250 1349 neque
1280 1267 1595 1329 dominari
1629 1267 1832 1348 possit
1858 1265 2111 1338 alii,aut
2141 1272 2311 1328 certe

811 1365 1138 1427 destruere
1183 1363 1307 1426 sibi
1351 1384 1590 1446 parem.
1637 1365 1882 1438 Adhuc,
1917 1365 2165 1445 species
2216 1383 2313 1426 re-

813 1481 956 1525 rum
999 1469 1425 1526 concatenatae
1466 1470 1636 1536 sunt,
1679 1470 1742 1524 et
1787 1463 2078 1525 omnium
2129 1469 2309 1522 natu-

810 1579 1024 1623 rarum
1057 1561 1212 1623 ordo
1242 1580 1408 1623 unus
1448 1568 1545 1623 est
1582 1579 1595 1622 :
1636 1579 1801 1622 unus
1846 1569 1942 1622 est
1985 1576 2135 1641 ergo
2178 1577 2312 1622 om-

810 1659 992 1720 nium
1032 1658 1356 1721 ordinator
1384 1658 1570 1721 Deus,
1605 1658 1853 1730 Adhuc,
1885 1675 2013 1720 non
2044 1665 2142 1719 est
2171 1658 2310 1720 sine

809 1756 1188 1819 necessitate
1221 1756 1579 1818 inducenda
1608 1755 1958 1839 pluralitas,
1999 1755 2165 1818 Deus
2204 1774 2310 1816 au-

2426 775 2589 836 Deus
2623 774 2815 856 igitur
2844 774 3367 857 simplicissimus
3400 773 3935 856 perseverat,Un—

2425 872 2503 934 de
2534 873 2917 945 necessariO,
2944 869 3111 946 esse,
3144 891 3332 954 posse
3361 879 3426 935 et
3465 889 3653 953 agere
3686 871 3752 932 in
3784 870 3936 951 ipso

2427 968 2950 1031 identificantur:
2986 969 3291 1050 quoniam
3334 969 3388 1030 si
3430 975 3685 1031 causata
3713 975 3937 1030 essent

2427 1083 2612 1148 posse
2642 1074 2705 1128 et
2734 1084 2920 1146 agere
2962 1065 3043 1127 ab
3082 1084 3244 1140 esse,
3280 1066 3565 1148 ipsorum
3614 1062 3937 1147 perfectio

2424 1163 2677 1246 plenius
2726 1165 3508 1247 praecomprehenderetur
3562 1162 3629 1225 in
3684 1161 3937 1224 causali

2423 1281 2585 1324 esse.

2501 1359 2769 1441 Insuper
2797 1359 2917 1422 hoc
2949 1376 3063 1420 nos
3093 1358 3303 1421 omnis
3334 1376 3549 1420 rerum
3587 1357 3743 1419 ordo
3781 1375 3938 1418 eru-

2421 1456 2534 1529 dit,
2568 1456 2870 1538 quoniam
2906 1458 2970 1518 in
3002 1456 3176 1518 omni
3207 1453 3429 1519 ordine
3460 1455 3745 1538 primum
3775 1455 3939 1516 sim·

2421 1554 2695 1636 pliciter,
2730 1553 3087 1636 perfectum
3135 1561 3235 1616 est
3270 1554 3623 1616 secundum
3661 1570 3933 1614 omnem

2420 1651 2832 1733 perfectionis
2863 1652 3333 1734 plenitudinem
3367 1670 3510 1733 quae
3552 1650 3781 1713 rationi
3812 1668 3937 1712 en—

2418 1749 2581 1811 tium
2629 1749 2873 1811 ordinis
2930 1748 3074 1810 talis
3134 1748 3450 1830 congruit,
3501 1747 3787 1810 Primum
3837 1755 3938 1810 et-

711 1937 722 1944 ·
810 1861 940 1916 tem
973 1873 1140 1917 unus
1183 1854 1397 1917 omnia
1442 1861 1669 1935 potest.
1714 1853 1834 1916 Sed
1875 1861 1940 1916 et
1977 1853 2308 1935 pluralitas
2337 1848 2385 1911 Β
2420 1847 2615 1920 enim,
2667 1865 2782 1928 per
2842 1866 2909 1910 se
2966 1853 3031 1908 et
3085 1845 3513 1909 essentialiter
3568 1845 3695 1908 tale
3752 1853 3856 1908 est
3911 1863 3930 1907 ε

811 1952 1182 2034 principum
1214 1952 1397 2014 mala,
1424 1952 1599 2015 Unus
1630 1951 1824 2032 igitur
1853 1952 2042 2026 DeuS,
2070 1951 2181 2033 qui
2213 1958 2309 2013 est

813 2050 1104 2112 excelsus
1146 2058 1210 2112 et
1251 2050 1646 2113 benedictus

1247 2309 1736 2376 ARTIGULUS
1780 2312 1868 2374 X.

812 2450 996 2517 Quod
1022 2451 1198 2510 Deus
1225 2450 1310 2508 sit
1342 2451 1411 2508 in
1441 2453 1575 2525 fine
1607 2451 1804 2509 totius
1839 2451 2305 2524 simplicitatis,

937 2539 1421 2614 simplicissima
1459 2555 1888 2613 perseverans
1937 2539 2181 2598 unitas,

932 2734 1391 2800 RAEINDUCTA
1411 2753 1638 2818 nempe
1658 2734 2155 2816 suscipientibus
2177 2734 2309 2797 elu-

959 2835 1177 2909 cescit,
1239 2834 1516 2917 primam
1585 2840 1877 2895 naturam
1938 2852 2080 2915 quae
2139 2834 2305 2895 Deus

804 2940 922 3007 est,
972 2933 1472 2996 actualissimam
1529 2950 1603 2994 ac
1652 2931 1909 3012 penitus
1968 2931 2306 2994 formalem

2419 1945 2689 2028 ideoque
2754 1964 2791 2006 a
2858 1945 3259 2026 plenitudine
3316 1964 3447 2007 suae
3503 1943 3931 2026 perfectionis

2418 2044 2750 2106 indistans,
2782 2043 2883 2106 Nil
2912 2061 3191 2125 namque
3234 2042 3682 2125 imperfectum
3711 2043 3931 2105 cerni—

2420 2161 2581 2216 mus,
2624 2141 2749 2203 nisi
2790 2149 2860 2203 ut
2907 2160 2941 2203 a
2988 2161 3121 2204 suae
3164 2141 3577 2224 perfectionis
3631 2140 3809 2204 fonte
3859 2147 3934 2203 et

2420 2241 2739 2323 principio
2768 2240 3138 2304 abscedens.
3163 2241 3370 2314 Quum
3400 2239 3594 2321 igitur
3622 2239 3931 2302 divinum

2418 2357 2559 2402 esse
2600 2338 2683 2401 sit
2722 2338 3101 2421 simpliciter
3147 2339 3453 2420 primum,
3498 2338 3710 2402 omnis
3756 2339 3931 2402 ratio

2420 2437 2680 2500 unitatis
2710 2445 2773 2500 et
2805 2437 3152 2519 prioritatis
3182 2437 3552 2500 omnimoda
3582 2436 3929 2518 plenitudo

2419 2535 2543 2617 ipsi
2587 2535 2999 2598 conveniunt,
3035 2535 3361 2610 Praeterea,
3407 2535 3474 2596 in
3517 2534 3776 2597 entibus
3821 2535 3927 2597 in·

2417 2633 2649 2697 simum
2679 2654 2716 2697 a
2755 2633 3155 2716 philosophis
3192 2634 3351 2697 adeo
3390 2633 3664 2716 simplex
3702 2643 3924 2696 osten-

2416 2732 2609 2807 ditur,
2652 2740 2723 2794 ut
2764 2732 2848 2822 sit
2891 2732 3106 2814 ipsum
3154 2751 3316 2815 pura
3357 2732 3635 2814 potentia
3678 2733 3745 2794 in
3786 2752 3927 2796 suae

2416 2838 2649 2894 naturae
2691 2831 2987 2904 essentia,
3032 2830 3192 2893 nihil
3235 2830 3620 2893 actualitatis
3660 2832 3927 2913 partici-

2417 2948 2593 3010 pans.
2630 2928 2914 2991 Primum
2956 2946 3107 3009 ergo
3136 2936 3198 2990 et
3227 2928 3614 2991 altissimum
3656 2928 3925 2990 univer-

803 3049 961 3093 esse,
1013 3030 1186 3094 Nihil
1246 3029 1440 3109 igitur
1495 3029 1840 3110 potentiale
1889 3028 2108 3092 divino
2165 3047 2304 3092 esse
2335 3025 2377 3089 C
2416 3045 2656 3100 sorum,
2688 3045 2888 3108 purus
2919 3031 3099 3088 actus
3136 3033 3250 3089 est,
3286 3027 3524 3089 Purum
3563 3027 3809 3109 quippe
3848 3027 3923 3090 id

802 3128 980 3190 adest
1012 3145 1027 3190 t
1060 3135 1156 3190 est
1186 3144 1337 3208 ergo
1365 3128 1532 3189 Deus
1563 3145 1762 3208 purus
1792 3135 2003 3205 actus;
2028 3126 2303 3208 simplex

805 3243 956 3307 ergo
985 3233 1082 3288 est
1111 3225 1375 3288 omnino
1403 3231 1468 3287 et
1495 3223 1881 3286 omnimode.
1908 3225 2150 3298 Adhuc,
2175 3225 2305 3306 pri-

811 3342 988 3386 mum
1018 3330 1117 3386 est
1142 3341 1334 3385 causa
1360 3329 1631 3395 tantum,
1665 3321 1827 3383 nihil
1857 3320 2098 3384 habens
2130 3323 2196 3385 in
2234 3341 2303 3384 se

810 3429 1140 3484 causatum
1175 3439 1190 3483 ε
1222 3428 1320 3483 est
1347 3421 1522 3483 enim
1551 3439 1664 3483 ens
1694 3420 1955 3483 omnino
1999 3421 2301 3503 indepen-

811 3520 990 3594 denS,
1050 3520 1404 3581 secundum
1464 3526 1866 3600 praeostensa.
1921 3518 2089 3580 Nihil
2150 3537 2302 3600 ergo

810 3617 1175 3701 potentialis
1232 3625 1472 3680 naturae
1529 3625 1626 3679 est
1680 3617 1746 3678 in
1795 3617 1952 3699 ipso,
2017 3617 2301 3681 Potentia

808 3718 1005 3791 enim,
1038 3715 1342 3797 quoniam
1373 3715 1725 3777 secundum
1767 3733 1834 3777 se
1863 3724 1926 3777 et
1955 3735 2032 3778 ex
2063 3734 2130 3778 se
2172 3734 2299 3779 non

807 3824 903 3880 est
933 3815 1089 3898 quid
1117 3821 1264 3876 actu
1295 3833 1430 3887 enS,
1466 3814 1827 3876 necessario
1857 3822 2112 3876 causata
2141 3821 2239 3876 est
2280 3833 2295 3876 ε

806 3915 949 3977 ideo
1019 3914 1216 3988 enim,
1285 3913 1639 3974 secundum
1705 3911 2132 3986 Aristotelem,
2204 3919 2304 3974 est

803 4022 982 4076 actus
1029 4013 1206 4096 prior
1247 4010 1548 4094 potentia.
1597 4011 1882 4091 Denique
1924 4028 2050 4087 per
2095 4030 2160 4070 se
2204 4017 2302 4073 est

803 4119 948 4174 ante
979 4111 1044 4173 id
1075 4111 1245 4192 quod
1275 4117 1372 4171 est
1399 4127 1514 4190 per
1543 4108 1748 4188 aliud;
1782 4115 1845 4170 et
1874 4107 2301 4170 substantiali-

2414 3125 2837 3208 appellamus,
2891 3126 3059 3206 quod
3107 3125 3333 3188 alienae
3382 3133 3621 3188 naturae
3670 3126 3924 3188 incom-

2415 3223 2687 3286 mixtum
2730 3222 3041 3285 consistit.

2491 3321 2807 3403 AmpliuS,
2868 3328 3015 3383 ante
3077 3321 3418 3402 probatum
3474 3329 3593 3395 est,
3654 3322 3718 3384 id
3780 3339 4145 3404 quom-vm.

2413 3421 2505 3483 nil
2536 3421 2789 3502 dignius
2820 3420 3074 3502 concipi
3104 3425 3334 3502 potest,
3353 3419 3489 3483 fore
3518 3419 3737 3482 Deum,
3762 3420 3920 3484 Om-

2411 3521 2479 3582 ni
2507 3527 2721 3581 autem
2752 3518 3104 3600 composito
3132 3526 3197 3580 et
3227 3517 3556 3599 potentiali
3585 3518 3717 3580 enti
3756 3519 3916 3582 sub-

2412 3618 2631 3680 limius
2662 3617 2814 3699 quid
2842 3615 3363 3698 apprehensibile
3400 3623 3517 3680 est,
3551 3616 3719 3679 Deus
3754 3636 3917 3699 ergo

2412 3735 2572 3799 pura
2614 3715 2823 3778 unitas
2865 3723 2963 3777 est
2991 3722 3055 3777 et
3084 3714 3361 3797 simplex
3402 3724 3599 3777 actus,
3632 3717 3713 3778 At
3754 3733 3918 3780 vero

2410 3814 2623 3877 omnis
2654 3813 2820 3875 entis
2850 3812 3171 3894 partibilis
3212 3820 3404 3894 atque
3448 3813 3911 3892 multitudiuis,

2409 3912 2670 3975 termini
2735 3911 3063 3993 simplices
3131 3918 3282 3973 sunt
3346 3917 3409 3973 et
3479 3911 3914 3976 indivisibiles

2411 4011 2687 4072 unitates
2749 4027 2761 4070 :
2828 4009 3115 4071 ultimata
3172 4008 3347 4071 enim
3406 4009 3711 4072 resolutio
3776 4029 3913 4074 non

2411 4111 2535 4172 nisi
2568 4110 2634 4172 in
2673 4108 3051 4191 impartibili
3094 4108 3337 4171 unitate
3379 4109 3567 4184 sistit,
3600 4111 3911 4191 quoniam

802 4217 900 4272 ter
939 4210 1086 4282 tale,
1132 4215 1230 4270 est
1269 4215 1416 4268 ante
1459 4206 1903 4288 participative
1945 4205 2090 4268 tale,
2133 4207 2299 4269 Deus
2328 4215 2379 4277 D
2409 4226 2596 4271 omne
2625 4207 2881 4270 unitum
2914 4205 3261 4269 resolubile
3292 4213 3407 4269 est.
3441 4207 3616 4270 Unde
3643 4208 3910 4273 Proclus

804 4325 957 4370 vero
986 4307 1272 4388 primum
1311 4304 1550 4367 bonum
1586 4305 1830 4384 est'per
1861 4322 1928 4365 se
1963 4321 1976 4365 :
2013 4303 2207 4383 igitur
2237 4313 2301 4366 et

805 4401 1309 4466 substantialiter
1380 4400 1586 4462 bonus
1651 4407 1763 4462 est.
1825 4400 2026 4462 Omne
2083 4408 2299 4463 autem

804 4501 1255 4584 compositum,
1288 4506 1384 4561 est
1415 4496 1855 4579 participative
1886 4504 1948 4559 et
1980 4516 2093 4579 per
2120 4498 2295 4561 aliud

802 4599 1046 4663 bonum
1098 4615 1110 4659 :
1163 4597 1482 4679 dependet
1529 4614 1806 4676 namque
1852 4601 2056 4658 'totum
2105 4613 2295 4659 omne

799 4716 878 4760 ex
909 4697 1009 4760 his
1039 4712 1314 4778 quorum
1355 4695 1592 4757 unione
1629 4692 1939 4756 subsistit,
1973 4693 2139 4756 Deus
2185 4694 2294 4757 ita-

798 4815 924 4880 que
971 4794 1236 4860 omnino
1283 4799 1347 4856 et
1391 4792 1774 4874 simpliciter
1831 4793 2296 4874 incompositus

797 4903 911 4958 est,
964 4894 1307 4957 Enimvero
1363 4892 1654 4955 divinum
1704 4910 1843 4954 esse
1903 4891 1968 4952 in
2028 4908 2095 4953 se
2156 4891 2296 4972 ipso

795 4994 1102 5076 simplum
1169 5009 1456 5065 manenS,
1516 5008 1775 5053 omnem
1835 4988 2295 5071 perfectionem

795 5090 1280 5173 comprehendit
1327 5105 1340 5152 τ
1384 5089 1595 5152 omnis
1633 5088 1807 5151 enim
1847 5087 2158 5170 perfectio
2202 5107 2298 5150 se—

797 5189 1154 5253 cundorum
1194 5187 1614 5250 excellentius
1654 5187 1822 5249 inest
1859 5186 2070 5267 primo
2099 5206 2294 5269 quam

796 5287 1113 5350 secundis,
1133 5286 1320 5349 Nulla
1349 5303 1500 5366 ergo
1527 5303 1789 5366 prorsus
1817 5285 1896 5347 fit
1925 5285 1984 5348 ei
2014 5285 2288 5349 additio:

2408 4307 2497 4368 ait
2540 4323 2553 4367 :
2588 4305 2787 4368 Omne
2832 4305 3108 4376 unitum,
3146 4303 3418 4366 alterum
3463 4312 3561 4367 est
3600 4325 3637 4366 a
3676 4325 3792 4388 per
3837 4327 3913 4370 se

2409 4422 2556 4467 uno,
2609 4404 2776 4465 Deus
2834 4410 3047 4464 autem
3108 4402 3399 4464 omnium
3445 4403 3759 4466 terminus
3807 4412 3916 4468 est

2410 4508 2473 4565 et
2520 4501 2694 4563 finis,
2747 4500 2991 4573 Adhuc,
3045 4517 3172 4582 quo
3226 4499 3431 4562 virtus
3488 4500 3916 4583 indispersior

2409 4599 2436 4661 s
2442 4599 2603 4662 uerit
2648 4607 2709 4661 et
2754 4597 3131 4679 simplicior,
3166 4616 3242 4661 eo
3287 4598 3490 4678 maj0r
3530 4598 3799 4672 exsistit,
3835 4609 3916 4662 ut

2410 4698 2476 4760 in
2521 4697 2685 4759 libro
2731 4696 3075 4759 Causarum
3119 4695 3373 4758 dicitur,
3420 4695 3645 4759 Divina
3686 4705 3913 4761 autem

2406 4796 2610 4857 virtus
2670 4801 2767 4857 est
2823 4793 3027 4857 virtus
3085 4793 3397 4856 virtutum
3459 4794 3817 4877 indispersa
3892 4815 3909 4860 ε

2407 4900 2504 4956 est
2550 4910 2701 4974 ergo
2749 4899 2811 4954 et
2860 4891 3136 4974 simplex
3187 4909 3467 4973 prorsus,
3514 4893 3777 4968 RursuS,
3822 4894 3911 4958 ab

2406 4993 2628 5055 eodem
2673 4990 2865 5053 habet
2908 5009 3007 5052 res
3052 5009 3192 5052 esse
3236 4997 3300 5053 et
3337 4990 3502 5054 bene
3539 5010 3698 5054 esse.
3733 4993 3913 5056 Divi-

2407 5107 2561 5150 num
2593 5097 2806 5150 autem
2840 5106 2980 5150 esse
3009 5107 3047 5149 a
3075 5106 3143 5149 se
3184 5087 3324 5168 ipso
3363 5088 3911 5171 imparticipative

2404 5187 2713 5250 subsistit,
2747 5185 2965 5249 Omnis
3006 5185 3203 5265 igitur
3241 5186 3443 5269 ipsius
3482 5186 3912 5269 perfectiona·

2408 5285 2483 5348 lis
2545 5283 2795 5348 bonitas
2855 5284 3361 5366 independenter
3417 5285 3477 5347 ei
3536 5286 3837 5354 convenit
3890 5305 3909 5354 ζ
