4300 6259
593 1620 737 1649 KKKKK

888 455 1009 519 448

1530 475 1609 521 ΒΕ
1650 474 1877 521 Lunum
1918 472 2302 520 cmusTlANAE
2343 471 2644 530 monui,
2689 473 2866 521 LIBER
2906 474 2970 521 11.
3019 493 3099 504 —
3137 476 3276 522 ΛΒΤ.
3323 476 3358 520 1.

888 640 1173 705 formans
1220 642 1555 724 perfectio.
1598 643 1967 707 Intellectus
2014 650 2254 715 autem,
2301 660 2394 703 se·
2421 641 2472 703 A
2580 642 2755 715 Quod
2815 650 2992 706 sexto
3049 644 3418 725 opponitur,
3463 642 3840 707 solvendum
3891 647 3978 702 est

888 739 1171 801 cundum
1194 740 1869 815 Aristotelem‚nullius
1900 740 2187 821 corporis
2216 745 2390 801 actus

888 844 1004 911 est,
1038 845 1103 900 et
1145 837 1731 921 incomparabiliter
1772 838 1985 901 minus
2024 837 2242 899 divina
2280 837 2390 918 hy-

890 936 1181 1017 postasiS.
1231 971 1313 981 —
1361 936 1653 1000 Secunda
1700 937 1860 999 ratio
1910 936 2198 998 solvitur.
2252 934 2389 996 Non

886 1032 1061 1095 enim
1104 1053 1217 1115 per
1258 1035 1731 1115 generationem
1778 1041 2126 1096 maternam
2174 1032 2392 1113 acqui-

884 1132 1037 1193 sivit
1078 1131 1243 1193 Deus
1286 1150 1517 1194 novam
1570 1130 2089 1211 subsistentiam3
2134 1129 2246 1192 sed
2289 1148 2392 1191 na-

885 1236 1091 1291 turam
1122 1229 1471 1311 assumpsit
1498 1230 1936 1305 alienam‚non
1970 1246 2084 1311 per
2111 1228 2390 1311 aliquam

887 1326 1308 1391 mutationem
1349 1347 1491 1411 quae
1537 1328 1601 1390 in
1642 1346 1719 1390 eo
1762 1328 1866 1401 sit,
1900 1328 2007 1389 sed
2055 1326 2118 1388 in
2165 1332 2391 1388 natura

884 1434 1214 1508 assumpta
1246 1426 1514 1489 mutatio
1552 1426 1718 1488 facta
1754 1433 1872 1489 est.
1908 1425 2081 1499 Quod
2115 1424 2390 1507 qualiter

846 1524 1032 1586 ,fieri
1070 1522 1296 1598 valeat,
1331 1531 1681 1606 utcumque
1720 1522 2109 1586 declaratum
2155 1529 2254 1584 est
2290 1541 2390 1583 su-

888 1621 1125 1704 perius.
1188 1657 1269 1669 —-
1322 1622 1418 1684 Ad
1474 1622 1728 1685 tertiam
1788 1620 2157 1693 dicendum,
2218 1620 2389 1701 quod

889 1722 1079 1783 unius
1131 1721 1221 1783 rei
1273 1728 1369 1783 est
1417 1739 1543 1783 una
1600 1727 1847 1782 tantum
1902 1719 2225 1801 quidditas
2274 1736 2389 1780 seu

2501 757 2578 800 ex
2628 739 2748 803 hoc
2797 741 2967 823 quod
3018 741 3151 803 haec
3200 742 3416 804 anima
3463 749 3528 804 et
3582 741 3703 803 hoc
3763 756 3976 819 corpus

2501 837 2566 898 in
2598 837 2848 902 Christo
2879 856 3005 902 non
3049 839 3503 920 relinquuntur
3545 836 3818 921 propriae
3851 855 3976 917 per-

2500 936 2839 1011 sonalitati,
2883 938 2993 999 sed
3034 938 3108 999 ad
3151 956 3292 1001 esse
3331 937 3522 1000 Verbi
3559 941 3974 999 assumunt-ur.

2497 1068 2578 1079 —
2619 1034 2696 1096 Et
2737 1053 2851 1117 per
2901 1035 3067 1099 idem
3113 1036 3386 1117 septima
3429 1037 3590 1098 ratio
3629 1041 3977 1097 evacuatur.

2498 1132 2732 1195 Natura
2777 1134 2950 1196 enim
3002 1134 3282 1196 humana
3330 1134 3395 1196 in
3436 1134 3684 1198 Christo
3728 1132 3983 1215 particu-

2502 1230 2650 1293 laris
2690 1232 2952 1313 quidem
2991 1240 3090 1295 est
3130 1240 3194 1296 et
3222 1232 3584 1313 singulariS,
3618 1249 3746 1295 non
3785 1238 3980 1292 tamen

2501 1329 2566 1390 in
2626 1330 2882 1411 propria
2941 1330 3393 1413 personalitate
3451 1335 3832 1412 perseverat.
3889 1326 3984 1390 Sic

2501 1426 2693 1508 igitur
2723 1427 2828 1490 hic
2859 1428 3050 1492 homo
3081 1428 3192 1511 qui
3231 1436 3330 1491 est
3369 1428 3683 1501 ChristuS‚
3717 1434 3814 1489 est
3848 1443 3984 1487 vera

2499 1542 2789 1606 persona,
2823 1526 3177 1609 hypostasis
3206 1534 3398 1609 atque
3427 1526 3855 1609 suppositum,
3885 1523 3984 1587 sed

2499 1641 2626 1685 non
2675 1623 2847 1687 aliud
2898 1644 3091 1706 quam
3141 1626 3571 1707 suppositum,
3619 1640 3888 1706 persona
3929 1628 3986 1683 et

2500 1721 2857 1804 hypostasis
2885 1724 3097 1785 Verbi.
3131 1723 3412 1786 Verbum
3445 1741 3726 1805 namque
3755 1722 3819 1784 in
3849 1722 3985 1783 dua-

887 1828 1133 1894 natura,
1179 1838 1293 1902 per
1341 1838 1534 1901 quam
1582 1818 1775 1880 habet
1822 1817 2206 1899 simpliciter
2247 1834 2386 1879 esse
2423 1813 2472 1876 B
2502 1819 2620 1881 bus
2664 1822 2908 1883 naturis
2952 1822 3267 1884 subsistit.
3301 1822 3478 1884 Unde
3509 1839 3711 1903 quum
3743 1820 3982 1892 dicitur,

887 1926 950 1981 et
998 1918 1501 1981 subsistentiam.
1558 1917 1660 1980 Sic
1710 1935 1965 2000 quoque
2024 1935 2143 2004 per
2187 1915 2385 1978 solam

886 2017 1187 2079 deitatem
1226 2016 1640 2099 divinamque
1684 2023 1975 2078 naturam
2017 2014 2211 2076 habet
2237 2014 2387 2075 Ver-

885 2115 1044 2178 bum
1101 2134 1240 2177 esse
1299 2114 1721 2197 simplicitet-3
1772 2132 1851 2177 ex
1900 2120 2125 2175 natura
2174 2120 2388 2174 autem

883 2222 1215 2295 assumpta
1263 2212 1454 2275 habet
1504 2219 1575 2275 ut
1621 2213 1705 2274 sit
1762 2211 1952 2275 homo
2003 2218 2230 2273 natura
2277 2210 2389 2271 hu-

888 2331 1096 2385 mana,
1132 2312 1240 2373 sed
1283 2311 1418 2374 haec
1457 2311 1533 2373 ad
1577 2310 1861 2372 divinam
1904 2308 2387 2372 subsistentiam

886 2430 960 2473 ac
1003 2409 1519 2492 personalitatem
1563 2408 1807 2471 elevata
1848 2415 1961 2470 est.

966 2510 1213 2584 Quartae
1264 2508 1526 2571 rationis
1577 2506 1809 2570 solutio
1868 2514 1982 2569 est.
2036 2505 2195 2568 Nam
2244 2505 2390 2568 Ver—

874 2608 1043 2673 bum
1090 2626 1216 2670 non
1262 2626 1377 2688 per
1422 2614 1711 2668 naturam
1756 2606 2125 2678 humanam,
2168 2604 2277 2666 sed
2322 2604 2388 2665 in

886 2726 962 2770 ea
1000 2706 1331 2783 subsistit;
1365 2705 1656 2767 subsistit
1692 2711 1907 2767 autem
1946 2722 2061 2785 per
2102 2702 2386 2764 divinam

887 2816 1203 2869 naturam.
1253 2803 1739 2867 Identificantur
1796 2802 2008 2884 itaque
2068 2802 2133 2863 in
2181 2800 2390 2864 Verbo

885 2912 1113 2967 natura
1161 2922 1273 2985 per
1321 2921 1511 2984 quam
1562 2900 1874 2974 subsistit,
1921 2907 1984 2961 et
2030 2898 2389 2982 hypostasis

2499 1917 2604 1979 hic
2650 1919 2864 1992 homo,
2899 1920 3110 2001 ipsum
3158 1919 3440 1982 Verbum
3482 1918 3885 2001 supponitur.

2578 2017 2670 2079 Ad
2700 2023 2988 2079 octavam
3023 2018 3566 2099 respondendum,
3599 2016 3776 2099 quod
3806 2016 3984 2097 hypo-

2500 2115 2685 2178 stasis
2723 2114 2916 2177 Verbi
2960 2115 3196 2177 dicitur
3235 2116 3430 2178 etiam
3476 2120 3724 2177 naturae
3763 2132 3986 2175 assum·

2500 2219 2623 2295 ptae
2675 2212 3033 2295 hypostasis
3080 2230 3095 2274 ε
3143 2231 3271 2276 non
3323 2212 3506 2295 quasi
3553 2213 3614 2274 ei
3667 2212 3834 2275 sicut
3877 2210 3986 2273 for-

2500 2310 2748 2374 maliori
2781 2310 3183 2392 subjiciatur,
3218 2330 3420 2394 quum
3465 2329 3678 2393 neque
3719 2328 3984 2392 peream

2499 2409 2922 2472 constituatur
2963 2409 3028 2471 in
3073 2426 3250 2488 esse3
3283 2409 3394 2471 sed
3440 2408 3682 2471 dicitur
3709 2408 3983 2491 hyposta-

2499 2507 2585 2570 sis
2635 2514 2876 2571 naturae
2924 2514 3291 2589 assumptae,
3338 2506 3643 2589 quoniam
3695 2508 3774 2569 ad
3821 2524 3983 2569 suam

2500 2605 3014 2688 personalitatem
3047 2606 3332 2680 assumit,
3345 2604 3541 2668 trahit
3571 2605 3985 2688 illam‚quem-

2498 2704 2844 2766 admodum
2889 2703 3238 2784 ignobilius
3280 2704 3558 2766 trahitur
3599 2705 3682 2766 ad
3728 2704 3792 2766 id
3831 2703 3984 2785 quod

2498 2803 2754 2884 dignius
2798 2810 2913 2864 est.
2963 2838 3040 2849 —
3084 2802 3245 2865 Hinc
3283 2820 3539 2886 quoque
3579 2802 3852 2865 solvitur
3889 2818 3984 2863 no—

2499 2920 2580 2963 na
2618 2901 2804 2963 ratio.
2839 2900 3013 2974 Quod
3056 2902 3230 2963 enim
3274 2900 3763 2963 accidentaliter
3796 2901 3982 2963 solum

887 3004 1047 3084 ejus.
1098 3002 1234 3065 Non
1284 3008 1383 3063 est
1421 3008 1634 3062 autem
1678 3016 1939 3062 necesse
1984 3004 2274 3060 naturam
2321 2997 2386 3059 in
2425 2997 2469 3060 C
2500 2998 2929 3080 conjungitur,
2989 3017 3114 3061 non
3175 2999 3254 3061 ad
3308 3000 3600 3061 eamdem
3659 2998 3986 3081 personali-

887 3121 1013 3185 qua
1079 3099 1360 3163 Verbum
1427 3097 1739 3171 subsistit,
1799 3097 2034 3160 divinae
2102 3114 2388 3178 personae

888 3200 1174 3263 eamdem
1234 3216 1391 3261 esse.
1445 3233 1523 3243 --
1571 3196 1687 3258 Per
1744 3196 1865 3258 hoc
1922 3196 2134 3257 denuo
2183 3195 2388 3257 soluta

887 3306 987 3362 est
1032 3316 1300 3379 sequens
1354 3295 1655 3359 instantia
1706 3311 1720 3356 ε
1772 3313 1913 3376 quae
1972 3294 2164 3356 etiam
2223 3294 2387 3355 veri-

888 3405 1080 3459 tatem
1133 3394 1324 3456 habet
1371 3394 1450 3457 de
1499 3400 1725 3455 natura
1773 3391 1880 3453 illa
1928 3391 2065 3453 sine
2109 3410 2235 3473 qua
2279 3392 2387 3474 hy-

890 3494 1160 3578 postasis
1209 3492 1558 3554 subsistere
1608 3490 1848 3572 nequit.
1898 3489 2046 3552 Sine
2095 3489 2388 3551 humani—

888 3602 1016 3656 tate
1064 3598 1294 3665 autem,
1348 3590 1457 3652 sed
1504 3607 1631 3651 non
1681 3588 1819 3651 sine
1871 3588 2089 3650 divina
2138 3596 2384 3662 natura,

886 3690 1169 3753 Verbum
1229 3688 1577 3752 subsistere
1626 3693 1852 3768 potest.
1908 3686 2041 3749 Non
2093 3694 2192 3748 est
2237 3702 2389 3766 ergo

888 3789 1054 3851 Deus
1088 3788 1152 3850 in
1183 3793 1515 3868 assumpto
1544 3785 1803 3848 homine
1835 3782 2383 3864 circumscriptuS,

888 3904 1098 3968 neque
1132 3886 1195 3947 in
1228 3904 1295 3948 se
1328 3884 1469 3966 ipso
1511 3884 1883 3946 minoratus
1917 3881 2034 3943 Per
2062 3881 2232 3964 quod
2265 3882 2386 3943 sol-

887 3993 1145 4049 veretur
1186 3982 1463 4064 objectio
1512 4000 1638 4063 qua
1678 3981 1823 4063 quis
1868 3980 2080 4042 dicere
2126 3979 2325 4061 possit
2367 3997 2381 4041 ε

886 4085 1044 4147 Nam
1097 4082 1285 4146 motis
1334 4080 1544 4154 nobiS,
1598 4086 1936 4141 moventur
1983 4078 2198 4140 omnia
2245 4096 2386 4159 quae

2498 3103 2692 3161 tatem
2753 3096 3138 3180 simpliciter
3194 3098 3569 3173 assumitur,
3615 3098 3715 3161 sie
3769 3106 3840 3160 ut
3885 3097 3986 3159 fiat

2500 3214 2577 3258 ex
2625 3202 2899 3277 utroque
2947 3194 3332 3277 simpliciter
3379 3215 3602 3258 unum.
3649 3232 3736 3242 —
3775 3196 3866 3259 Ad
3902 3194 3984 3256 ul-

2498 3294 2720 3355 timam
2779 3294 3147 3369 dicendum,
3200 3294 3369 3374 quod
3427 3294 3852 3376 aequivocatio
3903 3294 3985 3355 in-

2499 3391 2755 3454 ducitur
2801 3410 2878 3454 ex
2931 3392 3298 3453 diversitate
3349 3390 3842 3473 significationis
3887 3410 3984 3455 seu

2499 3489 2721 3553 formae
2779 3489 3159 3571 significatae
3219 3508 3333 3571 per
3388 3506 3647 3564 nomen,
3713 3509 3838 3554 non
3889 3510 3986 3552 au·

2498 3594 2628 3649 tem
2687 3605 2764 3649 ex
2824 3586 3194 3650 diversitate
3253 3588 3740 3669 suppositionis.
3805 3588 3986 3651 Homo

2499 3704 2776 3767 namque
2830 3704 2958 3748 non
3013 3686 3158 3748 ideo
3209 3686 3642 3767 aequivocatur
3696 3688 3863 3769 quod
3905 3686 3986 3747 vi-

2500 3785 2716 3847 cissim
2778 3802 2894 3865 pro
2954 3783 3279 3857 Cicerone,
3331 3784 3618 3847 vicissim
3683 3804 3835 3849 vero
3885 3800 3988 3867 pro

2499 3883 2754 3946 Socrate
2817 3882 3144 3963 supponit.
3205 3882 3454 3945 Nomen
3522 3884 3741 3966 itaque
3808 3883 3989 3946 homi·

2498 3982 2597 4043 nis
2647 3980 3028 4044 attributum
3069 3981 3252 4043 Petro
3295 3988 3360 4044 et
3402 3982 3674 4053 Christo,
3715 3990 3984 4047 naturam

2498 4099 2691 4142 unam
2755 4079 3123 4160 significat3
3188 4080 3298 4142 sed
3363 4081 3645 4143 variatur
3713 4080 3986 4164 supposi-

890 4183 955 4244 in
987 4181 1173 4244 nobis
1203 4187 1373 4253 sunt,
1395 4185 1505 4241 aut
1534 4197 1647 4259 per
1678 4183 1893 4250 se‚aut
1925 4194 2039 4258 per
2065 4176 2382 4238 accidens.
2418 4179 2466 4241 D
2497 4180 2606 4241 tio.
2639 4178 2796 4241 Nam
2840 4178 3089 4241 Christo
3126 4178 3530 4253 attributum,
3564 4182 3872 4263 supponit
3907 4180 3987 4241 iu·

890 4281 954 4344 Si
987 4279 1181 4361 igitur
1220 4297 1297 4341 ex
1338 4278 1595 4341 homine
1637 4283 1700 4338 et
1738 4283 1960 4337 natura
1999 4274 2188 4337 Verbi
2222 4293 2387 4337 unus

890 4382 1315 4443 constituatur
1364 4376 1671 4447 Christus,
1719 4374 2041 4436 videbitur
2087 4373 2387 4435 divinitas

890 4498 1006 4562 per
1059 4477 1357 4540 accidens
1414 4474 1658 4537 moveri
1708 4473 1785 4535 ad
1832 4479 2075 4535 motum
2129 4472 2383 4535 Christi.

887 4576 1064 4651 Quod
1096 4582 1266 4639 recte
1305 4579 1701 4657 sequeretur,
1734 4571 1788 4633 si
1827 4572 1980 4634 unio
2008 4571 2197 4633 Verbi
2239 4590 2388 4634 cum

887 4675 1150 4738 homine
1198 4692 1313 4755 per
1361 4670 2022 4752 circumscriptionem
2070 4670 2388 4753 accipien-

888 4774 969 4837 da
997 4768 1186 4845 esset,
1220 4790 1333 4833 seu
1368 4788 1479 4851 per
1508 4768 2103 4831 determinationem
2136 4768 2215 4829 ad
2249 4785 2389 4830 cor-

889 4889 1149 4954 poream
1201 4867 1703 4939 consistentiam,
1746 4865 1846 4927 vel
1899 4884 2014 4947 per
2054 4865 2388 4928 formalem

888 4989 962 5033 ac
1004 4967 1359 5031 naturalem
1402 4964 1944 5045 conjunctionem.
1978 4964 2116 5027 Non
2157 4972 2253 5028 est
2281 4985 2388 5027 au-

888 5076 1019 5130 tem
1072 5067 1164 5129 sic
1217 5063 1648 5145 intelligenda,
1700 5063 1867 5123 sicut
1914 5062 2176 5143 quidam
2219 5071 2390 5125 tene-

888 5166 1023 5229 bris
1050 5162 1496 5227 obnubilatum
1530 5159 1836 5223 habentes
1868 5160 2264 5224 intellectum
2293 5180 2388 5225 ar-

886 5282 971 5348 gu
982 5260 1244 5326 mentati
1288 5267 1454 5323 sunt.

2499 4285 2776 4340 creatam
2834 4283 2900 4339 et
2957 4284 3262 4340 aeternam
3320 4277 3772 4360 hypostasim3
3831 4298 3986 4341 sum-

2499 4386 2682 4461 ptum
2728 4384 2943 4439 autem
2992 4395 3112 4459 pro
3157 4378 3434 4453 Socrate,
3476 4380 3894 4462 temporalem
3932 4388 3989 4443 et

2499 4484 2796 4541 creatam.

2578 4575 2884 4638 Praeterea
2915 4574 3298 4637 intuendum
3331 4582 3449 4650 est,
3483 4576 3656 4657 quod
3685 4577 3866 4658 juxta
3889 4576 3988 4639 ali-

2499 4674 2653 4755 quid
2684 4674 2820 4737 haec
2851 4671 3405 4756 superineffabilis
3437 4674 3591 4737 unio
3623 4676 3814 4739 Verbi
3853 4694 3986 4737 cum

2499 4771 2782 4845 homine,
2816 4771 2969 4833 satis
3001 4770 3235 4833 similis
3265 4779 3364 4834 est
3392 4773 3615 4835 unioni
3655 4774 3986 4837 accidentis

2499 4878 2563 4932 et
2609 4869 2905 4950 subjecti.
2941 4868 3190 4951 Duplex
3235 4888 3468 4952 nempe
3506 4872 3856 4935 attenditur
3893 4872 3985 4933 ha·

2502 4968 2725 5031 bitudo
2775 4987 2887 5031 seu
2937 4970 3332 5051 comparatio
3381 4969 3660 5051 subjecti
3719 4981 3784 5034 et
3835 4972 3982 5033 acci·

2499 5067 2727 5129 dentis.
2773 5068 2927 5141 Una,
2980 5067 3337 5129 secundum
3387 5088 3580 5149 quam
3633 5070 3980 5151 subjectum

2499 5170 2811 5237 actuatur,
2865 5162 3202 5245 perficitur
3257 5170 3323 5225 et
3382 5166 3798 5230 materialiter
3851 5166 3981 5229 sub-

2503 5261 2809 5327 sternitur
2855 5262 3169 5325 accidenti
3215 5280 3230 5325 :
3274 5270 3340 5326 et
3386 5264 3523 5328 haec
3571 5265 3979 5349 potentialita-
