4300 6259
923 515 1346 561 nummo
1384 512 1780 561 mmmmm.
1825 529 1906 542 -··
1946 513 2028 559 DE
2068 511 2433 562 ooNDmom:
2453 515 2728 562 monitus

3258 494 3377 562 189
3429 515 3435 520 ·

293 683 783 758 succubuissent,
813 703 963 750 mox
993 684 1266 749 fuissent
1297 683 1661 748 confirmati
1700 683 1766 747 in
1795 681 1847 746 Α
1877 683 2173 765 virginali
2218 702 2233 746 ε
2276 685 2339 749 Si
2385 684 2582 748 Adam
2626 683 2895 767 (inquit)
2941 684 3020 747 ad
3068 701 3177 747 eos
3215 701 3376 766 quos

291 783 492 864 gratia,
525 783 610 845 ita
639 783 812 866 quod
851 784 1018 846 ultra
1055 801 1182 847 non
1224 783 1583 866 potuissent
1623 800 1768 865 pec-

291 889 640 964 care,atque
671 883 841 964 quod
872 882 1109 966 posteri
1141 882 1514 944 eorumdem
1545 897 1768 944 omnes

291 980 406 1041 nati
463 979 734 1042 fuissent
803 980 868 1043 in
923 979 1127 1062 gratia
1194 978 1580 1043 confirmati.
1643 977 1768 1042 Alii

289 1079 482 1160 potius
511 1077 850 1152 aestimant,
882 1079 1054 1161 quod
1095 1078 1389 1160 quamvis
1429 1077 1620 1160 primi
1662 1096 1770 1159 pa·

289 1183 480 1238 rentes
509 1176 988 1258 praevaluissent
1017 1176 1242 1259 primae
1273 1175 1770 1249 tentationi,non

287 1283 484 1336 tamen
528 1273 801 1337 fuissent
842 1274 1204 1337 confirmati
1251 1274 1316 1336 in
1358 1274 1580 1356 gratia,
1614 1291 1770 1356 quo-

289 1391 474 1453 usque
523 1371 796 1436 fuissent
842 1373 1128 1435 translati
1190 1373 1254 1434 in
1311 1372 1600 1454 gloriam.
1643 1370 1768 1433 Alii

287 1469 494 1532 dicunt
539 1469 736 1550 hujus
783 1470 1116 1552 utriusque
1165 1469 1318 1532 dicti
1375 1469 1762 1551 oppositum.

361 1567 610 1630 Interim
656 1567 870 1630 verius
911 1569 1178 1640 aestim0‚
1211 1567 1380 1649 quod
1424 1566 1617 1648 primi
1663 1585 1770 1649 pa-

287 1672 480 1727 rentes
501 1664 764 1728 fuerunt
794 1667 861 1728 in
889 1667 1093 1746 gratia
1119 1665 1458 1738 conditi,et
1488 1665 1552 1726 in
1583 1665 1770 1745 origi-

289 1764 402 1826 nali
438 1763 685 1844 justitia
722 1772 914 1847 atque
957 1765 1252 1846 gratuita,
1285 1763 1352 1826 in
1383 1763 1667 1836 caritate,
1702 1763 1768 1827 in

1876 791 2297 863 generaturus
2326 791 2481 857 erat,
2506 783 2903 866 nequivisset
2929 782 3245 864 justitiam
3278 801 3379 844 su-

1876 899 1981 943 am
2012 880 2385 962 perducere,
2411 899 2812 963 nequaquam
2836 881 3149 963 potuisset
3168 880 3261 942 eis
3286 880 3381 942 in-

1877 977 2192 1059 justitiam
2227 998 2407 1042 suam
2442 979 2895 1043 transmittere.
2932 981 3167 1042 lterum
3208 979 3379 1042 idem

1879 1075 2115 1139 fatetur
2143 1077 2485 1140 Anselmus
2518 1095 2532 1140 :
2566 1078 2635 1140 In
2680 1077 2799 1140 hoc
2845 1085 3109 1160 apparet
3142 1077 3381 1159 magni-

1879 1175 2036 1238 tudo
2074 1174 2379 1238 bonitatis
2418 1175 2651 1240 divinae
2692 1184 2755 1239 et
2794 1175 3127 1259 plenitudo
3163 1175 3381 1256 gratiae

1881 1273 2044 1354 ejuS‚
2095 1273 2267 1355 quod
2324 1273 2531 1356 qualis
2590 1274 2835 1336 exstitit
2892 1273 3139 1357 primus
3191 1273 3383 1336 homo

1877 1371 2126 1452 justitia
2168 1380 2232 1433 et
2274 1371 2601 1445 felicitate,
2645 1370 2801 1434 tales
2843 1371 3171 1451 genuisset
3206 1386 3219 1432 :
3254 1387 3381 1434 non

1882 1470 2052 1551 quod
2095 1469 2229 1532 sola
2280 1470 2732 1552 propagatione
2774 1469 3153 1532 exsisterent
3200 1469 3377 1542 tales,

1879 1567 1990 1630 sed
2020 1568 2323 1649 quoniam
2357 1567 2707 1650 propagati,
2726 1566 2893 1630 dono
2921 1567 3031 1629 Dei
3066 1567 3220 1630 tales
3242 1567 3381 1630 effi-

1881 1672 2199 1728 cerentur.
2254 1667 2341 1728 De
2390 1664 2509 1730 hoc
2549 1685 2793 1738 rursuS,
2846 1665 3011 1728 libro
3051 1665 3175 1729 Cur
3213 1665 3380 1728 Deus

1880 1763 2094 1836 home,
2154 1763 2497 1826 Anselmus
2564 1764 2947 1846 conscripsit
3006 1781 3019 1826 :
3079 1764 3381 1837 Quamvis

287 1863 404 1924 fide
431 1863 788 1944 ceterisque
810 1861 1155 1925 virtutibus
1175 1879 1249 1924 ac
1269 1861 1456 1924 donis
1487 1861 1766 1943 Spiritus
1795 1865 1844 1929 B
1883 1861 2076 1944 primi
2137 1869 2433 1944 parentes
2480 1861 2650 1925 victa
2696 1861 3045 1924 tentatione
3094 1864 3379 1926 nondum

289 1961 482 2024 Sancti
513 1960 1026 2044 inseparabiliter
1056 1961 1302 2023 caritati
1333 1961 1618 2023 annexis.
1639 1959 1766 2022 Nec

287 2060 444 2122 enim
487 2059 629 2122 sine
676 2061 938 2122 caritate
985 2067 1050 2122 et
1097 2058 1230 2121 fide
1279 2065 1626 2140 potuerunt
1667 2077 1769 2120 su·

289 2159 554 2240 periores
601 2159 773 2222 vires
820 2159 1180 2220 animarum
1227 2175 1450 2220 eorum
1497 2157 1624 2220 Deo
1675 2176 1772 2220 es·

291 2277 348 2318 se
392 2256 794 2319 sufficienter
841 2255 1188 2337 subjectae3
1233 2273 1440 2336 neque
1489 2273 1604 2337 per
1639 2254 1772 2318 sola

291 2355 438 2416 dona
463 2355 682 2434 gratiae
709 2355 906 2435 gratis
937 2354 1096 2416 datae
1141 2354 1346 2435 potuit
1391 2352 1454 2414 in
1495 2352 1588 2414 eis
1631 2370 1770 2414 esse

291 2463 404 2514 tam
441 2452 634 2514 l'irrna
672 2451 988 2514 ordinatio
1025 2459 1284 2533 tamque
1327 2458 1588 2532 accepta
1623 2449 1772 2511 sub-

287 2550 464 2630 jectio
499 2549 714 2612 carnis
761 2548 882 2612 sub
929 2549 1166 2622 anima,
1215 2548 1534 2611 sensitivae
1573 2546 1772 2630 partis

289 2649 394 2710 sub
423 2647 968 2722 ratione,rationis
999 2647 1152 2710 item
1183 2655 1248 2710 et
1276 2646 1620 2709 voluntatis
1651 2644 1772 2708 sub

291 2747 404 2809 Deo
433 2764 448 2808 :
479 2746 612 2810 imo
639 2745 723 2808 ad
759 2745 882 2808 boc
921 2744 1108 2819 fides,
1143 2763 1310 2826 speS,
1343 2743 1594 2816 caritaS,
1627 2762 1772 2826 pru·

285 2845 484 2907 dentia
529 2844 1046 2927 requirebantur.
1089 2843 1264 2906 Unde
1303 2850 1366 2905 et
1406 2843 1465 2906 S.
1501 2842 1772 2904 Thomas

287 2942 502 3005 fatetur
534 2961 549 3004 ε
583 2943 785 3006 Radix
814 2940 1142 3022 originalis
1168 2941 1453 3021 justitiae,
1488 2941 1554 3002 in
1586 2939 1772 3021 cujus

1881 1959 2386 2042 proveherentur
2422 1961 2499 2022 ad
2541 1960 2719 2023 illam
2758 1960 3129 2041 angelorum
3174 1980 3381 2043 aequa·

1883 2057 2125 2120 litatem
2158 2059 2223 2120 in
2254 2077 2447 2140 quam
2480 2059 2797 2122 manendo
2834 2058 3089 2122 fuerant
3117 2078 3383 2142 perven-

1882 2157 2033 2231 turi,
2081 2155 2146 2218 in
2198 2154 2307 2218 illa
2355 2165 2568 2220 tamen
2617 2175 2745 2239 qua
2792 2165 2975 2219 erant
3016 2157 3286 2238 justitia,
3327 2157 3383 2219 si

1882 2255 2104 2317 tentati
2153 2255 2656 2336 praevaluissent,
2714 2255 2800 2317 ita
2848 2255 3384 2318 confirmarentur

1883 2373 2030 2416 cum
2071 2352 2246 2417 omni
2294 2373 2409 2416 sua
2452 2353 2824 2436 propagine,
2858 2361 2929 2414 ut
2968 2353 3135 2416 ultra
3164 2372 3383 2436 pecca·

1883 2467 1950 2510 re
1991 2467 2118 2513 non
2162 2460 2423 2533 possent
2453 2469 2467 2513 :
2497 2452 3039 2534 quemadmodum
3082 2453 3382 2535 quoniam

1883 2548 2035 2610 victi
2087 2558 2537 2632 peccaverunt,
2590 2551 2678 2613 ita
2722 2559 2874 2614 sunt
2922 2551 3254 2624 infirmati,
3312 2559 3381 2614 ut

1881 2654 2195 2728 quantum
2250 2648 2313 2710 in
2363 2648 2523 2731 ipsis
2570 2657 2689 2722 est,
2740 2649 2880 2712 sine
2929 2657 3189 2732 peccato
3238 2669 3379 2714 esse

1881 2763 2008 2808 non
2038 2746 2309 2808 valeant.
2343 2747 2495 2820 Quis
2524 2747 2697 2810 enim
2732 2747 2935 2810 valeat
2963 2748 3197 2822 dicere,
3233 2750 3379 2831 plus

1879 2843 2157 2906 valuisse
2192 2844 2569 2926 injustitiam
2599 2845 2679 2908 ad
2710 2845 3039 2926 ligandum
3078 2847 3144 2910 in
3184 2849 3378 2911 servi-

1881 2947 2036 3015 tute,
2069 2961 2263 3024 quam
2308 2941 2545 3006 valeret
2582 2942 2832 3024 justitia
2873 2943 2951 3006 ad
2996 2944 3379 3009 confirman-

289 3040 654 3102 rectitudine
711 3040 922 3102 factus
979 3046 1075 3102 est
1132 3039 1382 3122 primus
1438 3038 1651 3112 homo,
1703 3039 1768 3100 in
1803 3041 1848 3107 C
1880 3040 2036 3102 dum
2095 3041 2161 3102 in
2211 3041 2475 3122 spiritus
2524 3040 2861 3104 libertate?
2909 3042 3069 3105 Hinc
3116 3043 3375 3107 demum

289 3137 742 3220 supernaturali
763 3137 1053 3202 consistit
1079 3137 1478 3218 subjectione
1511 3137 1772 3200 rationis

289 3237 397 3298 sub
431 3237 558 3300 Deo
601 3255 616 3300 ε
659 3255 804 3320 quae
843 3235 1160 3317 subJectio
1197 3243 1294 3299 est
1341 3255 1458 3320 per
1501 3237 1770 3318 gratiam

284 3343 518 3416 gratum
565 3335 934 3398 facientem.
987 3334 1148 3397 Hinc
1195 3335 1260 3396 B.
1314 3333 1653 3416 Gregorius
1704 3335 1768 3398 in

283 3434 606 3498 floralibus
651 3453 850 3516 super
877 3433 994 3497 Job
1025 3433 1308 3516 loquitur
1343 3450 1356 3494 ε
1389 3433 1454 3496 Si
1485 3433 1768 3515 primum

282 3541 592 3614 parentem
615 3533 798 3596 nulla
816 3532 1063 3615 peccati
1096 3532 1370 3614 putredo
1401 3548 1769 3613 corrumpe-

280 3638 382 3704 ret,
415 3649 824 3715 nequaquam
866 3649 946 3693 ex
989 3649 1058 3694 se
1101 3631 1408 3712 gehennae
1445 3628 1620 3692 filios
1662 3647 1768 3710 ge-

277 3736 551 3810 neraret3
597 3731 712 3792 sed
755 3729 870 3813 qui
913 3748 1087 3793 nunc
1133 3748 1248 3812 per
1275 3728 1766 3810 Redemptorem

277 3829 608 3905 salvantur,
659 3829 872 3891 solum
916 3827 996 3890 ab
1045 3827 1156 3892 illo
1203 3826 1390 3890 electi
1435 3846 1768 3890 nasceren-

277 3935 384 3990 tur.
416 3929 548 4003 Qua
577 3927 964 3991 auctoritate
995 3925 1320 4008 probatur,
1353 3926 1521 4008 quod
1553 3925 1606 3989 si
1640 3925 1768 4008 pri-

281 4027 356 4087 mi
397 4037 694 4108 parentes
726 4044 856 4089 non
887 4033 1278 4108 peccassent,
1311 4023 1528 4086 nullus
1559 4041 1771 4106 repro-

279 4121 386 4186 bus
415 4133 810 4199 nasceretur,
830 4121 1497 4206 protoplastorumque
1529 4121 1768 4206 posteri

1879 3139 2359 3221 quartodecimo
2398 3141 2475 3202 de
2520 3140 2787 3204 Civitate
2831 3141 2941 3204 Dei
2986 3149 3242 3205 sanctus
3283 3163 3378 3206 as-

1879 3239 2036 3300 serit
2062 3239 2457 3320 Augustinus
2492 3239 2699 3302 :Nulli
2732 3240 2809 3302 de
2840 3240 3111 3322 posteris
3142 3241 3378 3324 primo—

1881 3355 2022 3399 rum
2057 3343 2386 3418 parentum
2416 3336 2689 3400 fuissent
2720 3338 3103 3412 morituri,si
3135 3340 3377 3421 primus

1877 3433 2072 3496 homo
2099 3451 2227 3496 non
2260 3435 2489 3498 suisset
2516 3425 2968 3517 transgressu&

2216 3641 2739 3708 PROPOSITIO
2785 3643 3055 3708 XCVII.

1957 3826 2149 3891 Tam
2179 3839 2467 3907 corpus
2495 3825 2691 3892 Adae
2729 3841 2828 3892 ex
2868 3826 3067 3895 limo
3110 3829 3373 3910 term,

1877 3937 2114 4005 quam
2144 3936 2434 4003 corpus
2454 3924 2639 3990 Evae
2670 3938 2767 3989 ex
2796 3927 3017 3991 costa
3036 3925 3253 4007 Adae,
3275 3925 3373 3992 ab

1877 4021 2421 4103 omnipotente
2476 4023 2642 4090 Deo
2695 4023 3161 4090 immediate
3220 4023 3377 4090 for-

1877 4121 2188 4187 matum
2230 4122 2352 4187 est
2390 4120 2891 4189 miraculose.

283 4223 650 4285 mansissent
715 4241 752 4284 a
811 4230 1072 4305 peccato
1129 4221 1472 4294 immunes,
1533 4221 1766 4283 virtute
1799 4227 1848 4289 D
1957 4219 2134 4292 Quod
2180 4227 2295 4290 est,
2340 4218 2641 4299 quoniam
2692 4218 3054 4282 miraculosi
3102 4219 3375 4284 effectus

277 4319 522 4398 justitiae
588 4319 686 4382 eis
753 4319 1020 4392 collatae,
1081 4319 1301 4381 divina
1367 4318 1769 4400 providentia

281 4418 638 4497 opitulante.
689 4417 850 4480 Hinc
896 4425 960 4480 et
1003 4417 1062 4479 S.
1111 4416 1450 4479 Anselmus
1496 4416 1562 4478 in
1603 4417 1766 4480 libro

279 4513 390 4576 Cur
417 4515 584 4578 Deus
615 4517 832 4589 homo,
846 4515 1116 4578 effatur:
1139 4516 1396 4598 Propter
1425 4523 1766 4596 transgres-

279 4613 506 4676 sionem
555 4615 916 4698 primorum
967 4621 1329 4694 parentum,
1375 4615 1612 4696 posteri
1661 4632 1763 4677 eo·

281 4713 558 4775 rumdem
601 4712 899 4794 originali
937 4711 1190 4793 justitia
1221 4719 1370 4774 sunt
1408 4712 1662 4795 privati,
1698 4713 1762 4776 in

277 4817 508 4874 tantum
551 4811 726 4894 quod
772 4808 896 4872 tilii
943 4810 1052 4872 iras
1092 4817 1464 4872 nascuntur.
1499 4811 1662 4892 Ergo
1700 4821 1765 4874 et

279 4919 520 4992 propter
597 4910 862 4973 illorum
930 4908 1364 4972 obedientiam
1438 4911 1762 4972 consecuti

276 5007 536 5072 fuissent
584 5029 626 5072 a
681 5010 812 5072 Deo
865 5007 1243 5091 originalem
1302 5008 1635 5088 justitiam.
1691 5011 1766 5072 Et

279 5105 494 5168 iterum
526 5113 956 5190 protestatur:
981 5107 1044 5170 si
1074 5105 1269 5190 primi
1301 5114 1594 5188 parentes
1623 5126 1766 5190 per-

279 5204 602 5280 stitissent,
636 5205 810 5268 lilios
840 5205 1211 5286 genuissent
1249 5205 1516 5268 heredes
1559 5213 1763 5288 pater-

282 5321 370 5366 nae
393 5303 680 5386 justitiae.
717 5305 786 5366 ln
819 5303 984 5366 libro
1019 5321 1274 5387 quoque
1319 5303 1398 5366 de
1441 5303 1766 5388 Conceptu

1877 4323 2082 4378 totum
2140 4315 2433 4378 ordinem
2494 4323 2558 4378 et
2615 4324 2994 4400 potestatem
3054 4320 3375 4384 causalem

1876 4420 2116 4476 naturae
2188 4421 2412 4477 creatae
2477 4415 3023 4490 transcendenteS,
3096 4415 3377 4481 Creatori

1875 4520 2024 4574 sunt
2055 4511 2299 4594 proprii
2336 4529 2349 4573 ε
2383 4514 2679 4594 quamvis
2711 4515 2880 4578 circa
2910 4515 3198 4596 quaedam
3232 4533 3376 4578 con-

1875 4611 2201 4672 currentia
2241 4609 2320 4672 ad
2366 4609 2509 4672 illos
2562 4619 2626 4674 et
2684 4614 3133 4676 concernentia
3178 4613 3371 4696 ipsoS,

1873 4727 2080 4771 causae
2110 4708 2429 4781 secundae,
2450 4718 2521 4771 ut
2545 4709 2754 4790 angeli
2786 4729 2897 4772 seu
2929 4711 3243 4786 homines,
3264 4712 3375 4775 ali-

1873 4806 2044 4889 quod
2084 4808 2331 4890 possint
2372 4807 2801 4870 ministerium
2842 4808 3161 4872 exhibere.
3198 4810 3373 4875 Unde

1873 4914 1936 4969 et
1993 4905 2146 4968 talia
2204 4906 2414 4968 facere
2471 4913 2843 4968 asseruntur
2888 4906 3261 4989 dispositive
3310 4918 3374 4972 et

1875 5003 2401 5076 ministerialiter,
2462 5012 2570 5066 aut
2625 5004 2928 5087 precibus
2986 5024 3059 5068 ac
3128 5007 3373 5070 meritis

1875 5103 2279 5184 impetrando
2310 5110 2383 5164 ut
2420 5102 2603 5178 fiant,
2637 5103 3177 5185 quemadmodum
3219 5106 3373 5168 dici—

1877 5221 2044 5276 muS,
2077 5202 2249 5284 quod
2287 5201 2477 5265 Josue
2520 5200 2678 5264 fecit
2719 5211 2885 5267 stare
2926 5203 3127 5268 solem
3172 5213 3235 5268 et
3280 5206 3372 5268 lu·
3399 5233 3665 5288 somma,

1876 5321 2024 5366 nam
2056 5301 2262 5385 spatio
2290 5301 2419 5364 diei
2450 5299 2674 5382 uuius;
2704 5302 2816 5365 sed
2844 5303 3045 5368 solius
3072 5303 3375 5392 Omnipo-
