<?xml version="1.0" encoding="UTF-8"?>
<!DOCTYPE html PUBLIC "-//W3C//DTD XHTML 1.0 Transitional//EN"
    "http://www.w3.org/TR/xhtml1/DTD/xhtml1-transitional.dtd">
<html xmlns="http://www.w3.org/1999/xhtml" xml:lang="en" lang="en">
 <head>
  <title>
</title>
<meta http-equiv="Content-Type" content="text/html;charset=utf-8" />
  <meta name='ocr-system' content='tesseract 3.04.00' />
  <meta name='ocr-capabilities' content='ocr_page ocr_carea ocr_par ocr_line ocrx_word'/>
</head>
<body>
  <div class='ocr_page' id='page_1' title='image "./doctorisecstati05unkngoog_0179.png"; bbox 0 0 4300 6259; ppageno 0'>
   <div class='ocr_carea' id='block_1_1' title="bbox 63 1283 331 1332">
    <p class='ocr_par' dir='ltr' id='par_1_1' title="bbox 63 1283 331 1332">
     <span class='ocr_line' id='line_1_1' title="bbox 63 1283 331 1332; baseline 0.004 -8"><span class='ocrx_word' id='word_1_1' title='bbox 63 1286 183 1328; x_wconf 72' lang='lat' dir='ltr'><strong>Gen.</strong></span> <span class='ocrx_word' id='word_1_2' title='bbox 216 1295 265 1332; x_wconf 81' lang='grc' dir='ltr'><strong>ιι,</strong></span> <span class='ocrx_word' id='word_1_3' title='bbox 288 1283 331 1325; x_wconf 62' lang='grc' dir='ltr'><strong>ὅ.</strong></span> 
     </span>
    </p>
   </div>
   <div class='ocr_carea' id='block_1_2' title="bbox 895 509 2957 563">
    <p class='ocr_par' dir='ltr' id='par_1_2' title="bbox 895 509 2957 563">
     <span class='ocr_line' id='line_1_2' title="bbox 895 509 2957 563; baseline 0.001 -3"><span class='ocrx_word' id='word_1_4' title='bbox 895 511 1318 561; x_wconf 65' lang='lat' dir='ltr'><strong>nnumano</strong></span> <span class='ocrx_word' id='word_1_5' title='bbox 1358 509 1758 559; x_wconf 67' lang='lat' dir='ltr'><strong>rnotoclcs.</strong></span> <span class='ocrx_word' id='word_1_6' title='bbox 1804 529 1887 540; x_wconf 92' lang='lat'><strong>—</strong></span> <span class='ocrx_word' id='word_1_7' title='bbox 1928 511 2007 558; x_wconf 72' lang='lat' dir='ltr'><strong>DE</strong></span> <span class='ocrx_word' id='word_1_8' title='bbox 2048 509 2466 561; x_wconf 74' lang='lat' dir='ltr'><strong>rnonucTIoNn</strong></span> <span class='ocrx_word' id='word_1_9' title='bbox 2507 511 2716 563; x_wconf 67' lang='lat' dir='ltr'>RBRUH</span> <span class='ocrx_word' id='word_1_10' title='bbox 2755 515 2796 562; x_wconf 88' lang='lat' dir='ltr'><strong>A</strong></span> <span class='ocrx_word' id='word_1_11' title='bbox 2839 515 2957 563; x_wconf 71' lang='grc' dir='ltr'><strong>ΠΕΟ</strong></span> 
     </span>
    </p>
   </div>
   <div class='ocr_carea' id='block_1_3' title="bbox 3363 499 3474 564">
    <p class='ocr_par' dir='ltr' id='par_1_3' title="bbox 3363 499 3474 564">
     <span class='ocr_line' id='line_1_3' title="bbox 3363 499 3474 564; baseline 0.009 -2"><span class='ocrx_word' id='word_1_12' title='bbox 3363 499 3474 564; x_wconf 80' lang='lat'><strong>161</strong></span> 
     </span>
    </p>
   </div>
   <div class='ocr_carea' id='block_1_4' title="bbox 364 679 3477 770">
    <p class='ocr_par' dir='ltr' id='par_1_4' title="bbox 364 679 3477 770">
     <span class='ocr_line' id='line_1_4' title="bbox 364 679 3477 770; baseline 0.003 -28"><span class='ocrx_word' id='word_1_13' title='bbox 364 679 722 745; x_wconf 74' lang='lat' dir='ltr'><strong>formatum</strong></span> <span class='ocrx_word' id='word_1_14' title='bbox 770 702 887 766; x_wconf 89' lang='lat' dir='ltr'><strong>per</strong></span> <span class='ocrx_word' id='word_1_15' title='bbox 934 682 1365 765; x_wconf 80' lang='lat' dir='ltr'><strong>receptionem</strong></span> <span class='ocrx_word' id='word_1_16' title='bbox 1410 682 1669 764; x_wconf 85' lang='lat' dir='ltr'><strong>majoris</strong></span> <span class='ocrx_word' id='word_1_17' title='bbox 1715 680 1875 745; x_wconf 90' lang='lat' dir='ltr'><strong>lucis</strong></span> <span class='ocrx_word' id='word_1_18' title='bbox 1906 683 1955 746; x_wconf 86' lang='lat' dir='ltr'><strong>A</strong></span> <span class='ocrx_word' id='word_1_19' title='bbox 1987 683 2220 765; x_wconf 89' lang='lat' dir='ltr'><strong>cuique</strong></span> <span class='ocrx_word' id='word_1_20' title='bbox 2241 684 2330 747; x_wconf 90' lang='lat' dir='ltr'><strong>rei</strong></span> <span class='ocrx_word' id='word_1_21' title='bbox 2354 704 2494 749; x_wconf 89' lang='lat' dir='ltr'><strong>esse</strong></span> <span class='ocrx_word' id='word_1_22' title='bbox 2515 686 2824 762; x_wconf 89' lang='lat' dir='ltr'><strong>naturale,</strong></span> <span class='ocrx_word' id='word_1_23' title='bbox 2849 687 3017 770; x_wconf 92' lang='lat' dir='ltr'><strong>quod</strong></span> <span class='ocrx_word' id='word_1_24' title='bbox 3048 686 3477 768; x_wconf 79' lang='lat' dir='ltr'><strong>omnipotenS,</strong></span> 
     </span>
    </p>
   </div>
   <div class='ocr_carea' id='block_1_5' title="bbox 360 779 1877 1255">
    <p class='ocr_par' dir='ltr' id='par_1_5' title="bbox 360 779 1877 1255">
     <span class='ocr_line' id='line_1_5' title="bbox 361 779 1877 863; baseline 0.002 -23"><span class='ocrx_word' id='word_1_25' title='bbox 361 785 561 862; x_wconf 87' lang='lat' dir='ltr'><strong>atque</strong></span> <span class='ocrx_word' id='word_1_26' title='bbox 606 779 885 844; x_wconf 84' lang='lat' dir='ltr'><strong>virtutis.</strong></span> <span class='ocrx_word' id='word_1_27' title='bbox 932 782 1067 855; x_wconf 86' lang='lat' dir='ltr'><strong>Quo</strong></span> <span class='ocrx_word' id='word_1_28' title='bbox 1114 787 1381 854; x_wconf 88' lang='lat' dir='ltr'><strong>constat,</strong></span> <span class='ocrx_word' id='word_1_29' title='bbox 1426 780 1597 863; x_wconf 92' lang='lat' dir='ltr'><strong>quod</strong></span> <span class='ocrx_word' id='word_1_30' title='bbox 1644 779 1877 843; x_wconf 90' lang='lat' dir='ltr'><strong>Aristo-</strong></span> 
     </span>
     <span class='ocr_line' id='line_1_6' title="bbox 363 877 1873 942; baseline -0.001 -2"><span class='ocrx_word' id='word_1_31' title='bbox 363 877 565 940; x_wconf 82' lang='lat' dir='ltr'><strong>telem</strong></span> <span class='ocrx_word' id='word_1_32' title='bbox 624 896 749 940; x_wconf 92' lang='lat' dir='ltr'><strong>non</strong></span> <span class='ocrx_word' id='word_1_33' title='bbox 800 881 885 942; x_wconf 90' lang='lat' dir='ltr'><strong>sit</strong></span> <span class='ocrx_word' id='word_1_34' title='bbox 930 886 1186 942; x_wconf 88' lang='lat' dir='ltr'><strong>secutus</strong></span> <span class='ocrx_word' id='word_1_35' title='bbox 1236 878 1407 940; x_wconf 90' lang='lat' dir='ltr'><strong>circa</strong></span> <span class='ocrx_word' id='word_1_36' title='bbox 1453 878 1873 940; x_wconf 79' lang='lat' dir='ltr'><strong>substantiam</strong></span> 
     </span>
     <span class='ocr_line' id='line_1_7' title="bbox 362 975 1871 1040; baseline -0.001 -2"><span class='ocrx_word' id='word_1_37' title='bbox 362 983 435 1038; x_wconf 90' lang='lat' dir='ltr'><strong>et</strong></span> <span class='ocrx_word' id='word_1_38' title='bbox 464 982 757 1040; x_wconf 89' lang='lat' dir='ltr'><strong>naturam</strong></span> <span class='ocrx_word' id='word_1_39' title='bbox 795 996 870 1040; x_wconf 90' lang='lat' dir='ltr'><strong>ac</strong></span> <span class='ocrx_word' id='word_1_40' title='bbox 911 975 1474 1040; x_wconf 75' lang='lat' dir='ltr'><strong>invariabilitatem</strong></span> <span class='ocrx_word' id='word_1_41' title='bbox 1514 975 1871 1039; x_wconf 86' lang='lat' dir='ltr'><strong>coelestium</strong></span> 
     </span>
     <span class='ocr_line' id='line_1_8' title="bbox 362 1074 1871 1157; baseline -0.001 -21"><span class='ocrx_word' id='word_1_42' title='bbox 362 1091 732 1157; x_wconf 87' lang='lat' dir='ltr'><strong>corporum.</strong></span> <span class='ocrx_word' id='word_1_43' title='bbox 784 1075 915 1138; x_wconf 89' lang='lat' dir='ltr'><strong>Nec</strong></span> <span class='ocrx_word' id='word_1_44' title='bbox 962 1074 1124 1137; x_wconf 87' lang='lat' dir='ltr'><strong>dixit</strong></span> <span class='ocrx_word' id='word_1_45' title='bbox 1170 1074 1405 1137; x_wconf 86' lang='lat' dir='ltr'><strong>coelum</strong></span> <span class='ocrx_word' id='word_1_46' title='bbox 1458 1091 1719 1156; x_wconf 89' lang='lat' dir='ltr'><strong>prorsus</strong></span> <span class='ocrx_word' id='word_1_47' title='bbox 1780 1074 1871 1136; x_wconf 92' lang='lat' dir='ltr'><strong>in-</strong></span> 
     </span>
     <span class='ocr_line' id='line_1_9' title="bbox 360 1171 1873 1255; baseline -0.001 -21"><span class='ocrx_word' id='word_1_48' title='bbox 360 1171 735 1252; x_wconf 82' lang='lat' dir='ltr'><strong>generabile</strong></span> <span class='ocrx_word' id='word_1_49' title='bbox 776 1191 939 1244; x_wconf 89' lang='lat' dir='ltr'><strong>esse,</strong></span> <span class='ocrx_word' id='word_1_50' title='bbox 984 1191 1185 1255; x_wconf 92' lang='lat' dir='ltr'><strong>quum</strong></span> <span class='ocrx_word' id='word_1_51' title='bbox 1231 1180 1295 1234; x_wconf 89' lang='lat' dir='ltr'><strong>et</strong></span> <span class='ocrx_word' id='word_1_52' title='bbox 1339 1172 1403 1234; x_wconf 92' lang='lat' dir='ltr'><strong>in</strong></span> <span class='ocrx_word' id='word_1_53' title='bbox 1448 1171 1677 1234; x_wconf 86' lang='lat' dir='ltr'><strong>Genesi</strong></span> <span class='ocrx_word' id='word_1_54' title='bbox 1721 1172 1873 1235; x_wconf 89' lang='lat' dir='ltr'><strong>scri-</strong></span> 
     </span>
    </p>
   </div>
   <div class='ocr_carea' id='block_1_6' title="bbox 348 1268 1872 1352">
    <p class='ocr_par' dir='ltr' id='par_1_6' title="bbox 348 1268 1872 1352">
     <span class='ocr_line' id='line_1_10' title="bbox 348 1268 1872 1352; baseline 0.001 -22"><span class='ocrx_word' id='word_1_55' title='bbox 348 1277 557 1352; x_wconf 90' lang='lat' dir='ltr'><strong>.ptum</strong></span> <span class='ocrx_word' id='word_1_56' title='bbox 600 1270 683 1332; x_wconf 91' lang='lat' dir='ltr'><strong>sit</strong></span> <span class='ocrx_word' id='word_1_57' title='bbox 716 1289 730 1333; x_wconf 94' lang='lat'>:</span> <span class='ocrx_word' id='word_1_58' title='bbox 764 1271 903 1334; x_wconf 82' lang='lat' dir='ltr'><strong>lstae</strong></span> <span class='ocrx_word' id='word_1_59' title='bbox 947 1277 1097 1334; x_wconf 92' lang='lat' dir='ltr'><strong>sunt</strong></span> <span class='ocrx_word' id='word_1_60' title='bbox 1136 1268 1581 1352; x_wconf 78' lang='lat' dir='ltr'><strong>generationes</strong></span> <span class='ocrx_word' id='word_1_61' title='bbox 1624 1269 1766 1334; x_wconf 89' lang='lat' dir='ltr'><strong>coeli</strong></span> <span class='ocrx_word' id='word_1_62' title='bbox 1807 1277 1872 1332; x_wconf 92' lang='lat' dir='ltr'><strong>et</strong></span> 
     </span>
    </p>
   </div>
   <div class='ocr_carea' id='block_1_7' title="bbox 363 1367 1871 1845">
    <p class='ocr_par' dir='ltr' id='par_1_7' title="bbox 363 1367 1871 1845">
     <span class='ocr_line' id='line_1_11' title="bbox 363 1367 1871 1451; baseline 0.001 -21"><span class='ocrx_word' id='word_1_63' title='bbox 363 1377 575 1432; x_wconf 76' lang='lat' dir='ltr'><strong>terrae.</strong></span> <span class='ocrx_word' id='word_1_64' title='bbox 622 1369 909 1451; x_wconf 90' lang='lat' dir='ltr'><strong>Denique</strong></span> <span class='ocrx_word' id='word_1_65' title='bbox 950 1369 1145 1432; x_wconf 90' lang='lat' dir='ltr'><strong>etiam</strong></span> <span class='ocrx_word' id='word_1_66' title='bbox 1192 1368 1547 1431; x_wconf 90' lang='lat' dir='ltr'><strong>secundum</strong></span> <span class='ocrx_word' id='word_1_67' title='bbox 1596 1367 1871 1450; x_wconf 90' lang='lat' dir='ltr'><strong>philoso-</strong></span> 
     </span>
     <span class='ocr_line' id='line_1_12' title="bbox 364 1465 1869 1549; baseline 0.001 -21"><span class='ocrx_word' id='word_1_68' title='bbox 364 1465 557 1548; x_wconf 87' lang='lat' dir='ltr'><strong>phos,</strong></span> <span class='ocrx_word' id='word_1_69' title='bbox 606 1467 923 1530; x_wconf 90' lang='lat' dir='ltr'><strong>elementa</strong></span> <span class='ocrx_word' id='word_1_70' title='bbox 980 1485 1107 1530; x_wconf 90' lang='lat' dir='ltr'><strong>non</strong></span> <span class='ocrx_word' id='word_1_71' title='bbox 1158 1472 1310 1530; x_wconf 89' lang='lat' dir='ltr'><strong>sunt</strong></span> <span class='ocrx_word' id='word_1_72' title='bbox 1358 1467 1564 1549; x_wconf 90' lang='lat' dir='ltr'><strong>quoad</strong></span> <span class='ocrx_word' id='word_1_73' title='bbox 1613 1485 1681 1528; x_wconf 89' lang='lat' dir='ltr'><strong>se</strong></span> <span class='ocrx_word' id='word_1_74' title='bbox 1738 1473 1869 1530; x_wconf 90' lang='lat' dir='ltr'><strong>tota</strong></span> 
     </span>
     <span class='ocr_line' id='line_1_13' title="bbox 364 1564 1867 1648; baseline 0.001 -21"><span class='ocrx_word' id='word_1_75' title='bbox 364 1564 837 1647; x_wconf 77' lang='lat' dir='ltr'><strong>corruptibilia,</strong></span> <span class='ocrx_word' id='word_1_76' title='bbox 868 1583 1078 1648; x_wconf 88' lang='lat' dir='ltr'><strong>neque</strong></span> <span class='ocrx_word' id='word_1_77' title='bbox 1119 1565 1199 1628; x_wconf 91' lang='lat' dir='ltr'><strong>de</strong></span> <span class='ocrx_word' id='word_1_78' title='bbox 1236 1582 1403 1628; x_wconf 89' lang='lat' dir='ltr'><strong>novo</strong></span> <span class='ocrx_word' id='word_1_79' title='bbox 1438 1564 1867 1647; x_wconf 82' lang='lat' dir='ltr'><strong>generabilia3</strong></span> 
     </span>
     <span class='ocr_line' id='line_1_14' title="bbox 363 1663 1870 1747; baseline 0 -21"><span class='ocrx_word' id='word_1_80' title='bbox 363 1681 489 1726; x_wconf 90' lang='lat' dir='ltr'><strong>nec</strong></span> <span class='ocrx_word' id='word_1_81' title='bbox 517 1664 725 1744; x_wconf 87' lang='lat' dir='ltr'><strong>(juxta</strong></span> <span class='ocrx_word' id='word_1_82' title='bbox 744 1663 1119 1747; x_wconf 80' lang='lat' dir='ltr'><strong>praehabita)</strong></span> <span class='ocrx_word' id='word_1_83' title='bbox 1130 1663 1413 1728; x_wconf 88' lang='lat' dir='ltr'><strong>coelestia</strong></span> <span class='ocrx_word' id='word_1_84' title='bbox 1434 1681 1701 1746; x_wconf 90' lang='lat' dir='ltr'><strong>corpora</strong></span> <span class='ocrx_word' id='word_1_85' title='bbox 1720 1671 1870 1726; x_wconf 90' lang='lat' dir='ltr'><strong>sunt</strong></span> 
     </span>
     <span class='ocr_line' id='line_1_15' title="bbox 364 1761 1865 1845; baseline -0.001 -21"><span class='ocrx_word' id='word_1_86' title='bbox 364 1761 629 1844; x_wconf 88' lang='lat' dir='ltr'><strong>proprie</strong></span> <span class='ocrx_word' id='word_1_87' title='bbox 658 1762 1121 1845; x_wconf 81' lang='lat' dir='ltr'><strong>corruptibilia,</strong></span> <span class='ocrx_word' id='word_1_88' title='bbox 1154 1779 1231 1825; x_wconf 89' lang='lat' dir='ltr'><strong>eo</strong></span> <span class='ocrx_word' id='word_1_89' title='bbox 1270 1762 1458 1825; x_wconf 92' lang='lat' dir='ltr'><strong>modo</strong></span> <span class='ocrx_word' id='word_1_90' title='bbox 1486 1780 1614 1845; x_wconf 90' lang='lat' dir='ltr'><strong>quo</strong></span> <span class='ocrx_word' id='word_1_91' title='bbox 1646 1761 1865 1834; x_wconf 81' lang='lat' dir='ltr'><strong>mixta,</strong></span> 
     </span>
    </p>
   </div>
   <div class='ocr_carea' id='block_1_8' title="bbox 1976 783 3486 1846">
    <p class='ocr_par' dir='ltr' id='par_1_8' title="bbox 1976 783 3486 1846">
     <span class='ocr_line' id='line_1_16' title="bbox 1984 783 3482 866; baseline 0.004 -26"><span class='ocrx_word' id='word_1_92' title='bbox 1984 783 2693 864; x_wconf 88' lang='lat' dir='ltr'><strong>supersapientissimus</strong></span> <span class='ocrx_word' id='word_1_93' title='bbox 2782 785 3482 866; x_wconf 89' lang='lat' dir='ltr'><strong>imperiosissimusque</strong></span> 
     </span>
     <span class='ocr_line' id='line_1_17' title="bbox 1983 876 3480 964; baseline 0.003 -24"><span class='ocrx_word' id='word_1_94' title='bbox 1983 876 2239 942; x_wconf 87' lang='lat' dir='ltr'><strong>Creator</strong></span> <span class='ocrx_word' id='word_1_95' title='bbox 2295 880 2354 942; x_wconf 90' lang='lat' dir='ltr'><strong>ei</strong></span> <span class='ocrx_word' id='word_1_96' title='bbox 2415 882 2638 957; x_wconf 89' lang='lat' dir='ltr'><strong>voluit,</strong></span> <span class='ocrx_word' id='word_1_97' title='bbox 2693 883 2988 956; x_wconf 87' lang='lat' dir='ltr'><strong>instituit,</strong></span> <span class='ocrx_word' id='word_1_98' title='bbox 3034 883 3226 964; x_wconf 88' lang='lat' dir='ltr'><strong>jussit</strong></span> <span class='ocrx_word' id='word_1_99' title='bbox 3273 881 3480 945; x_wconf 89' lang='lat' dir='ltr'><strong>consi-</strong></span> 
     </span>
     <span class='ocr_line' id='line_1_18' title="bbox 1982 979 3484 1046; baseline 0.003 -9"><span class='ocrx_word' id='word_1_100' title='bbox 1982 983 2148 1038; x_wconf 87' lang='lat' dir='ltr'><strong>stere</strong></span> <span class='ocrx_word' id='word_1_101' title='bbox 2189 979 2496 1042; x_wconf 86' lang='lat' dir='ltr'><strong>naturale.</strong></span> <span class='ocrx_word' id='word_1_102' title='bbox 2533 981 2678 1044; x_wconf 87' lang='lat' dir='ltr'><strong>Ideo</strong></span> <span class='ocrx_word' id='word_1_103' title='bbox 2721 981 2784 1044; x_wconf 92' lang='lat' dir='ltr'><strong>in</strong></span> <span class='ocrx_word' id='word_1_104' title='bbox 2827 982 3063 1046; x_wconf 79' lang='lat' dir='ltr'><strong>Timaeo</strong></span> <span class='ocrx_word' id='word_1_105' title='bbox 3099 980 3328 1043; x_wconf 86' lang='lat' dir='ltr'><strong>asserit</strong></span> <span class='ocrx_word' id='word_1_106' title='bbox 3354 980 3484 1043; x_wconf 90' lang='lat' dir='ltr'><strong>Pla·</strong></span> 
     </span>
     <span class='ocr_line' id='line_1_19' title="bbox 1980 1074 3480 1161; baseline 0.003 -26"><span class='ocrx_word' id='word_1_107' title='bbox 1980 1079 2045 1136; x_wconf 90' lang='lat' dir='ltr'><strong>to</strong></span> <span class='ocrx_word' id='word_1_108' title='bbox 2080 1091 2093 1136; x_wconf 90' lang='lat'><strong>:</strong></span> <span class='ocrx_word' id='word_1_109' title='bbox 2127 1074 2240 1137; x_wconf 91' lang='lat' dir='ltr'><strong>Dei</strong></span> <span class='ocrx_word' id='word_1_110' title='bbox 2271 1075 2663 1140; x_wconf 87' lang='lat' dir='ltr'><strong>voluntatem</strong></span> <span class='ocrx_word' id='word_1_111' title='bbox 2707 1079 2760 1140; x_wconf 91' lang='lat' dir='ltr'><strong>si</strong></span> <span class='ocrx_word' id='word_1_112' title='bbox 2801 1078 2946 1161; x_wconf 90' lang='lat' dir='ltr'><strong>quis</strong></span> <span class='ocrx_word' id='word_1_113' title='bbox 2990 1078 3223 1141; x_wconf 85' lang='lat' dir='ltr'><strong>dixerit</strong></span> <span class='ocrx_word' id='word_1_114' title='bbox 3265 1095 3480 1140; x_wconf 90' lang='lat' dir='ltr'><strong>rerum</strong></span> 
     </span>
     <span class='ocr_line' id='line_1_20' title="bbox 1980 1172 3483 1257; baseline 0.003 -25"><span class='ocrx_word' id='word_1_115' title='bbox 1980 1172 2404 1236; x_wconf 87' lang='lat' dir='ltr'><strong>certissimam</strong></span> <span class='ocrx_word' id='word_1_116' title='bbox 2435 1193 2576 1238; x_wconf 87' lang='lat' dir='ltr'><strong>esse</strong></span> <span class='ocrx_word' id='word_1_117' title='bbox 2603 1175 2938 1257; x_wconf 85' lang='lat' dir='ltr'><strong>originem,</strong></span> <span class='ocrx_word' id='word_1_118' title='bbox 2972 1182 3142 1238; x_wconf 86' lang='lat' dir='ltr'><strong>recte</strong></span> <span class='ocrx_word' id='word_1_119' title='bbox 3180 1192 3330 1237; x_wconf 90' lang='lat' dir='ltr'><strong>eum</strong></span> <span class='ocrx_word' id='word_1_120' title='bbox 3370 1194 3483 1257; x_wconf 93' lang='lat' dir='ltr'><strong>pu-</strong></span> 
     </span>
     <span class='ocr_line' id='line_1_21' title="bbox 1980 1272 3480 1356; baseline 0.004 -26"><span class='ocrx_word' id='word_1_121' title='bbox 1980 1277 2113 1332; x_wconf 90' lang='lat' dir='ltr'><strong>tare</strong></span> <span class='ocrx_word' id='word_1_122' title='bbox 2159 1272 2573 1334; x_wconf 89' lang='lat' dir='ltr'><strong>consentiam.</strong></span> <span class='ocrx_word' id='word_1_123' title='bbox 2609 1308 2687 1319; x_wconf 93' lang='lat'><strong>—</strong></span> <span class='ocrx_word' id='word_1_124' title='bbox 2717 1272 3033 1355; x_wconf 86' lang='lat' dir='ltr'><strong>Amplius,</strong></span> <span class='ocrx_word' id='word_1_125' title='bbox 3067 1273 3480 1356; x_wconf 81' lang='lat' dir='ltr'><strong>descriptioni</strong></span> 
     </span>
     <span class='ocr_line' id='line_1_22' title="bbox 1978 1369 3484 1454; baseline 0.003 -24"><span class='ocrx_word' id='word_1_126' title='bbox 1978 1369 2181 1431; x_wconf 87' lang='lat' dir='ltr'><strong>sancti</strong></span> <span class='ocrx_word' id='word_1_127' title='bbox 2211 1369 2439 1454; x_wconf 75' lang='lat' dir='ltr'><strong>Moysis</strong></span> <span class='ocrx_word' id='word_1_128' title='bbox 2470 1370 2548 1432; x_wconf 92' lang='lat' dir='ltr'><strong>de</strong></span> <span class='ocrx_word' id='word_1_129' title='bbox 2561 1390 2790 1448; x_wconf 71' lang='lat' dir='ltr'><strong>⁴rerum</strong></span> <span class='ocrx_word' id='word_1_130' title='bbox 2821 1371 3201 1434; x_wconf 83' lang='lat' dir='ltr'><strong>formatione</strong></span> <span class='ocrx_word' id='word_1_131' title='bbox 3232 1389 3309 1434; x_wconf 91' lang='lat' dir='ltr'><strong>ex</strong></span> <span class='ocrx_word' id='word_1_132' title='bbox 3339 1388 3484 1434; x_wconf 90' lang='lat' dir='ltr'><strong>con·</strong></span> 
     </span>
     <span class='ocr_line' id='line_1_23' title="bbox 1977 1464 3482 1551; baseline 0.004 -25"><span class='ocrx_word' id='word_1_133' title='bbox 1977 1464 2121 1528; x_wconf 88' lang='lat' dir='ltr'><strong>l&#39;usa</strong></span> <span class='ocrx_word' id='word_1_134' title='bbox 2159 1472 2224 1528; x_wconf 88' lang='lat' dir='ltr'><strong>et</strong></span> <span class='ocrx_word' id='word_1_135' title='bbox 2265 1466 2756 1531; x_wconf 87' lang='lat' dir='ltr'><strong>indeterminata</strong></span> <span class='ocrx_word' id='word_1_136' title='bbox 2801 1469 3083 1543; x_wconf 91' lang='lat' dir='ltr'><strong>materia,</strong></span> <span class='ocrx_word' id='word_1_137' title='bbox 3119 1469 3290 1532; x_wconf 90' lang='lat' dir='ltr'><strong>Plato</strong></span> <span class='ocrx_word' id='word_1_138' title='bbox 3329 1487 3482 1551; x_wconf 90' lang='lat' dir='ltr'><strong>quo·</strong></span> 
     </span>
     <span class='ocr_line' id='line_1_24' title="bbox 1976 1563 3482 1646; baseline 0.003 -21"><span class='ocrx_word' id='word_1_139' title='bbox 1976 1581 2105 1645; x_wconf 88' lang='lat' dir='ltr'><strong>que</strong></span> <span class='ocrx_word' id='word_1_140' title='bbox 2165 1563 2230 1626; x_wconf 90' lang='lat' dir='ltr'><strong>in</strong></span> <span class='ocrx_word' id='word_1_141' title='bbox 2289 1565 2499 1646; x_wconf 89' lang='lat' dir='ltr'><strong>primo</strong></span> <span class='ocrx_word' id='word_1_142' title='bbox 2556 1567 2899 1630; x_wconf 87' lang='lat' dir='ltr'><strong>concordat</strong></span> <span class='ocrx_word' id='word_1_143' title='bbox 2943 1566 3164 1631; x_wconf 84' lang='lat' dir='ltr'><strong>Timaei</strong></span> <span class='ocrx_word' id='word_1_144' title='bbox 3216 1585 3230 1629; x_wconf 91' lang='lat'>:</span> <span class='ocrx_word' id='word_1_145' title='bbox 3283 1566 3482 1630; x_wconf 89' lang='lat' dir='ltr'><strong>Omne</strong></span> 
     </span>
     <span class='ocr_line' id='line_1_25' title="bbox 1976 1660 3486 1748; baseline 0.004 -26"><span class='ocrx_word' id='word_1_146' title='bbox 1976 1660 2336 1744; x_wconf 87' lang='lat' dir='ltr'><strong>(inquiens)</strong></span> <span class='ocrx_word' id='word_1_147' title='bbox 2349 1663 2604 1728; x_wconf 88' lang='lat' dir='ltr'><strong>visibile</strong></span> <span class='ocrx_word' id='word_1_148' title='bbox 2626 1682 3136 1748; x_wconf 89' lang='lat' dir='ltr'><strong>corporeumque</strong></span> <span class='ocrx_word' id='word_1_149' title='bbox 3167 1673 3340 1728; x_wconf 90' lang='lat' dir='ltr'><strong>motu</strong></span> <span class='ocrx_word' id='word_1_150' title='bbox 3375 1667 3486 1728; x_wconf 89' lang='lat' dir='ltr'><strong>im·</strong></span> 
     </span>
     <span class='ocr_line' id='line_1_26' title="bbox 1981 1761 3486 1846; baseline 0.003 -24"><span class='ocrx_word' id='word_1_151' title='bbox 1981 1767 2258 1842; x_wconf 83' lang='lat' dir='ltr'><strong>portuno</strong></span> <span class='ocrx_word' id='word_1_152' title='bbox 2315 1761 2638 1826; x_wconf 84' lang='lat' dir='ltr'><strong>fluctuans</strong></span> <span class='ocrx_word' id='word_1_153' title='bbox 2699 1783 2908 1846; x_wconf 90' lang='lat' dir='ltr'><strong>neque</strong></span> <span class='ocrx_word' id='word_1_154' title='bbox 2964 1783 3251 1846; x_wconf 89' lang='lat' dir='ltr'><strong>unquam</strong></span> <span class='ocrx_word' id='word_1_155' title='bbox 3309 1765 3486 1846; x_wconf 88' lang='lat' dir='ltr'><strong>quie-</strong></span> 
     </span>
    </p>
   </div>
   <div class='ocr_carea' id='block_1_9' title="bbox 366 1856 3484 1944">
    <p class='ocr_par' dir='ltr' id='par_1_9' title="bbox 366 1856 3484 1944">
     <span class='ocr_line' id='line_1_27' title="bbox 366 1856 3484 1944; baseline 0 -19"><span class='ocrx_word' id='word_1_156' title='bbox 366 1861 437 1925; x_wconf 88' lang='lat' dir='ltr'><strong>in</strong></span> <span class='ocrx_word' id='word_1_157' title='bbox 487 1878 559 1922; x_wconf 90' lang='lat' dir='ltr'><strong>se</strong></span> <span class='ocrx_word' id='word_1_158' title='bbox 602 1861 1115 1924; x_wconf 84' lang='lat' dir='ltr'><strong>contrarietatem</strong></span> <span class='ocrx_word' id='word_1_159' title='bbox 1164 1859 1465 1923; x_wconf 90' lang='lat' dir='ltr'><strong>habentia</strong></span> <span class='ocrx_word' id='word_1_160' title='bbox 1511 1878 1526 1922; x_wconf 72' lang='grc' dir='ltr'><strong>ε</strong></span> <span class='ocrx_word' id='word_1_161' title='bbox 1572 1859 1867 1943; x_wconf 90' lang='lat' dir='ltr'><strong>quamvis</strong></span> <span class='ocrx_word' id='word_1_162' title='bbox 1896 1856 1943 1919; x_wconf 90' lang='lat' dir='ltr'><strong>B</strong></span> <span class='ocrx_word' id='word_1_163' title='bbox 1980 1876 2188 1932; x_wconf 90' lang='lat' dir='ltr'><strong>scens,</strong></span> <span class='ocrx_word' id='word_1_164' title='bbox 2221 1879 2299 1922; x_wconf 93' lang='lat' dir='ltr'><strong>ex</strong></span> <span class='ocrx_word' id='word_1_165' title='bbox 2341 1860 2699 1924; x_wconf 88' lang='lat' dir='ltr'><strong>inordinata</strong></span> <span class='ocrx_word' id='word_1_166' title='bbox 2743 1860 3092 1942; x_wconf 90' lang='lat' dir='ltr'><strong>jactatione</strong></span> <span class='ocrx_word' id='word_1_167' title='bbox 3133 1863 3379 1944; x_wconf 80' lang='lat' dir='ltr'><strong>redegit</strong></span> <span class='ocrx_word' id='word_1_168' title='bbox 3417 1863 3484 1926; x_wconf 89' lang='lat' dir='ltr'><strong>in</strong></span> 
     </span>
    </p>
   </div>
   <div class='ocr_carea' id='block_1_10' title="bbox 366 1956 1876 2728">
    <p class='ocr_par' dir='ltr' id='par_1_10' title="bbox 366 1956 1876 2728">
     <span class='ocr_line' id='line_1_28' title="bbox 366 1956 1869 2041; baseline -0.003 -19"><span class='ocrx_word' id='word_1_169' title='bbox 366 1976 567 2022; x_wconf 89' lang='lat' dir='ltr'><strong>omne</strong></span> <span class='ocrx_word' id='word_1_170' title='bbox 611 1965 892 2020; x_wconf 89' lang='lat' dir='ltr'><strong>creatum</strong></span> <span class='ocrx_word' id='word_1_171' title='bbox 939 1958 1022 2022; x_wconf 90' lang='lat' dir='ltr'><strong>sit</strong></span> <span class='ocrx_word' id='word_1_172' title='bbox 1068 1956 1285 2041; x_wconf 92' lang='lat' dir='ltr'><strong>aliquo</strong></span> <span class='ocrx_word' id='word_1_173' title='bbox 1326 1958 1517 2021; x_wconf 90' lang='lat' dir='ltr'><strong>modo</strong></span> <span class='ocrx_word' id='word_1_174' title='bbox 1557 1957 1869 2040; x_wconf 85' lang='lat' dir='ltr'><strong>corrupti-</strong></span> 
     </span>
     <span class='ocr_line' id='line_1_29' title="bbox 367 2055 1871 2139; baseline -0.001 -19"><span class='ocrx_word' id='word_1_175' title='bbox 367 2055 525 2130; x_wconf 92' lang='lat' dir='ltr'><strong>bile,</strong></span> <span class='ocrx_word' id='word_1_176' title='bbox 558 2057 691 2119; x_wconf 88' lang='lat' dir='ltr'><strong>imo</strong></span> <span class='ocrx_word' id='word_1_177' title='bbox 726 2064 791 2120; x_wconf 88' lang='lat' dir='ltr'><strong>et</strong></span> <span class='ocrx_word' id='word_1_178' title='bbox 830 2055 1265 2130; x_wconf 90' lang='lat' dir='ltr'><strong>annihilabile,</strong></span> <span class='ocrx_word' id='word_1_179' title='bbox 1294 2064 1487 2139; x_wconf 86' lang='lat' dir='ltr'><strong>atque</strong></span> <span class='ocrx_word' id='word_1_180' title='bbox 1530 2055 1871 2120; x_wconf 79' lang='lat' dir='ltr'><strong>confestim</strong></span> 
     </span>
     <span class='ocr_line' id='line_1_30' title="bbox 370 2154 1871 2228; baseline -0.001 -11"><span class='ocrx_word' id='word_1_181' title='bbox 370 2155 437 2218; x_wconf 90' lang='lat' dir='ltr'><strong>in</strong></span> <span class='ocrx_word' id='word_1_182' title='bbox 495 2154 773 2218; x_wconf 91' lang='lat' dir='ltr'><strong>nibilum</strong></span> <span class='ocrx_word' id='word_1_183' title='bbox 834 2154 1249 2228; x_wconf 84' lang='lat' dir='ltr'><strong>relaberetur,</strong></span> <span class='ocrx_word' id='word_1_184' title='bbox 1308 2154 1475 2216; x_wconf 87' lang='lat' dir='ltr'><strong>sicut</strong></span> <span class='ocrx_word' id='word_1_185' title='bbox 1533 2173 1617 2217; x_wconf 88' lang='lat' dir='ltr'><strong>ex·</strong></span> <span class='ocrx_word' id='word_1_186' title='bbox 1666 2155 1871 2216; x_wconf 84' lang='lat' dir='ltr'><strong>nihilo</strong></span> 
     </span>
     <span class='ocr_line' id='line_1_31' title="bbox 368 2251 1871 2334; baseline 0 -20"><span class='ocrx_word' id='word_1_187' title='bbox 368 2259 471 2314; x_wconf 88' lang='lat' dir='ltr'><strong>est</strong></span> <span class='ocrx_word' id='word_1_188' title='bbox 516 2253 916 2334; x_wconf 90' lang='lat' dir='ltr'><strong>productum,</strong></span> <span class='ocrx_word' id='word_1_189' title='bbox 970 2251 1023 2315; x_wconf 89' lang='lat' dir='ltr'><strong>si</strong></span> <span class='ocrx_word' id='word_1_190' title='bbox 1082 2253 1160 2315; x_wconf 92' lang='lat' dir='ltr'><strong>ad</strong></span> <span class='ocrx_word' id='word_1_191' title='bbox 1222 2261 1621 2316; x_wconf 87' lang='lat' dir='ltr'><strong>momentum</strong></span> <span class='ocrx_word' id='word_1_192' title='bbox 1670 2253 1871 2315; x_wconf 90' lang='lat' dir='ltr'><strong>omni·</strong></span> 
     </span>
     <span class='ocr_line' id='line_1_32' title="bbox 368 2351 1865 2433; baseline 0 -20"><span class='ocrx_word' id='word_1_193' title='bbox 368 2351 653 2433; x_wconf 85' lang='lat' dir='ltr'><strong>potentis</strong></span> <span class='ocrx_word' id='word_1_194' title='bbox 698 2352 811 2414; x_wconf 91' lang='lat' dir='ltr'><strong>Dei</strong></span> <span class='ocrx_word' id='word_1_195' title='bbox 859 2351 1342 2415; x_wconf 86' lang='lat' dir='ltr'><strong>conservatione</strong></span> <span class='ocrx_word' id='word_1_196' title='bbox 1392 2351 1865 2414; x_wconf 88' lang='lat' dir='ltr'><strong>destitueretur.</strong></span> 
     </span>
     <span class='ocr_line' id='line_1_33' title="bbox 368 2448 1871 2514; baseline -0.001 -2"><span class='ocrx_word' id='word_1_197' title='bbox 368 2450 453 2512; x_wconf 87' lang='lat' dir='ltr'><strong>At</strong></span> <span class='ocrx_word' id='word_1_198' title='bbox 494 2467 647 2514; x_wconf 86' lang='lat' dir='ltr'><strong>vero</strong></span> <span class='ocrx_word' id='word_1_199' title='bbox 688 2449 877 2513; x_wconf 86' lang='lat' dir='ltr'><strong>etiam</strong></span> <span class='ocrx_word' id='word_1_200' title='bbox 920 2449 987 2512; x_wconf 91' lang='lat' dir='ltr'><strong>in</strong></span> <span class='ocrx_word' id='word_1_201' title='bbox 1024 2449 1170 2512; x_wconf 90' lang='lat' dir='ltr'><strong>aliis</strong></span> <span class='ocrx_word' id='word_1_202' title='bbox 1212 2448 1433 2512; x_wconf 87' lang='lat' dir='ltr'><strong>multis</strong></span> <span class='ocrx_word' id='word_1_203' title='bbox 1473 2448 1731 2511; x_wconf 90' lang='lat' dir='ltr'><strong>divinus</strong></span> <span class='ocrx_word' id='word_1_204' title='bbox 1769 2448 1871 2511; x_wconf 92' lang='lat' dir='ltr'><strong>Di-</strong></span> 
     </span>
     <span class='ocr_line' id='line_1_34' title="bbox 370 2545 1874 2631; baseline 0 -22"><span class='ocrx_word' id='word_1_205' title='bbox 370 2546 635 2630; x_wconf 77' lang='lat' dir='ltr'><strong>onysius</strong></span> <span class='ocrx_word' id='word_1_206' title='bbox 660 2548 983 2612; x_wconf 84' lang='lat' dir='ltr'><strong>Platonem</strong></span> <span class='ocrx_word' id='word_1_207' title='bbox 1016 2546 1219 2629; x_wconf 84' lang='lat' dir='ltr'><strong>magis</strong></span> <span class='ocrx_word' id='word_1_208' title='bbox 1250 2566 1443 2631; x_wconf 91' lang='lat' dir='ltr'><strong>quam</strong></span> <span class='ocrx_word' id='word_1_209' title='bbox 1473 2545 1874 2610; x_wconf 87' lang='lat' dir='ltr'><strong>Aristotelem</strong></span> 
     </span>
     <span class='ocr_line' id='line_1_35' title="bbox 370 2644 1876 2728; baseline -0.001 -20"><span class='ocrx_word' id='word_1_210' title='bbox 370 2653 473 2708; x_wconf 87' lang='lat' dir='ltr'><strong>est</strong></span> <span class='ocrx_word' id='word_1_211' title='bbox 512 2653 793 2720; x_wconf 89' lang='lat' dir='ltr'><strong>secutus,</strong></span> <span class='ocrx_word' id='word_1_212' title='bbox 824 2645 1120 2728; x_wconf 88' lang='lat' dir='ltr'><strong>ponendo</strong></span> <span class='ocrx_word' id='word_1_213' title='bbox 1164 2644 1405 2710; x_wconf 90' lang='lat' dir='ltr'><strong>bonum</strong></span> <span class='ocrx_word' id='word_1_214' title='bbox 1450 2651 1597 2708; x_wconf 90' lang='lat' dir='ltr'><strong>ante</strong></span> <span class='ocrx_word' id='word_1_215' title='bbox 1641 2663 1779 2718; x_wconf 91' lang='lat' dir='ltr'><strong>ens,</strong></span> <span class='ocrx_word' id='word_1_216' title='bbox 1810 2651 1876 2708; x_wconf 89' lang='lat' dir='ltr'><strong>et</strong></span> 
     </span>
    </p>
   </div>
   <div class='ocr_carea' id='block_1_11' title="bbox 246 2742 1872 2925">
    <p class='ocr_par' dir='ltr' id='par_1_11' title="bbox 246 2742 1872 2925">
     <span class='ocr_line' id='line_1_36' title="bbox 246 2742 1872 2827; baseline 0 -23"><span class='ocrx_word' id='word_1_217' title='bbox 246 2762 287 2804; x_wconf 68' lang='lat' dir='ltr'><strong>v·</strong></span> <span class='ocrx_word' id='word_1_218' title='bbox 332 2745 713 2808; x_wconf 80' lang='lat' dir='ltr'><strong>,asserendo</strong></span> <span class='ocrx_word' id='word_1_219' title='bbox 761 2744 929 2827; x_wconf 89' lang='lat' dir='ltr'><strong>quod</strong></span> <span class='ocrx_word' id='word_1_220' title='bbox 988 2742 1255 2806; x_wconf 87' lang='lat' dir='ltr'><strong>materia</strong></span> <span class='ocrx_word' id='word_1_221' title='bbox 1314 2743 1523 2826; x_wconf 89' lang='lat' dir='ltr'><strong>prima</strong></span> <span class='ocrx_word' id='word_1_222' title='bbox 1580 2743 1661 2806; x_wconf 90' lang='lat' dir='ltr'><strong>sit</strong></span> <span class='ocrx_word' id='word_1_223' title='bbox 1717 2742 1872 2826; x_wconf 91' lang='lat' dir='ltr'><strong>quid</strong></span> 
     </span>
     <span class='ocr_line' id='line_1_37' title="bbox 330 2841 1439 2925; baseline -0.001 -20"><span class='ocrx_word' id='word_1_224' title='bbox 330 2854 345 2864; x_wconf 86' lang='lat'><strong>·</strong></span> <span class='ocrx_word' id='word_1_225' title='bbox 372 2841 641 2916; x_wconf 90' lang='lat' dir='ltr'><strong>bonum,</strong></span> <span class='ocrx_word' id='word_1_226' title='bbox 671 2843 969 2925; x_wconf 87' lang='lat' dir='ltr'><strong>quamvis</strong></span> <span class='ocrx_word' id='word_1_227' title='bbox 1012 2859 1140 2906; x_wconf 92' lang='lat' dir='ltr'><strong>non</strong></span> <span class='ocrx_word' id='word_1_228' title='bbox 1182 2843 1268 2904; x_wconf 90' lang='lat' dir='ltr'><strong>sit</strong></span> <span class='ocrx_word' id='word_1_229' title='bbox 1306 2861 1439 2906; x_wconf 91' lang='lat' dir='ltr'><strong>ens.</strong></span> 
     </span>
    </p>
   </div>
   <div class='ocr_carea' id='block_1_12' title="bbox 456 2939 1875 3025">
    <p class='ocr_par' dir='ltr' id='par_1_12' title="bbox 456 2939 1875 3025">
     <span class='ocr_line' id='line_1_38' title="bbox 456 2939 1875 3025; baseline -0.004 -19"><span class='ocrx_word' id='word_1_230' title='bbox 456 2943 803 3016; x_wconf 86' lang='lat' dir='ltr'><strong>Postremo,</strong></span> <span class='ocrx_word' id='word_1_231' title='bbox 846 2960 1113 3025; x_wconf 89' lang='lat' dir='ltr'><strong>corpora</strong></span> <span class='ocrx_word' id='word_1_232' title='bbox 1160 2940 1445 3005; x_wconf 87' lang='lat' dir='ltr'><strong>coelestia</strong></span> <span class='ocrx_word' id='word_1_233' title='bbox 1491 2939 1665 3003; x_wconf 89' lang='lat' dir='ltr'><strong>Plato</strong></span> <span class='ocrx_word' id='word_1_234' title='bbox 1714 2939 1875 3002; x_wconf 87' lang='lat' dir='ltr'><strong>dixit</strong></span> 
     </span>
    </p>
   </div>
   <div class='ocr_carea' id='block_1_13' title="bbox 1979 1957 3486 2434">
    <p class='ocr_par' dir='ltr' id='par_1_13' title="bbox 1979 1957 3486 2434">
     <span class='ocr_line' id='line_1_39' title="bbox 1979 1957 3486 2032; baseline 0.003 -13"><span class='ocrx_word' id='word_1_235' title='bbox 1979 1957 2294 2032; x_wconf 86' lang='lat' dir='ltr'><strong>ordinem,</strong></span> <span class='ocrx_word' id='word_1_236' title='bbox 2329 1959 2538 2022; x_wconf 89' lang='lat' dir='ltr'><strong>sciens</strong></span> <span class='ocrx_word' id='word_1_237' title='bbox 2566 1961 3003 2024; x_wconf 90' lang='lat' dir='ltr'><strong>ordinatorum</strong></span> <span class='ocrx_word' id='word_1_238' title='bbox 3036 1959 3307 2025; x_wconf 83' lang='lat' dir='ltr'><strong>formam</strong></span> <span class='ocrx_word' id='word_1_239' title='bbox 3341 1979 3486 2024; x_wconf 92' lang='lat' dir='ltr'><strong>con-</strong></span> 
     </span>
     <span class='ocr_line' id='line_1_40' title="bbox 1982 2055 3484 2142; baseline 0.004 -25"><span class='ocrx_word' id='word_1_240' title='bbox 1982 2055 2143 2120; x_wconf 86' lang='lat' dir='ltr'><strong>fusis</strong></span> <span class='ocrx_word' id='word_1_241' title='bbox 2191 2056 2697 2140; x_wconf 87' lang='lat' dir='ltr'><strong>inordinatisque</strong></span> <span class='ocrx_word' id='word_1_242' title='bbox 2737 2067 3056 2142; x_wconf 82' lang='lat' dir='ltr'><strong>praestare.</strong></span> <span class='ocrx_word' id='word_1_243' title='bbox 3107 2060 3370 2142; x_wconf 90' lang='lat' dir='ltr'><strong>Nempe,</strong></span> <span class='ocrx_word' id='word_1_244' title='bbox 3415 2068 3484 2123; x_wconf 89' lang='lat' dir='ltr'><strong>ut</strong></span> 
     </span>
     <span class='ocr_line' id='line_1_41' title="bbox 1984 2154 3486 2221; baseline 0.003 -5"><span class='ocrx_word' id='word_1_245' title='bbox 1984 2154 2047 2216; x_wconf 89' lang='lat' dir='ltr'><strong>in</strong></span> <span class='ocrx_word' id='word_1_246' title='bbox 2096 2154 2262 2217; x_wconf 91' lang='lat' dir='ltr'><strong>libro</strong></span> <span class='ocrx_word' id='word_1_247' title='bbox 2318 2156 2398 2218; x_wconf 93' lang='lat' dir='ltr'><strong>de</strong></span> <span class='ocrx_word' id='word_1_248' title='bbox 2452 2156 2720 2220; x_wconf 84' lang='lat' dir='ltr'><strong>Civitate</strong></span> <span class='ocrx_word' id='word_1_249' title='bbox 2771 2157 2879 2220; x_wconf 90' lang='lat' dir='ltr'><strong>Dei</strong></span> <span class='ocrx_word' id='word_1_250' title='bbox 2942 2158 3180 2220; x_wconf 90' lang='lat' dir='ltr'><strong>sentire</strong></span> <span class='ocrx_word' id='word_1_251' title='bbox 3231 2158 3486 2221; x_wconf 89' lang='lat' dir='ltr'><strong>videtur</strong></span> 
     </span>
     <span class='ocr_line' id='line_1_42' title="bbox 1983 2251 3486 2340; baseline 0.003 -26"><span class='ocrx_word' id='word_1_252' title='bbox 1983 2251 2400 2333; x_wconf 82' lang='lat' dir='ltr'><strong>Augustinus,</strong></span> <span class='ocrx_word' id='word_1_253' title='bbox 2432 2255 2606 2319; x_wconf 91' lang='lat' dir='ltr'><strong>Plato</strong></span> <span class='ocrx_word' id='word_1_254' title='bbox 2639 2255 2704 2316; x_wconf 93' lang='lat' dir='ltr'><strong>in</strong></span> <span class='ocrx_word' id='word_1_255' title='bbox 2737 2255 3004 2338; x_wconf 82' lang='lat' dir='ltr'><strong>AEgypto</strong></span> <span class='ocrx_word' id='word_1_256' title='bbox 3034 2275 3148 2340; x_wconf 88' lang='lat' dir='ltr'><strong>per</strong></span> <span class='ocrx_word' id='word_1_257' title='bbox 3179 2256 3486 2339; x_wconf 89' lang='lat' dir='ltr'><strong>interpre-</strong></span> 
     </span>
     <span class='ocr_line' id='line_1_43' title="bbox 1982 2351 2920 2434; baseline 0.004 -22"><span class='ocrx_word' id='word_1_258' title='bbox 1982 2357 2113 2412; x_wconf 91' lang='lat' dir='ltr'><strong>tem</strong></span> <span class='ocrx_word' id='word_1_259' title='bbox 2159 2351 2389 2434; x_wconf 79' lang='lat' dir='ltr'><strong>Moysis</strong></span> <span class='ocrx_word' id='word_1_260' title='bbox 2429 2353 2656 2415; x_wconf 89' lang='lat' dir='ltr'><strong>didicit</strong></span> <span class='ocrx_word' id='word_1_261' title='bbox 2698 2352 2920 2416; x_wconf 78' lang='lat' dir='ltr'><strong>libros,</strong></span> 
     </span>
    </p>
   </div>
   <div class='ocr_carea' id='block_1_14' title="bbox 2359 2561 3105 2628">
    <p class='ocr_par' dir='ltr' id='par_1_14' title="bbox 2359 2561 3105 2628">
     <span class='ocr_line' id='line_1_44' title="bbox 2359 2561 3105 2628; baseline 0.003 -4"><span class='ocrx_word' id='word_1_262' title='bbox 2359 2561 2880 2628; x_wconf 85' lang='lat' dir='ltr'>PROPOSITIO</span> <span class='ocrx_word' id='word_1_263' title='bbox 2928 2563 3105 2628; x_wconf 88' lang='lat' dir='ltr'>LXI.</span> 
     </span>
    </p>
   </div>
   <div class='ocr_carea' id='block_1_15' title="bbox 1984 2742 3484 2913">
    <p class='ocr_par' dir='ltr' id='par_1_15' title="bbox 1984 2742 3484 2913">
     <span class='ocr_line' id='line_1_45' title="bbox 2064 2742 3484 2826; baseline 0.004 -18"><span class='ocrx_word' id='word_1_264' title='bbox 2064 2742 2270 2809; x_wconf 80' lang='lat' dir='ltr'><strong>Oceli</strong></span> <span class='ocrx_word' id='word_1_265' title='bbox 2311 2757 2360 2810; x_wconf 84' lang='lat' dir='ltr'><strong>a</strong></span> <span class='ocrx_word' id='word_1_266' title='bbox 2400 2744 2746 2812; x_wconf 77' lang='lat' dir='ltr'><strong>diversis</strong></span> <span class='ocrx_word' id='word_1_267' title='bbox 2786 2746 3186 2826; x_wconf 80' lang='lat' dir='ltr'><strong>theolog-is</strong></span> <span class='ocrx_word' id='word_1_268' title='bbox 3229 2747 3484 2814; x_wconf 75' lang='lat' dir='ltr'><strong>diver·</strong></span> 
     </span>
     <span class='ocr_line' id='line_1_46' title="bbox 1984 2842 2878 2913; baseline 0.007 -6"><span class='ocrx_word' id='word_1_269' title='bbox 1984 2842 2290 2908; x_wconf 77' lang='lat' dir='ltr'><strong>simodo</strong></span> <span class='ocrx_word' id='word_1_270' title='bbox 2331 2845 2878 2913; x_wconf 83' lang='lat' dir='ltr'><strong>numerantur.</strong></span> 
     </span>
    </p>
   </div>
   <div class='ocr_carea' id='block_1_16' title="bbox 2063 2940 3767 3026">
    <p class='ocr_par' dir='ltr' id='par_1_16' title="bbox 2063 2940 3767 3026">
     <span class='ocr_line' id='line_1_47' title="bbox 2063 2940 3767 3026; baseline 0.004 -24"><span class='ocrx_word' id='word_1_271' title='bbox 2063 2940 2243 3014; x_wconf 88' lang='lat' dir='ltr'><strong>Quod</strong></span> <span class='ocrx_word' id='word_1_272' title='bbox 2281 2946 2396 3016; x_wconf 88' lang='lat' dir='ltr'><strong>est,</strong></span> <span class='ocrx_word' id='word_1_273' title='bbox 2430 2941 2581 3022; x_wconf 88' lang='lat' dir='ltr'><strong>quia</strong></span> <span class='ocrx_word' id='word_1_274' title='bbox 2619 2941 2958 3023; x_wconf 88' lang='lat' dir='ltr'><strong>Apostolus</strong></span> <span class='ocrx_word' id='word_1_275' title='bbox 2996 2942 3084 3006; x_wconf 89' lang='lat' dir='ltr'><strong>ait</strong></span> <span class='ocrx_word' id='word_1_276' title='bbox 3122 2962 3190 3006; x_wconf 91' lang='lat' dir='ltr'><strong>se</strong></span> <span class='ocrx_word' id='word_1_277' title='bbox 3229 2951 3480 3026; x_wconf 88' lang='lat' dir='ltr'><strong>raptum</strong></span> <span class='ocrx_word' id='word_1_278' title='bbox 3526 2964 3562 3008; x_wconf 84' lang='lat'><strong>11</strong></span> <span class='ocrx_word' id='word_1_279' title='bbox 3580 2965 3767 3018; x_wconf 68' lang='lat' dir='ltr'><strong>coma,</strong></span> 
     </span>
    </p>
   </div>
   <div class='ocr_carea' id='block_1_17' title="bbox 369 3033 3552 3124">
    <p class='ocr_par' dir='ltr' id='par_1_17' title="bbox 369 3033 3552 3124">
     <span class='ocr_line' id='line_1_48' title="bbox 369 3033 3552 3124; baseline -0.001 -18"><span class='ocrx_word' id='word_1_280' title='bbox 369 3062 450 3106; x_wconf 89' lang='lat' dir='ltr'><strong>ex</strong></span> <span class='ocrx_word' id='word_1_281' title='bbox 481 3059 599 3105; x_wconf 88' lang='lat' dir='ltr'><strong>sua</strong></span> <span class='ocrx_word' id='word_1_282' title='bbox 626 3048 853 3105; x_wconf 88' lang='lat' dir='ltr'><strong>natura</strong></span> <span class='ocrx_word' id='word_1_283' title='bbox 882 3059 1022 3104; x_wconf 88' lang='lat' dir='ltr'><strong>esse</strong></span> <span class='ocrx_word' id='word_1_284' title='bbox 1051 3038 1476 3113; x_wconf 88' lang='lat' dir='ltr'><strong>dissolubilia,</strong></span> <span class='ocrx_word' id='word_1_285' title='bbox 1508 3039 1660 3122; x_wconf 90' lang='lat' dir='ltr'><strong>quia</strong></span> <span class='ocrx_word' id='word_1_286' title='bbox 1696 3056 1873 3100; x_wconf 90' lang='lat' dir='ltr'><strong>com·</strong></span> <span class='ocrx_word' id='word_1_287' title='bbox 1903 3040 1947 3106; x_wconf 86' lang='lat' dir='ltr'>C</span> <span class='ocrx_word' id='word_1_288' title='bbox 1986 3057 2190 3121; x_wconf 83' lang='lat' dir='ltr'><strong>usque</strong></span> <span class='ocrx_word' id='word_1_289' title='bbox 2247 3038 2327 3100; x_wconf 91' lang='lat' dir='ltr'><strong>ad</strong></span> <span class='ocrx_word' id='word_1_290' title='bbox 2397 3039 2654 3101; x_wconf 85' lang='lat' dir='ltr'><strong>tertium</strong></span> <span class='ocrx_word' id='word_1_291' title='bbox 2723 3040 2978 3103; x_wconf 87' lang='lat' dir='ltr'><strong>coelum.</strong></span> <span class='ocrx_word' id='word_1_292' title='bbox 3039 3040 3270 3124; x_wconf 89' lang='lat' dir='ltr'><strong>Sicque</strong></span> <span class='ocrx_word' id='word_1_293' title='bbox 3333 3042 3486 3106; x_wconf 90' lang='lat' dir='ltr'><strong>assi·</strong></span> <span class='ocrx_word' id='word_1_294' title='bbox 3511 3033 3552 3074; x_wconf 80' lang='lat'><strong>²·</strong></span> 
     </span>
    </p>
   </div>
   <div class='ocr_carea' id='block_1_18' title="bbox 366 3136 1877 4208">
    <p class='ocr_par' dir='ltr' id='par_1_18' title="bbox 366 3136 1877 4208">
     <span class='ocr_line' id='line_1_49' title="bbox 370 3136 1875 3224; baseline -0.003 -22"><span class='ocrx_word' id='word_1_295' title='bbox 370 3139 581 3224; x_wconf 86' lang='lat' dir='ltr'><strong>posita</strong></span> <span class='ocrx_word' id='word_1_296' title='bbox 632 3139 886 3220; x_wconf 90' lang='lat' dir='ltr'><strong>(Omne,</strong></span> <span class='ocrx_word' id='word_1_297' title='bbox 942 3137 1261 3221; x_wconf 87' lang='lat' dir='ltr'><strong>inquiens,</strong></span> <span class='ocrx_word' id='word_1_298' title='bbox 1318 3136 1640 3219; x_wconf 87' lang='lat' dir='ltr'><strong>junctum,</strong></span> <span class='ocrx_word' id='word_1_299' title='bbox 1702 3136 1875 3199; x_wconf 92' lang='lat' dir='ltr'><strong>solu-</strong></span> 
     </span>
     <span class='ocr_line' id='line_1_50' title="bbox 369 3234 1877 3320; baseline -0.003 -18"><span class='ocrx_word' id='word_1_300' title='bbox 369 3237 574 3318; x_wconf 88' lang='lat' dir='ltr'><strong>bile);</strong></span> <span class='ocrx_word' id='word_1_301' title='bbox 634 3256 963 3320; x_wconf 87' lang='lat' dir='ltr'><strong>nunquam</strong></span> <span class='ocrx_word' id='word_1_302' title='bbox 1023 3243 1237 3298; x_wconf 86' lang='lat' dir='ltr'><strong>tamen</strong></span> <span class='ocrx_word' id='word_1_303' title='bbox 1296 3234 1703 3298; x_wconf 90' lang='lat' dir='ltr'><strong>dissolvenda</strong></span> <span class='ocrx_word' id='word_1_304' title='bbox 1758 3253 1877 3298; x_wconf 85' lang='lat' dir='ltr'><strong>nec</strong></span> 
     </span>
     <span class='ocr_line' id='line_1_51' title="bbox 367 3332 1877 3419; baseline -0.004 -17"><span class='ocrx_word' id='word_1_305' title='bbox 367 3337 861 3419; x_wconf 86' lang='lat' dir='ltr'><strong>corrumpenda,</strong></span> <span class='ocrx_word' id='word_1_306' title='bbox 880 3334 1033 3417; x_wconf 91' lang='lat' dir='ltr'><strong>quia</strong></span> <span class='ocrx_word' id='word_1_307' title='bbox 1062 3333 1319 3398; x_wconf 87' lang='lat' dir='ltr'><strong>Creator</strong></span> <span class='ocrx_word' id='word_1_308' title='bbox 1346 3332 1755 3415; x_wconf 90' lang='lat' dir='ltr'><strong>omnipotens</strong></span> <span class='ocrx_word' id='word_1_309' title='bbox 1784 3333 1877 3396; x_wconf 91' lang='lat' dir='ltr'><strong>sic</strong></span> 
     </span>
     <span class='ocr_line' id='line_1_52' title="bbox 366 3431 1877 3514; baseline -0.003 -14"><span class='ocrx_word' id='word_1_310' title='bbox 366 3454 597 3500; x_wconf 86' lang='lat' dir='ltr'><strong>eorum</strong></span> <span class='ocrx_word' id='word_1_311' title='bbox 626 3434 971 3498; x_wconf 86' lang='lat' dir='ltr'><strong>intrinseca</strong></span> <span class='ocrx_word' id='word_1_312' title='bbox 1000 3432 1331 3514; x_wconf 90' lang='lat' dir='ltr'><strong>conjunxit</strong></span> <span class='ocrx_word' id='word_1_313' title='bbox 1361 3431 1697 3514; x_wconf 88' lang='lat' dir='ltr'><strong>principia,</strong></span> <span class='ocrx_word' id='word_1_314' title='bbox 1710 3432 1877 3513; x_wconf 88' lang='lat' dir='ltr'><strong>quod</strong></span> 
     </span>
     <span class='ocr_line' id='line_1_53' title="bbox 366 3528 1875 3616; baseline -0.005 -18"><span class='ocrx_word' id='word_1_315' title='bbox 366 3554 405 3598; x_wconf 84' lang='lat' dir='ltr'><strong>a</strong></span> <span class='ocrx_word' id='word_1_316' title='bbox 466 3532 789 3616; x_wconf 87' lang='lat' dir='ltr'><strong>principio</strong></span> <span class='ocrx_word' id='word_1_317' title='bbox 844 3530 1123 3593; x_wconf 91' lang='lat' dir='ltr'><strong>instituit</strong></span> <span class='ocrx_word' id='word_1_318' title='bbox 1178 3549 1253 3592; x_wconf 87' lang='lat' dir='ltr'><strong>ac</strong></span> <span class='ocrx_word' id='word_1_319' title='bbox 1314 3529 1619 3612; x_wconf 79' lang='lat' dir='ltr'><strong>praecepit</strong></span> <span class='ocrx_word' id='word_1_320' title='bbox 1664 3547 1740 3592; x_wconf 88' lang='lat' dir='ltr'><strong>ea</strong></span> <span class='ocrx_word' id='word_1_321' title='bbox 1794 3528 1875 3592; x_wconf 91' lang='lat' dir='ltr'><strong>ab</strong></span> 
     </span>
     <span class='ocr_line' id='line_1_54' title="bbox 367 3627 1877 3712; baseline -0.003 -17"><span class='ocrx_word' id='word_1_322' title='bbox 367 3631 653 3696; x_wconf 86' lang='lat' dir='ltr'><strong>invicem</strong></span> <span class='ocrx_word' id='word_1_323' title='bbox 710 3647 1040 3712; x_wconf 84' lang='lat' dir='ltr'><strong>nunquam</strong></span> <span class='ocrx_word' id='word_1_324' title='bbox 1097 3627 1399 3710; x_wconf 84' lang='lat' dir='ltr'><strong>disjungi.</strong></span> <span class='ocrx_word' id='word_1_325' title='bbox 1464 3627 1567 3690; x_wconf 90' lang='lat' dir='ltr'><strong>Sic</strong></span> <span class='ocrx_word' id='word_1_326' title='bbox 1632 3627 1877 3710; x_wconf 88' lang='lat' dir='ltr'><strong>quippe</strong></span> 
     </span>
     <span class='ocr_line' id='line_1_55' title="bbox 368 3725 1873 3809; baseline -0.004 -17"><span class='ocrx_word' id='word_1_327' title='bbox 368 3729 623 3792; x_wconf 86' lang='lat' dir='ltr'><strong>inducit</strong></span> <span class='ocrx_word' id='word_1_328' title='bbox 672 3727 845 3790; x_wconf 88' lang='lat' dir='ltr'><strong>Plato</strong></span> <span class='ocrx_word' id='word_1_329' title='bbox 892 3727 957 3788; x_wconf 90' lang='lat' dir='ltr'><strong>in</strong></span> <span class='ocrx_word' id='word_1_330' title='bbox 1006 3726 1217 3809; x_wconf 90' lang='lat' dir='ltr'><strong>primo</strong></span> <span class='ocrx_word' id='word_1_331' title='bbox 1263 3725 1482 3788; x_wconf 79' lang='lat' dir='ltr'><strong>Timaei</strong></span> <span class='ocrx_word' id='word_1_332' title='bbox 1533 3725 1735 3788; x_wconf 90' lang='lat' dir='ltr'><strong>Deum</strong></span> <span class='ocrx_word' id='word_1_333' title='bbox 1792 3725 1873 3787; x_wconf 88' lang='lat' dir='ltr'><strong>ad</strong></span> 
     </span>
     <span class='ocr_line' id='line_1_56' title="bbox 368 3821 1877 3906; baseline -0.004 -14"><span class='ocrx_word' id='word_1_334' title='bbox 368 3825 569 3892; x_wconf 83' lang='lat' dir='ltr'><strong>coelos</strong></span> <span class='ocrx_word' id='word_1_335' title='bbox 599 3843 673 3890; x_wconf 81' lang='lat' dir='ltr'><strong>ac</strong></span> <span class='ocrx_word' id='word_1_336' title='bbox 704 3825 914 3886; x_wconf 89' lang='lat' dir='ltr'><strong>sidera</strong></span> <span class='ocrx_word' id='word_1_337' title='bbox 942 3823 1429 3906; x_wconf 87' lang='lat' dir='ltr'><strong>proloquentem</strong></span> <span class='ocrx_word' id='word_1_338' title='bbox 1465 3821 1705 3905; x_wconf 88' lang='lat' dir='ltr'><strong>:Opera</strong></span> <span class='ocrx_word' id='word_1_339' title='bbox 1736 3841 1877 3886; x_wconf 88' lang='lat' dir='ltr'><strong>mea</strong></span> 
     </span>
     <span class='ocr_line' id='line_1_57' title="bbox 366 3919 1875 4004; baseline -0.001 -18"><span class='ocrx_word' id='word_1_340' title='bbox 366 3943 508 3999; x_wconf 66' lang='grc' dir='ltr'><strong>νος,</strong></span> <span class='ocrx_word' id='word_1_341' title='bbox 560 3931 787 3986; x_wconf 88' lang='lat' dir='ltr'><strong>natura</strong></span> <span class='ocrx_word' id='word_1_342' title='bbox 832 3923 1095 4004; x_wconf 92' lang='lat' dir='ltr'><strong>quidem</strong></span> <span class='ocrx_word' id='word_1_343' title='bbox 1146 3919 1588 4000; x_wconf 82' lang='lat' dir='ltr'><strong>dissolubilia3</strong></span> <span class='ocrx_word' id='word_1_344' title='bbox 1638 3939 1741 3984; x_wconf 89' lang='lat' dir='ltr'><strong>me</strong></span> <span class='ocrx_word' id='word_1_345' title='bbox 1788 3929 1875 3984; x_wconf 87' lang='lat' dir='ltr'><strong>ta-</strong></span> 
     </span>
     <span class='ocr_line' id='line_1_58' title="bbox 369 4018 1871 4102; baseline -0.004 -14"><span class='ocrx_word' id='word_1_346' title='bbox 369 4043 521 4088; x_wconf 84' lang='lat' dir='ltr'><strong>men</strong></span> <span class='ocrx_word' id='word_1_347' title='bbox 572 4023 665 4085; x_wconf 92' lang='lat' dir='ltr'><strong>sic</strong></span> <span class='ocrx_word' id='word_1_348' title='bbox 714 4019 987 4094; x_wconf 90' lang='lat' dir='ltr'><strong>volente,</strong></span> <span class='ocrx_word' id='word_1_349' title='bbox 1033 4037 1363 4102; x_wconf 89' lang='lat' dir='ltr'><strong>nunquam</strong></span> <span class='ocrx_word' id='word_1_350' title='bbox 1404 4018 1871 4094; x_wconf 88' lang='lat' dir='ltr'><strong>dissolvemini,</strong></span> 
     </span>
     <span class='ocr_line' id='line_1_59' title="bbox 369 4117 1869 4208; baseline -0.003 -22"><span class='ocrx_word' id='word_1_351' title='bbox 369 4121 679 4208; x_wconf 84' lang='lat' dir='ltr'><strong>quoniam</strong></span> <span class='ocrx_word' id='word_1_352' title='bbox 740 4119 945 4200; x_wconf 88' lang='lat' dir='ltr'><strong>major</strong></span> <span class='ocrx_word' id='word_1_353' title='bbox 1000 4124 1095 4180; x_wconf 91' lang='lat' dir='ltr'><strong>est</strong></span> <span class='ocrx_word' id='word_1_354' title='bbox 1151 4117 1445 4180; x_wconf 81' lang='lat' dir='ltr'><strong>voluntas</strong></span> <span class='ocrx_word' id='word_1_355' title='bbox 1505 4134 1645 4180; x_wconf 90' lang='lat' dir='ltr'><strong>mea</strong></span> <span class='ocrx_word' id='word_1_356' title='bbox 1700 4136 1869 4182; x_wconf 90' lang='lat' dir='ltr'><strong>nexu</strong></span> 
     </span>
    </p>
   </div>
   <div class='ocr_carea' id='block_1_19' title="bbox 1980 3137 3488 4202">
    <p class='ocr_par' dir='ltr' id='par_1_19' title="bbox 1980 3137 3488 4202">
     <span class='ocr_line' id='line_1_60' title="bbox 1981 3137 3485 3218; baseline 0.003 -19"><span class='ocrx_word' id='word_1_357' title='bbox 1981 3143 2258 3218; x_wconf 86' lang='lat' dir='ltr'><strong>guantur</strong></span> <span class='ocrx_word' id='word_1_358' title='bbox 2307 3143 2434 3200; x_wconf 91' lang='lat' dir='ltr'><strong>tres</strong></span> <span class='ocrx_word' id='word_1_359' title='bbox 2485 3137 2652 3210; x_wconf 86' lang='lat' dir='ltr'><strong>coeli,</strong></span> <span class='ocrx_word' id='word_1_360' title='bbox 2698 3137 3002 3201; x_wconf 84' lang='lat' dir='ltr'><strong>videlicet</strong></span> <span class='ocrx_word' id='word_1_361' title='bbox 3047 3155 3062 3200; x_wconf 73' lang='grc' dir='ltr'><strong><em>ε</em></strong></span> <span class='ocrx_word' id='word_1_362' title='bbox 3109 3140 3343 3203; x_wconf 90' lang='lat' dir='ltr'><strong>coelum</strong></span> <span class='ocrx_word' id='word_1_363' title='bbox 3393 3158 3485 3203; x_wconf 92' lang='lat' dir='ltr'><strong>ra·</strong></span> 
     </span>
     <span class='ocr_line' id='line_1_61' title="bbox 1983 3234 3482 3320; baseline 0.003 -23"><span class='ocrx_word' id='word_1_364' title='bbox 1983 3234 2240 3310; x_wconf 90' lang='lat' dir='ltr'><strong>tionale,</strong></span> <span class='ocrx_word' id='word_1_365' title='bbox 2276 3237 2445 3318; x_wconf 89' lang='lat' dir='ltr'><strong>quod</strong></span> <span class='ocrx_word' id='word_1_366' title='bbox 2483 3243 2582 3299; x_wconf 90' lang='lat' dir='ltr'><strong>est</strong></span> <span class='ocrx_word' id='word_1_367' title='bbox 2621 3237 2814 3300; x_wconf 89' lang='lat' dir='ltr'><strong>homo</strong></span> <span class='ocrx_word' id='word_1_368' title='bbox 2851 3237 3064 3318; x_wconf 89' lang='lat' dir='ltr'><strong>justus</strong></span> <span class='ocrx_word' id='word_1_369' title='bbox 3103 3245 3168 3300; x_wconf 91' lang='lat' dir='ltr'><strong>et</strong></span> <span class='ocrx_word' id='word_1_370' title='bbox 3205 3237 3482 3320; x_wconf 76' lang='lat' dir='ltr'><strong>sapienS,</strong></span> 
     </span>
     <span class='ocr_line' id='line_1_62' title="bbox 1980 3333 3486 3418; baseline 0.001 -22"><span class='ocrx_word' id='word_1_371' title='bbox 1980 3351 2093 3396; x_wconf 90' lang='lat' dir='ltr'><strong>seu</strong></span> <span class='ocrx_word' id='word_1_372' title='bbox 2140 3333 2356 3397; x_wconf 87' lang='lat' dir='ltr'><strong>anima</strong></span> <span class='ocrx_word' id='word_1_373' title='bbox 2399 3333 2701 3409; x_wconf 88' lang='lat' dir='ltr'><strong>virtuosa,</strong></span> <span class='ocrx_word' id='word_1_374' title='bbox 2750 3354 2892 3416; x_wconf 86' lang='lat' dir='ltr'><strong>quae</strong></span> <span class='ocrx_word' id='word_1_375' title='bbox 2931 3343 3029 3398; x_wconf 89' lang='lat' dir='ltr'><strong>est</strong></span> <span class='ocrx_word' id='word_1_376' title='bbox 3065 3335 3380 3418; x_wconf 89' lang='lat' dir='ltr'><strong>templum</strong></span> <span class='ocrx_word' id='word_1_377' title='bbox 3423 3343 3486 3400; x_wconf 91' lang='lat' dir='ltr'><strong>et</strong></span> 
     </span>
     <span class='ocr_line' id='line_1_63' title="bbox 1982 3431 3488 3516; baseline 0.003 -22"><span class='ocrx_word' id='word_1_378' title='bbox 1982 3431 2250 3495; x_wconf 87' lang='lat' dir='ltr'><strong>thronus</strong></span> <span class='ocrx_word' id='word_1_379' title='bbox 2305 3451 2380 3495; x_wconf 90' lang='lat' dir='ltr'><strong>ac</strong></span> <span class='ocrx_word' id='word_1_380' title='bbox 2430 3433 2612 3495; x_wconf 90' lang='lat' dir='ltr'><strong>sedes</strong></span> <span class='ocrx_word' id='word_1_381' title='bbox 2663 3433 3033 3515; x_wconf 80' lang='lat' dir='ltr'><strong>sapientiae3</strong></span> <span class='ocrx_word' id='word_1_382' title='bbox 3083 3433 3488 3516; x_wconf 86' lang='lat' dir='ltr'><strong>congregatio</strong></span> 
     </span>
     <span class='ocr_line' id='line_1_64' title="bbox 1982 3529 3487 3614; baseline 0.003 -23"><span class='ocrx_word' id='word_1_383' title='bbox 1982 3547 2240 3612; x_wconf 91' lang='lat' dir='ltr'><strong>quoque</strong></span> <span class='ocrx_word' id='word_1_384' title='bbox 2287 3529 2606 3604; x_wconf 79' lang='lat' dir='ltr'><strong>fidelium,</strong></span> <span class='ocrx_word' id='word_1_385' title='bbox 2657 3530 3029 3614; x_wconf 79' lang='lat' dir='ltr'><strong>frequenter</strong></span> <span class='ocrx_word' id='word_1_386' title='bbox 3085 3531 3318 3596; x_wconf 87' lang='lat' dir='ltr'><strong>coelum</strong></span> <span class='ocrx_word' id='word_1_387' title='bbox 3379 3550 3487 3596; x_wconf 91' lang='lat' dir='ltr'><strong>vo—</strong></span> 
     </span>
     <span class='ocr_line' id='line_1_65' title="bbox 1984 3629 3486 3712; baseline 0.002 -22"><span class='ocrx_word' id='word_1_388' title='bbox 1984 3634 2165 3690; x_wconf 89' lang='lat' dir='ltr'><strong>catur</strong></span> <span class='ocrx_word' id='word_1_389' title='bbox 2208 3636 2274 3691; x_wconf 90' lang='lat' dir='ltr'><strong>et</strong></span> <span class='ocrx_word' id='word_1_390' title='bbox 2315 3645 2582 3710; x_wconf 88' lang='lat' dir='ltr'><strong>regnum</strong></span> <span class='ocrx_word' id='word_1_391' title='bbox 2641 3629 2974 3703; x_wconf 89' lang='lat' dir='ltr'><strong>coelorum,</strong></span> <span class='ocrx_word' id='word_1_392' title='bbox 3018 3629 3370 3712; x_wconf 84' lang='lat' dir='ltr'><strong>praesertim</strong></span> <span class='ocrx_word' id='word_1_393' title='bbox 3419 3631 3486 3693; x_wconf 91' lang='lat' dir='ltr'><strong>in</strong></span> 
     </span>
     <span class='ocr_line' id='line_1_66' title="bbox 1986 3725 3484 3809; baseline 0.004 -23"><span class='ocrx_word' id='word_1_394' title='bbox 1986 3725 2329 3806; x_wconf 89' lang='lat' dir='ltr'><strong>Evangelio</strong></span> <span class='ocrx_word' id='word_1_395' title='bbox 2387 3733 2452 3788; x_wconf 90' lang='lat' dir='ltr'><strong>et</strong></span> <span class='ocrx_word' id='word_1_396' title='bbox 2505 3725 2906 3809; x_wconf 77' lang='lat' dir='ltr'><strong>Apocalypsi.</strong></span> <span class='ocrx_word' id='word_1_397' title='bbox 2959 3727 3326 3790; x_wconf 90' lang='lat' dir='ltr'><strong>Secundum</strong></span> <span class='ocrx_word' id='word_1_398' title='bbox 3385 3736 3484 3792; x_wconf 89' lang='lat' dir='ltr'><strong>est</strong></span> 
     </span>
     <span class='ocr_line' id='line_1_67' title="bbox 1984 3821 3480 3906; baseline 0.003 -22"><span class='ocrx_word' id='word_1_399' title='bbox 1984 3822 2220 3886; x_wconf 86' lang='lat' dir='ltr'><strong>coelum</strong></span> <span class='ocrx_word' id='word_1_400' title='bbox 2268 3821 2720 3898; x_wconf 87' lang='lat' dir='ltr'><strong>intellectuale,</strong></span> <span class='ocrx_word' id='word_1_401' title='bbox 2771 3832 2844 3886; x_wconf 91' lang='lat' dir='ltr'><strong>ut</strong></span> <span class='ocrx_word' id='word_1_402' title='bbox 2887 3825 3152 3906; x_wconf 88' lang='lat' dir='ltr'><strong>angelus</strong></span> <span class='ocrx_word' id='word_1_403' title='bbox 3201 3833 3480 3901; x_wconf 89' lang='lat' dir='ltr'><strong>sanctus,</strong></span> 
     </span>
     <span class='ocr_line' id='line_1_68' title="bbox 1981 3919 3478 4001; baseline 0.001 -18"><span class='ocrx_word' id='word_1_404' title='bbox 1981 3927 2046 3984; x_wconf 92' lang='lat' dir='ltr'><strong>et</strong></span> <span class='ocrx_word' id='word_1_405' title='bbox 2090 3919 2464 4001; x_wconf 89' lang='lat' dir='ltr'><strong>angelorum</strong></span> <span class='ocrx_word' id='word_1_406' title='bbox 2517 3921 2858 3996; x_wconf 90' lang='lat' dir='ltr'><strong>exercitus,</strong></span> <span class='ocrx_word' id='word_1_407' title='bbox 2908 3922 3064 3985; x_wconf 93' lang='lat' dir='ltr'><strong>ordo</strong></span> <span class='ocrx_word' id='word_1_408' title='bbox 3111 3929 3176 3985; x_wconf 89' lang='lat' dir='ltr'><strong>et</strong></span> <span class='ocrx_word' id='word_1_409' title='bbox 3224 3923 3478 3986; x_wconf 87' lang='lat' dir='ltr'><strong>chorus.</strong></span> 
     </span>
     <span class='ocr_line' id='line_1_69' title="bbox 1980 4019 3482 4104; baseline 0.001 -21"><span class='ocrx_word' id='word_1_410' title='bbox 1980 4020 2262 4083; x_wconf 86' lang='lat' dir='ltr'><strong>Tertium</strong></span> <span class='ocrx_word' id='word_1_411' title='bbox 2290 4026 2386 4083; x_wconf 89' lang='lat' dir='ltr'><strong>est</strong></span> <span class='ocrx_word' id='word_1_412' title='bbox 2415 4019 2646 4082; x_wconf 87' lang='lat' dir='ltr'><strong>coelum</strong></span> <span class='ocrx_word' id='word_1_413' title='bbox 2676 4021 3482 4104; x_wconf 89' lang='lat' dir='ltr'><strong>supersubstantiale,quod</strong></span> 
     </span>
     <span class='ocr_line' id='line_1_70' title="bbox 1980 4117 3479 4202; baseline 0.001 -20"><span class='ocrx_word' id='word_1_414' title='bbox 1980 4126 2077 4182; x_wconf 87' lang='lat' dir='ltr'><strong>est</strong></span> <span class='ocrx_word' id='word_1_415' title='bbox 2114 4117 2696 4202; x_wconf 80' lang='lat' dir='ltr'><strong>superbeatissimae</strong></span> <span class='ocrx_word' id='word_1_416' title='bbox 2739 4117 3062 4183; x_wconf 86' lang='lat' dir='ltr'><strong>Trinitatis</strong></span> <span class='ocrx_word' id='word_1_417' title='bbox 3097 4119 3320 4201; x_wconf 89' lang='lat' dir='ltr'><strong>gloria,</strong></span> <span class='ocrx_word' id='word_1_418' title='bbox 3353 4120 3479 4184; x_wconf 90' lang='lat' dir='ltr'><strong>cel-</strong></span> 
     </span>
    </p>
   </div>
   <div class='ocr_carea' id='block_1_20' title="bbox 368 4215 3479 4298">
    <p class='ocr_par' dir='ltr' id='par_1_20' title="bbox 368 4215 3479 4298">
     <span class='ocr_line' id='line_1_71' title="bbox 368 4215 3479 4298; baseline -0 -14"><span class='ocrx_word' id='word_1_419' title='bbox 368 4227 608 4286; x_wconf 84' lang='lat' dir='ltr'><strong>vestro.</strong></span> <span class='ocrx_word' id='word_1_420' title='bbox 641 4217 818 4292; x_wconf 84' lang='lat' dir='ltr'><strong>Quod</strong></span> <span class='ocrx_word' id='word_1_421' title='bbox 850 4216 1093 4279; x_wconf 91' lang='lat' dir='ltr'><strong>dictum</strong></span> <span class='ocrx_word' id='word_1_422' title='bbox 1124 4215 1417 4298; x_wconf 89' lang='lat' dir='ltr'><strong>sequitur</strong></span> <span class='ocrx_word' id='word_1_423' title='bbox 1444 4215 1871 4280; x_wconf 90' lang='lat' dir='ltr'><strong>Damascenus</strong></span> <span class='ocrx_word' id='word_1_424' title='bbox 1899 4218 1951 4282; x_wconf 91' lang='lat' dir='ltr'>D</span> <span class='ocrx_word' id='word_1_425' title='bbox 1980 4217 2214 4291; x_wconf 90' lang='lat' dir='ltr'><strong>situd0,</strong></span> <span class='ocrx_word' id='word_1_426' title='bbox 2279 4217 2598 4298; x_wconf 65' lang='lat' dir='ltr'><strong>majesta-3,</strong></span> <span class='ocrx_word' id='word_1_427' title='bbox 2659 4217 2876 4280; x_wconf 90' lang='lat' dir='ltr'><strong>omnia</strong></span> <span class='ocrx_word' id='word_1_428' title='bbox 2933 4216 3098 4281; x_wconf 89' lang='lat' dir='ltr'><strong>intra</strong></span> <span class='ocrx_word' id='word_1_429' title='bbox 3153 4235 3221 4280; x_wconf 91' lang='lat' dir='ltr'><strong>se</strong></span> <span class='ocrx_word' id='word_1_430' title='bbox 3280 4218 3479 4283; x_wconf 89' lang='lat' dir='ltr'><strong>conti·</strong></span> 
     </span>
    </p>
   </div>
   <div class='ocr_carea' id='block_1_21' title="bbox 366 4314 1875 5374">
    <p class='ocr_par' dir='ltr' id='par_1_21' title="bbox 366 4314 1875 5374">
     <span class='ocr_line' id='line_1_72' title="bbox 368 4314 1875 4396; baseline -0.003 -14"><span class='ocrx_word' id='word_1_431' title='bbox 368 4317 538 4382; x_wconf 89' lang='lat' dir='ltr'><strong>libro</strong></span> <span class='ocrx_word' id='word_1_432' title='bbox 576 4315 878 4379; x_wconf 90' lang='lat' dir='ltr'><strong>secundo.</strong></span> <span class='ocrx_word' id='word_1_433' title='bbox 921 4314 1231 4377; x_wconf 86' lang='lat' dir='ltr'><strong>Henricus</strong></span> <span class='ocrx_word' id='word_1_434' title='bbox 1269 4331 1524 4396; x_wconf 91' lang='lat' dir='ltr'><strong>quoque</strong></span> <span class='ocrx_word' id='word_1_435' title='bbox 1563 4315 1629 4376; x_wconf 91' lang='lat' dir='ltr'><strong>in</strong></span> <span class='ocrx_word' id='word_1_436' title='bbox 1669 4315 1875 4389; x_wconf 89' lang='lat' dir='ltr'><strong>Quod-</strong></span> 
     </span>
     <span class='ocr_line' id='line_1_73' title="bbox 368 4411 1873 4496; baseline -0.003 -16"><span class='ocrx_word' id='word_1_437' title='bbox 368 4415 589 4480; x_wconf 87' lang='lat' dir='ltr'><strong>libetis</strong></span> <span class='ocrx_word' id='word_1_438' title='bbox 636 4413 823 4476; x_wconf 83' lang='lat' dir='ltr'><strong>valde</strong></span> <span class='ocrx_word' id='word_1_439' title='bbox 882 4411 945 4475; x_wconf 93' lang='lat' dir='ltr'><strong>id</strong></span> <span class='ocrx_word' id='word_1_440' title='bbox 1003 4411 1355 4495; x_wconf 84' lang='lat' dir='ltr'><strong>approbat3</strong></span> <span class='ocrx_word' id='word_1_441' title='bbox 1404 4413 1873 4496; x_wconf 90' lang='lat' dir='ltr'><strong>concordatque</strong></span> 
     </span>
     <span class='ocr_line' id='line_1_74' title="bbox 366 4513 1875 4584; baseline -0.003 0"><span class='ocrx_word' id='word_1_442' title='bbox 366 4517 585 4584; x_wconf 83' lang='lat' dir='ltr'><strong>verbis</strong></span> <span class='ocrx_word' id='word_1_443' title='bbox 628 4516 689 4580; x_wconf 90' lang='lat' dir='ltr'><strong>S.</strong></span> <span class='ocrx_word' id='word_1_444' title='bbox 733 4514 1053 4580; x_wconf 87' lang='lat' dir='ltr'><strong>Ambrosii</strong></span> <span class='ocrx_word' id='word_1_445' title='bbox 1100 4515 1167 4577; x_wconf 92' lang='lat' dir='ltr'><strong>in</strong></span> <span class='ocrx_word' id='word_1_446' title='bbox 1208 4513 1636 4578; x_wconf 86' lang='lat' dir='ltr'><strong>Hexaemeron</strong></span> <span class='ocrx_word' id='word_1_447' title='bbox 1680 4515 1875 4580; x_wconf 87' lang='lat' dir='ltr'><strong>disse-</strong></span> 
     </span>
     <span class='ocr_line' id='line_1_75' title="bbox 368 4611 1871 4696; baseline -0.003 -15"><span class='ocrx_word' id='word_1_448' title='bbox 368 4616 573 4681; x_wconf 86' lang='lat' dir='ltr'><strong>rentis</strong></span> <span class='ocrx_word' id='word_1_449' title='bbox 635 4633 649 4676; x_wconf 93' lang='lat'>:</span> <span class='ocrx_word' id='word_1_450' title='bbox 712 4613 845 4696; x_wconf 83' lang='lat' dir='ltr'><strong>Ego</strong></span> <span class='ocrx_word' id='word_1_451' title='bbox 899 4613 1012 4694; x_wconf 88' lang='lat' dir='ltr'><strong>qui</strong></span> <span class='ocrx_word' id='word_1_452' title='bbox 1072 4611 1463 4694; x_wconf 71' lang='lat' dir='ltr'><strong>profundum</strong></span> <span class='ocrx_word' id='word_1_453' title='bbox 1524 4611 1871 4693; x_wconf 87' lang='lat' dir='ltr'><strong>majestatis</strong></span> 
     </span>
     <span class='ocr_line' id='line_1_76' title="bbox 368 4710 1871 4795; baseline -0.003 -16"><span class='ocrx_word' id='word_1_454' title='bbox 368 4711 1043 4795; x_wconf 87' lang='lat' dir='ltr'><strong>Dei,exemplarisque</strong></span> <span class='ocrx_word' id='word_1_455' title='bbox 1072 4710 1223 4774; x_wconf 87' lang='lat' dir='ltr'><strong>artis</strong></span> <span class='ocrx_word' id='word_1_456' title='bbox 1254 4710 1397 4791; x_wconf 90' lang='lat' dir='ltr'><strong>ejus</strong></span> <span class='ocrx_word' id='word_1_457' title='bbox 1428 4710 1871 4775; x_wconf 90' lang='lat' dir='ltr'><strong>excellentiam</strong></span> 
     </span>
     <span class='ocr_line' id='line_1_77' title="bbox 369 4810 1873 4896; baseline -0.003 -18"><span class='ocrx_word' id='word_1_458' title='bbox 369 4810 917 4896; x_wconf 87' lang='lat' dir='ltr'><strong>comprehendere</strong></span> <span class='ocrx_word' id='word_1_459' title='bbox 975 4827 1245 4892; x_wconf 61' lang='lat' dir='ltr'><strong>nequem</strong></span> <span class='ocrx_word' id='word_1_460' title='bbox 1306 4826 1433 4873; x_wconf 90' lang='lat' dir='ltr'><strong>non</strong></span> <span class='ocrx_word' id='word_1_461' title='bbox 1493 4828 1595 4873; x_wconf 89' lang='lat' dir='ltr'><strong>me</strong></span> <span class='ocrx_word' id='word_1_462' title='bbox 1660 4811 1873 4893; x_wconf 88' lang='lat' dir='ltr'><strong>dispu-</strong></span> 
     </span>
     <span class='ocr_line' id='line_1_78' title="bbox 366 4907 1874 4990; baseline -0.003 -13"><span class='ocrx_word' id='word_1_463' title='bbox 366 4911 617 4976; x_wconf 79' lang='lat' dir='ltr'><strong>tatoriis</strong></span> <span class='ocrx_word' id='word_1_464' title='bbox 662 4908 1063 4972; x_wconf 84' lang='lat' dir='ltr'><strong>libramentis</strong></span> <span class='ocrx_word' id='word_1_465' title='bbox 1101 4907 1435 4970; x_wconf 90' lang='lat' dir='ltr'><strong>committo</strong></span> <span class='ocrx_word' id='word_1_466' title='bbox 1470 4914 1659 4990; x_wconf 90' lang='lat' dir='ltr'><strong>atque</strong></span> <span class='ocrx_word' id='word_1_467' title='bbox 1700 4927 1874 4972; x_wconf 91' lang='lat' dir='ltr'><strong>men-</strong></span> 
     </span>
     <span class='ocr_line' id='line_1_79' title="bbox 368 5005 1874 5088; baseline -0.003 -13"><span class='ocrx_word' id='word_1_468' title='bbox 368 5009 563 5082; x_wconf 81' lang='lat' dir='ltr'><strong>suris,</strong></span> <span class='ocrx_word' id='word_1_469' title='bbox 596 5007 707 5070; x_wconf 90' lang='lat' dir='ltr'><strong>sed</strong></span> <span class='ocrx_word' id='word_1_470' title='bbox 752 5006 971 5070; x_wconf 89' lang='lat' dir='ltr'><strong>omnia</strong></span> <span class='ocrx_word' id='word_1_471' title='bbox 1014 5006 1079 5070; x_wconf 91' lang='lat' dir='ltr'><strong>in</strong></span> <span class='ocrx_word' id='word_1_472' title='bbox 1124 5005 1265 5086; x_wconf 91' lang='lat' dir='ltr'><strong>ejus</strong></span> <span class='ocrx_word' id='word_1_473' title='bbox 1309 5005 1586 5088; x_wconf 90' lang='lat' dir='ltr'><strong>reposita</strong></span> <span class='ocrx_word' id='word_1_474' title='bbox 1626 5007 1874 5071; x_wconf 80' lang='lat' dir='ltr'><strong>aestimo</strong></span> 
     </span>
     <span class='ocr_line' id='line_1_80' title="bbox 368 5103 1873 5192; baseline -0.002 -21"><span class='ocrx_word' id='word_1_475' title='bbox 368 5113 703 5192; x_wconf 83' lang='lat' dir='ltr'><strong>potestate,</strong></span> <span class='ocrx_word' id='word_1_476' title='bbox 750 5104 845 5167; x_wconf 88' lang='lat' dir='ltr'><strong>sic</strong></span> <span class='ocrx_word' id='word_1_477' title='bbox 895 5103 1069 5186; x_wconf 89' lang='lat' dir='ltr'><strong>quod</strong></span> <span class='ocrx_word' id='word_1_478' title='bbox 1109 5104 1405 5167; x_wconf 83' lang='lat' dir='ltr'><strong>voluntas</strong></span> <span class='ocrx_word' id='word_1_479' title='bbox 1462 5103 1605 5185; x_wconf 89' lang='lat' dir='ltr'><strong>ejus</strong></span> <span class='ocrx_word' id='word_1_480' title='bbox 1652 5104 1873 5169; x_wconf 80' lang='lat' dir='ltr'><strong>funda-</strong></span> 
     </span>
     <span class='ocr_line' id='line_1_81' title="bbox 367 5203 1871 5285; baseline -0.003 -13"><span class='ocrx_word' id='word_1_481' title='bbox 367 5213 665 5272; x_wconf 86' lang='lat' dir='ltr'><strong>mentum</strong></span> <span class='ocrx_word' id='word_1_482' title='bbox 708 5205 793 5266; x_wconf 91' lang='lat' dir='ltr'><strong>sit</strong></span> <span class='ocrx_word' id='word_1_483' title='bbox 836 5203 1305 5278; x_wconf 86' lang='lat' dir='ltr'><strong>universorum,</strong></span> <span class='ocrx_word' id='word_1_484' title='bbox 1342 5211 1405 5266; x_wconf 90' lang='lat' dir='ltr'><strong>et</strong></span> <span class='ocrx_word' id='word_1_485' title='bbox 1436 5211 1698 5285; x_wconf 86' lang='lat' dir='ltr'><strong>propter</strong></span> <span class='ocrx_word' id='word_1_486' title='bbox 1730 5221 1871 5267; x_wconf 87' lang='lat' dir='ltr'><strong>eam</strong></span> 
     </span>
     <span class='ocr_line' id='line_1_82' title="bbox 368 5299 1872 5374; baseline -0.005 -3"><span class='ocrx_word' id='word_1_487' title='bbox 368 5303 653 5370; x_wconf 88' lang='lat' dir='ltr'><strong>mundus</strong></span> <span class='ocrx_word' id='word_1_488' title='bbox 694 5301 801 5364; x_wconf 87' lang='lat' dir='ltr'><strong>hic</strong></span> <span class='ocrx_word' id='word_1_489' title='bbox 848 5307 1115 5364; x_wconf 86' lang='lat' dir='ltr'><strong>maneat.</strong></span> <span class='ocrx_word' id='word_1_490' title='bbox 1149 5299 1282 5374; x_wconf 89' lang='lat' dir='ltr'><strong>Quo</strong></span> <span class='ocrx_word' id='word_1_491' title='bbox 1310 5307 1555 5364; x_wconf 88' lang='lat' dir='ltr'><strong>constat</strong></span> <span class='ocrx_word' id='word_1_492' title='bbox 1583 5301 1703 5364; x_wconf 92' lang='lat' dir='ltr'><strong>hoc</strong></span> <span class='ocrx_word' id='word_1_493' title='bbox 1734 5301 1872 5364; x_wconf 91' lang='lat' dir='ltr'><strong>uni-</strong></span> 
     </span>
    </p>
   </div>
   <div class='ocr_carea' id='block_1_22' title="bbox 620 5436 803 5491">
    <p class='ocr_par' dir='ltr' id='par_1_22' title="bbox 620 5436 803 5491">
     <span class='ocr_line' id='line_1_83' title="bbox 620 5436 803 5491; baseline -0.027 0"><span class='ocrx_word' id='word_1_494' title='bbox 620 5436 685 5491; x_wconf 87' lang='grc' dir='ltr'><strong>Τ.</strong></span> <span class='ocrx_word' id='word_1_495' title='bbox 722 5436 803 5487; x_wconf 73' lang='grc'><strong>33.</strong></span> 
     </span>
    </p>
   </div>
   <div class='ocr_carea' id='block_1_23' title="bbox 1981 4314 3486 5375">
    <p class='ocr_par' dir='ltr' id='par_1_23' title="bbox 1981 4314 3486 5375">
     <span class='ocr_line' id='line_1_84' title="bbox 1981 4314 3482 4399; baseline 0.002 -20"><span class='ocrx_word' id='word_1_496' title='bbox 1981 4335 2163 4390; x_wconf 89' lang='lat' dir='ltr'><strong>nens,</strong></span> <span class='ocrx_word' id='word_1_497' title='bbox 2193 4314 2487 4379; x_wconf 88' lang='lat' dir='ltr'><strong>ambiens</strong></span> <span class='ocrx_word' id='word_1_498' title='bbox 2525 4322 2590 4378; x_wconf 93' lang='lat' dir='ltr'><strong>et</strong></span> <span class='ocrx_word' id='word_1_499' title='bbox 2626 4315 3081 4379; x_wconf 87' lang='lat' dir='ltr'><strong>transcendens</strong></span> <span class='ocrx_word' id='word_1_500' title='bbox 3119 4333 3133 4380; x_wconf 74' lang='grc' dir='ltr'>ε</span> <span class='ocrx_word' id='word_1_501' title='bbox 3176 4317 3252 4379; x_wconf 88' lang='lat' dir='ltr'><strong>ad</strong></span> <span class='ocrx_word' id='word_1_502' title='bbox 3293 4317 3482 4399; x_wconf 87' lang='lat' dir='ltr'><strong>cujus</strong></span> 
     </span>
     <span class='ocr_line' id='line_1_85' title="bbox 1982 4413 3484 4497; baseline 0.003 -21"><span class='ocrx_word' id='word_1_503' title='bbox 1982 4413 2220 4476; x_wconf 92' lang='lat' dir='ltr'><strong>claram</strong></span> <span class='ocrx_word' id='word_1_504' title='bbox 2281 4413 2885 4496; x_wconf 89' lang='lat' dir='ltr'><strong>contemplationem</strong></span> <span class='ocrx_word' id='word_1_505' title='bbox 2955 4421 3173 4497; x_wconf 87' lang='lat' dir='ltr'><strong>raptus</strong></span> <span class='ocrx_word' id='word_1_506' title='bbox 3241 4416 3484 4480; x_wconf 89' lang='lat' dir='ltr'><strong>exstitit</strong></span> 
     </span>
     <span class='ocr_line' id='line_1_86' title="bbox 1982 4511 3482 4596; baseline 0.001 -20"><span class='ocrx_word' id='word_1_507' title='bbox 1982 4512 2212 4576; x_wconf 86' lang='lat' dir='ltr'><strong>Paulus</strong></span> <span class='ocrx_word' id='word_1_508' title='bbox 2241 4511 2586 4594; x_wconf 86' lang='lat' dir='ltr'><strong>apostolus.</strong></span> <span class='ocrx_word' id='word_1_509' title='bbox 2619 4511 2755 4587; x_wconf 87' lang='lat' dir='ltr'><strong>Vel,</strong></span> <span class='ocrx_word' id='word_1_510' title='bbox 2788 4511 3071 4596; x_wconf 90' lang='lat' dir='ltr'><strong>primum</strong></span> <span class='ocrx_word' id='word_1_511' title='bbox 3111 4521 3208 4575; x_wconf 91' lang='lat' dir='ltr'><strong>est</strong></span> <span class='ocrx_word' id='word_1_512' title='bbox 3247 4515 3482 4578; x_wconf 87' lang='lat' dir='ltr'><strong>coelum</strong></span> 
     </span>
     <span class='ocr_line' id='line_1_87' title="bbox 1986 4610 3480 4694; baseline 0.001 -20"><span class='ocrx_word' id='word_1_513' title='bbox 1986 4611 2312 4675; x_wconf 89' lang='lat' dir='ltr'><strong>materiale</strong></span> <span class='ocrx_word' id='word_1_514' title='bbox 2336 4628 2354 4690; x_wconf 92' lang='lat'>;</span> <span class='ocrx_word' id='word_1_515' title='bbox 2386 4612 2764 4686; x_wconf 89' lang='lat' dir='ltr'><strong>secundum,</strong></span> <span class='ocrx_word' id='word_1_516' title='bbox 2797 4610 3165 4694; x_wconf 86' lang='lat' dir='ltr'><strong>spirituale3</strong></span> <span class='ocrx_word' id='word_1_517' title='bbox 3197 4613 3480 4689; x_wconf 87' lang='lat' dir='ltr'><strong>tertium,</strong></span> 
     </span>
     <span class='ocr_line' id='line_1_88' title="bbox 1985 4709 3485 4792; baseline 0.003 -20"><span class='ocrx_word' id='word_1_518' title='bbox 1985 4709 2536 4792; x_wconf 87' lang='lat' dir='ltr'><strong>superessentiale.</strong></span> <span class='ocrx_word' id='word_1_519' title='bbox 2571 4709 2697 4772; x_wconf 87' lang='lat' dir='ltr'><strong>Alii</strong></span> <span class='ocrx_word' id='word_1_520' title='bbox 2741 4709 2965 4772; x_wconf 90' lang='lat' dir='ltr'><strong>dicunt</strong></span> <span class='ocrx_word' id='word_1_521' title='bbox 3008 4716 3135 4774; x_wconf 88' lang='lat' dir='ltr'><strong>tres</strong></span> <span class='ocrx_word' id='word_1_522' title='bbox 3178 4729 3317 4774; x_wconf 88' lang='lat' dir='ltr'><strong>esse</strong></span> <span class='ocrx_word' id='word_1_523' title='bbox 3360 4729 3485 4776; x_wconf 86' lang='lat' dir='ltr'><strong>coe-</strong></span> 
     </span>
     <span class='ocr_line' id='line_1_89' title="bbox 1986 4807 3480 4891; baseline 0 -19"><span class='ocrx_word' id='word_1_524' title='bbox 1986 4809 2077 4872; x_wconf 89' lang='lat' dir='ltr'><strong>los</strong></span> <span class='ocrx_word' id='word_1_525' title='bbox 2125 4807 2537 4891; x_wconf 81' lang='lat' dir='ltr'><strong>principaleS,</strong></span> <span class='ocrx_word' id='word_1_526' title='bbox 2589 4815 2742 4890; x_wconf 91' lang='lat' dir='ltr'><strong>puta</strong></span> <span class='ocrx_word' id='word_1_527' title='bbox 2789 4825 2804 4869; x_wconf 74' lang='grc' dir='ltr'><em>τ</em></span> <span class='ocrx_word' id='word_1_528' title='bbox 2853 4808 3086 4872; x_wconf 86' lang='lat' dir='ltr'><strong>coelum</strong></span> <span class='ocrx_word' id='word_1_529' title='bbox 3136 4808 3480 4885; x_wconf 88' lang='lat' dir='ltr'><strong>stellatum,</strong></span> 
     </span>
     <span class='ocr_line' id='line_1_90' title="bbox 1982 4904 3486 4990; baseline 0.001 -21"><span class='ocrx_word' id='word_1_530' title='bbox 1982 4907 2154 4989; x_wconf 90' lang='lat' dir='ltr'><strong>quod</strong></span> <span class='ocrx_word' id='word_1_531' title='bbox 2181 4906 2418 4969; x_wconf 91' lang='lat' dir='ltr'><strong>dicitur</strong></span> <span class='ocrx_word' id='word_1_532' title='bbox 2439 4904 2916 4969; x_wconf 76' lang='lat' dir='ltr'><strong>firmamentum</strong></span> <span class='ocrx_word' id='word_1_533' title='bbox 2935 4922 2951 4984; x_wconf 92' lang='lat'>;</span> <span class='ocrx_word' id='word_1_534' title='bbox 2968 4907 3204 4970; x_wconf 87' lang='lat' dir='ltr'><strong>coelum</strong></span> <span class='ocrx_word' id='word_1_535' title='bbox 3233 4908 3486 4990; x_wconf 80' lang='lat' dir='ltr'><strong>crystal-</strong></span> 
     </span>
     <span class='ocr_line' id='line_1_91' title="bbox 1986 5003 3485 5088; baseline 0.003 -22"><span class='ocrx_word' id='word_1_536' title='bbox 1986 5005 2188 5067; x_wconf 87' lang='lat' dir='ltr'><strong>linum</strong></span> <span class='ocrx_word' id='word_1_537' title='bbox 2231 5023 2343 5067; x_wconf 92' lang='lat' dir='ltr'><strong>seu</strong></span> <span class='ocrx_word' id='word_1_538' title='bbox 2381 5022 2682 5087; x_wconf 88' lang='lat' dir='ltr'><strong>aqueum,</strong></span> <span class='ocrx_word' id='word_1_539' title='bbox 2714 5003 2887 5087; x_wconf 90' lang='lat' dir='ltr'><strong>quod</strong></span> <span class='ocrx_word' id='word_1_540' title='bbox 2925 5010 2990 5066; x_wconf 91' lang='lat' dir='ltr'><strong>et</strong></span> <span class='ocrx_word' id='word_1_541' title='bbox 3027 5021 3194 5067; x_wconf 92' lang='lat' dir='ltr'><strong>nona</strong></span> <span class='ocrx_word' id='word_1_542' title='bbox 3237 5007 3485 5088; x_wconf 78' lang='lat' dir='ltr'><strong>sphaera</strong></span> 
     </span>
     <span class='ocr_line' id='line_1_92' title="bbox 1988 5102 3478 5186; baseline 0.002 -21"><span class='ocrx_word' id='word_1_543' title='bbox 1988 5111 2290 5183; x_wconf 84' lang='lat' dir='ltr'><strong>vocatur3</strong></span> <span class='ocrx_word' id='word_1_544' title='bbox 2343 5104 2752 5185; x_wconf 90' lang='lat' dir='ltr'><strong>primumque</strong></span> <span class='ocrx_word' id='word_1_545' title='bbox 2811 5102 3067 5165; x_wconf 88' lang='lat' dir='ltr'><strong>mobile.</strong></span> <span class='ocrx_word' id='word_1_546' title='bbox 3117 5102 3330 5186; x_wconf 88' lang='lat' dir='ltr'><strong>Aliqui</strong></span> <span class='ocrx_word' id='word_1_547' title='bbox 3389 5113 3478 5168; x_wconf 87' lang='lat' dir='ltr'><strong>ta·</strong></span> 
     </span>
     <span class='ocr_line' id='line_1_93' title="bbox 1990 5201 3484 5284; baseline 0.001 -18"><span class='ocrx_word' id='word_1_548' title='bbox 1990 5221 2135 5266; x_wconf 89' lang='lat' dir='ltr'><strong>men</strong></span> <span class='ocrx_word' id='word_1_549' title='bbox 2167 5203 2509 5284; x_wconf 90' lang='lat' dir='ltr'><strong>opinantur</strong></span> <span class='ocrx_word' id='word_1_550' title='bbox 2546 5220 2739 5284; x_wconf 88' lang='lat' dir='ltr'><strong>super</strong></span> <span class='ocrx_word' id='word_1_551' title='bbox 2767 5202 2887 5264; x_wconf 90' lang='lat' dir='ltr'><strong>hoc</strong></span> <span class='ocrx_word' id='word_1_552' title='bbox 2928 5201 3162 5266; x_wconf 88' lang='lat' dir='ltr'><strong>coelum</strong></span> <span class='ocrx_word' id='word_1_553' title='bbox 3201 5220 3342 5266; x_wconf 90' lang='lat' dir='ltr'><strong>esse</strong></span> <span class='ocrx_word' id='word_1_554' title='bbox 3379 5205 3484 5268; x_wconf 90' lang='lat' dir='ltr'><strong>ad-</strong></span> 
     </span>
     <span class='ocr_line' id='line_1_94' title="bbox 1983 5299 3482 5375; baseline 0.004 -12"><span class='ocrx_word' id='word_1_555' title='bbox 1983 5301 2110 5364; x_wconf 90' lang='lat' dir='ltr'><strong>huc</strong></span> <span class='ocrx_word' id='word_1_556' title='bbox 2155 5319 2358 5363; x_wconf 89' lang='lat' dir='ltr'><strong>unum</strong></span> <span class='ocrx_word' id='word_1_557' title='bbox 2405 5299 2643 5362; x_wconf 91' lang='lat' dir='ltr'><strong>mobile</strong></span> <span class='ocrx_word' id='word_1_558' title='bbox 2686 5299 2943 5375; x_wconf 88' lang='lat' dir='ltr'><strong>coelum‚</strong></span> <span class='ocrx_word' id='word_1_559' title='bbox 2976 5307 3041 5363; x_wconf 90' lang='lat' dir='ltr'><strong>et</strong></span> <span class='ocrx_word' id='word_1_560' title='bbox 3077 5319 3218 5365; x_wconf 89' lang='lat' dir='ltr'><strong>esse</strong></span> <span class='ocrx_word' id='word_1_561' title='bbox 3260 5303 3482 5369; x_wconf 88' lang='lat' dir='ltr'><strong>decem</strong></span> 
     </span>
    </p>
   </div>
   <div class='ocr_carea' id='block_1_24' title="bbox 3161 5439 3216 5488">
    <p class='ocr_par' dir='ltr' id='par_1_24' title="bbox 3161 5439 3216 5488">
     <span class='ocr_line' id='line_1_95' title="bbox 3161 5439 3216 5488; baseline 0 0"><span class='ocrx_word' id='word_1_562' title='bbox 3161 5439 3216 5488; x_wconf 83' lang='lat'><strong>11</strong></span> 
     </span>
    </p>
   </div>
  </div>
 </body>
</html>
