4300 6259
640 522 1062 571 anu'rarlo
1102 524 1560 573 Pultosormca.
1607 541 1688 553 —
1731 523 1809 570 DE
1851 522 2286 569 SUBSTANTIALI
2328 521 2645 568 conpotum
2686 520 3123 568 compostum-(13
3348 496 3429 566 39

331 692 633 757 Omnium
675 695 922 779 quippe
963 714 1180 759 rerum
1224 714 1366 777 quae
1414 693 1828 777 corporaliter
1855 692 1908 756 A
1940 693 2109 776 quod
2160 692 2365 756 forma
2420 690 2879 765 substantialiS,
2934 690 3103 752 sicut
3149 697 3215 752 et
3271 687 3432 751 acci-

329 791 800 876 visibiliterque
839 801 1212 867 nascuntur,
1253 794 1502 857 occulta
1535 793 1825 875 quaedam

329 892 576 955 semina
625 892 689 955 in
741 893 935 974 hujus
986 892 1210 955 mundi
1259 892 1582 975 corporeis
1632 891 1828 953 latent

330 988 690 1053 elementis.
742 990 884 1073 lpse
932 1009 1210 1073 namque
1259 990 1514 1055 Creator
1574 989 1825 1052 univer-

331 1105 572 1163 sorum,
639 1090 933 1153 conditor
988 1096 1086 1151 est
1145 1088 1570 1152 invisibilium
1637 1088 1826 1150 semi-

331 1204 488 1247 num
522 1202 536 1247 :
577 1186 730 1268 quia
771 1206 1192 1271 quaecumque
1237 1188 1555 1251 nascendo
1597 1187 1675 1251 ad
1717 1204 1826 1249 no-

331 1292 494 1347 stros
554 1284 870 1366 prodeunt
926 1286 1166 1360 oculoS,
1227 1304 1304 1349 ex
1361 1286 1632 1348 occultis
1698 1284 1826 1347 illis

331 1382 689 1446 seminibus
743 1391 1010 1447 sumunt
1068 1384 1512 1466 progrediendi
1563 1384 1830 1466 primor-

331 1480 458 1554 dia,
499 1500 572 1544 ac
622 1481 852 1547 debitae
901 1482 1360 1563 magnitudinis
1409 1482 1824 1555 incrementa,

330 1586 396 1641 et
443 1578 794 1661 figurarum
853 1580 1314 1644 distinctiones.
1365 1580 1524 1643 Hinc
1583 1581 1827 1643 innote-

331 1678 474 1751 scit,
505 1678 676 1760 quod
707 1679 982 1742 rationes
1013 1680 1110 1743 hae
1139 1678 1482 1743 seminales
1520 1686 1670 1741 sunt
1705 1680 1830 1741 ori-

329 1776 574 1857 ginales
617 1777 900 1859 itemque
939 1778 1224 1841 causales
1265 1797 1480 1841 rerum
1521 1778 1764 1840 radices
1809 1794 1824 1839 :

1935 791 2229 864 dentaliS,
2269 790 2499 873 recipit
2539 790 2739 871 magis
2778 797 2844 853 et
2882 790 3113 851 minus.
3147 787 3275 851 Nec
3315 787 3435 849 ista

1936 891 2169 974 positio
2212 890 2402 953 distat
2442 890 2523 952 ab
2562 890 2951 970 Anaxagora,
2996 889 3075 951 de
3119 904 3247 969 quo
3292 903 3436 949 con-

1936 997 2060 1053 stat
2105 990 2277 1071 quod
2328 1006 2455 1051 non
2506 989 2667 1051 dixit
2714 1006 2938 1051 omnes
2997 986 3233 1049 formas
3292 985 3438 1047 suh·

1937 1088 2265 1151 stantiales
2296 1106 2476 1169 aeque
2504 1087 2821 1169 complete
2862 1087 3071 1149 inesse
3104 1084 3383 1148 materiae
3418 1100 3431 1145 :

1938 1186 2068 1248 imo
2116 1187 2311 1249 etiam
2363 1186 2588 1248 incidit
2647 1187 2711 1247 in
2759 1186 3123 1268 Pythagoraa
3172 1183 3434 1267 phanta-

1937 1284 2120 1357 siam,
2155 1284 2264 1367 qui
2300 1283 2765 1365 imaginabatur
2805 1283 3075 1347 formam
3117 1282 3275 1363 ligni
3304 1288 3435 1343 tam

1940 1381 2285 1463 perfectam
2330 1402 2522 1464 quam
2563 1381 2834 1444 formam
2876 1380 3098 1454 leoniS,
3139 1380 3251 1442 sed
3291 1396 3437 1461 pro-

1939 1488 2080 1563 pter
2147 1481 2429 1544 materiae
2499 1480 3077 1563 indispositionem,
3138 1496 3436 1541 exercere

1937 1598 2062 1642 non
2115 1596 2303 1661 posse
2354 1580 2417 1642 in
2470 1580 2644 1660 ligno
2692 1578 3127 1660 operationem
3174 1576 3433 1639 vitalem

1937 1684 2197 1759 tamque
2238 1677 2681 1749 excellentem,
2716 1683 2786 1739 ut
2826 1676 2891 1738 in
2934 1676 3135 1739 leonis
3174 1691 3438 1757 corpore

1939 1775 2195 1839 faceret.
2242 1776 2511 1857 Insuper
2550 1775 2773 1838 formae
2818 1774 3152 1836 brutorum
3199 1791 3277 1835 ex
3328 1791 3444 1835 sua

330 1882 394 1936 et
425 1875 514 1937 ita
542 1882 824 1957 apparet,
857 1877 1028 1959 quod
1060 1878 1188 1939 sint
1215 1876 1434 1940 formae
1467 1876 1530 1937 in
1564 1876 1827 1938 materia
1854 1870 1903 1934 B
1939 1882 2166 1936 natura
2209 1873 2433 1936 vitales
2478 1880 2648 1947 sunt,
2698 1880 2763 1935 et
2814 1871 3208 1953 ubicumque
3261 1870 3442 1932 reali-

332 1972 664 2048 inchoatae,
698 1993 898 2055 quum
931 1975 1022 2037 nil
1051 1975 1226 2038 aliud
1265 1982 1562 2037 cernatur
1601 1974 1665 2036 in
1699 1994 1826 2037 ma-

331 2071 494 2134 teria
523 2072 906 2152 assignabile
945 2074 1110 2155 quod
1152 2074 1234 2136 sit
1273 2073 1560 2135 omnium
1605 2072 1824 2135 horum

331 2171 736 2233 nascentium
793 2179 918 2234 tam
971 2171 1289 2245 radicalis,
1342 2172 1828 2235 coelementaris

331 2276 524 2351 atque
568 2268 912 2332 intrinseca
955 2288 1162 2333 causa.

413 2366 865 2430 Verumtamen
907 2368 1056 2430 huic
1095 2368 1383 2451 opinioni
1430 2368 1628 2430 multa
1667 2367 1825 2449 obji-

334 2464 610 2526 ciuntur.
661 2464 725 2527 Si
779 2465 950 2527 enim
997 2465 1062 2527 in
1107 2465 1374 2529 materia
1419 2473 1692 2547 ponatur
1741 2465 1826 2528 in·

334 2562 585 2625 choatio
649 2562 770 2624 ista
835 2560 1210 2637 formarum,
1271 2564 1392 2627 rite
1462 2563 1828 2645 inquiritur,

333 2667 550 2722 utrum
593 2678 708 2742 per
750 2660 1098 2723 formarum
1141 2661 1609 2725 inchoationem
1651 2662 1832 2725 intel-

334 2757 604 2839 ligendae
633 2759 760 2821 sint
802 2759 1090 2843 ipsaemet
1127 2760 1346 2823 formae
1387 2760 1715 2834 inchoatae,
1749 2779 1828 2822 an

331 2856 508 2918 aliud
542 2873 556 2918 ε
590 2856 644 2918 si
686 2856 974 2939 ipsaemet
1015 2857 1256 2931 formae,
1291 2860 1708 2940 quaerendum
1747 2877 1828 2920 an

333 2953 541 3017 forma
576 2956 669 3017 sic
709 2954 1002 3019 inchoata
1039 2956 1124 3017 sit
1162 2956 1418 3019 realiter
1459 2957 1596 3038 ipsa
1629 2956 1832 3018 forma

1939 1980 2035 2034 ter
2073 1972 2627 2053 essentialiterque
2657 1971 3036 2044 consistunt,
3068 1968 3326 2031 realiter
3352 1968 3443 2029 vi-

1940 2077 2138 2149 vunt;
2181 2088 2299 2132 nec
2348 2078 2613 2152 possunt
2656 2070 2912 2132 realiter
2956 2086 3333 2152 permanere
3377 2068 3443 2129 in

1940 2168 2315 2250 corporibus
2376 2168 2438 2229 in
2498 2167 2735 2249 quibus
2783 2166 3061 2250 amplius
3116 2170 3445 2248 nequeunt

1939 2266 2188 2348 operari
2236 2267 2432 2347 (quod
2480 2273 2725 2328 certum
2770 2274 2867 2328 est
2915 2284 3053 2329 esse
3102 2264 3179 2326 de
3230 2270 3443 2326 mente

1939 2364 2337 2446 Philosophi)
2374 2380 2389 2425 ε
2433 2364 2671 2445 alioqui
2706 2363 3098 2426 immortales
3140 2360 3443 2425 consiste-

1941 2470 2100 2525 rent.
2167 2463 2230 2525 Si
2292 2480 2442 2543 ergo
2499 2462 2729 2524 animae
2799 2460 3097 2523 mortales
3162 2466 3312 2522 sunt
3377 2458 3441 2519 in

1943 2560 2211 2623 materia
2269 2560 2600 2633 inchoatae,
2654 2560 2944 2642 sequitur
2999 2557 3169 2641 quod
3226 2558 3291 2619 in
3348 2574 3446 2618 ea-

1942 2660 2086 2721 dem
2149 2666 2328 2741 parte
2388 2658 2667 2721 materiae
2725 2676 2866 2740 quae
2927 2655 3288 2719 successive
3346 2672 3447 2716 ca-

1941 2776 2063 2840 pax
2119 2764 2216 2819 est
2270 2756 2559 2819 omnium
2622 2756 2981 2817 animarum
3043 2771 3155 2816 seu
3214 2752 3444 2814 forma-

1942 2875 2082 2917 rum
2127 2856 2403 2927 illarum,
2446 2854 2642 2917 semel
2682 2854 2808 2915 sint
2856 2853 3169 2914 universae
3212 2850 3444 2913 animae

1942 2954 2066 3017 illae
2096 2956 2290 3017 etiam
2322 2954 2481 3015 vivae
2504 2971 2519 3030 ;
2546 2952 2769 3034 sicque
2801 2952 2866 3014 in
2900 2950 3121 3013 eadem
3155 2949 3443 3031 portione

331 3072 476 3135 quae
524 3052 852 3127 educetur,
899 3054 986 3116 ita
1033 3055 1204 3137 quod
1250 3054 1472 3118 formae
1522 3054 1829 3117 inchoatae
1863 3049 1906 3113 C
1943 3054 2223 3116 materiae
2254 3051 2445 3114 simul
2479 3051 2733 3113 realiter
2762 3056 2911 3112 sunt
2940 3047 3443 3111 innumerabiles

333 3158 398 3213 ct
436 3149 658 3215 formae
701 3152 1046 3215 educendae
1090 3152 1218 3215 sint
1257 3169 1528 3215 numero
1569 3172 1695 3215 una
1732 3171 1832 3214 ea·

334 3248 611 3330 demque
668 3249 964 3312 essentia.
1019 3249 1081 3311 Si
1131 3250 1247 3323 sic,
1301 3248 1504 3312 forma
1555 3248 1664 3311 illa
1711 3248 1832 3311 erit

333 3347 598 3409 omnino
643 3347 724 3410 ab
772 3347 960 3421 intra,
1006 3355 1070 3410 et
1116 3356 1246 3410 tota
1293 3348 1550 3430 praefuit
1594 3348 1659 3409 in
1707 3366 1832 3409 ma-

335 3443 516 3518 teria,
567 3453 631 3507 et
683 3447 864 3527 juxta
912 3447 1295 3526 Anaxagorae
1343 3446 1829 3509 aestimationem

334 3559 689 3616 erroneam,
723 3543 1054 3625 quodlibet
1084 3545 1207 3606 erit
1237 3544 1300 3606 in
1341 3543 1630 3625 quolibet
1663 3560 1676 3605 :
1711 3544 1830 3605 sic-

333 3660 460 3723 que
504 3660 724 3705 revera
769 3642 990 3724 opinio
1037 3642 1147 3704 illa
1193 3643 1370 3725 ponit
1415 3642 1830 3704 latitationem

334 3740 708 3803 formarum.
741 3742 932 3804 Porro
971 3741 1024 3803 si
1059 3742 1264 3804 forma
1296 3741 1588 3803 inchoata
1617 3748 1680 3801 et
1713 3739 1832 3802 for—

335 3858 442 3902 ma
468 3840 796 3903 educenda
825 3857 952 3902 non
985 3848 1134 3902 sunt
1164 3839 1417 3901 realiter
1446 3840 1666 3901 eadem
1709 3837 1832 3901 for-

337 3958 462 4012 ma,
525 3958 642 4001 nec
699 3938 991 4019 ejusdem
1049 3938 1340 4001 essentiae
1397 3956 1411 3999 :
1463 3956 1614 4019 ergo
1671 3937 1834 3999 nihil

335 4038 630 4101 essentiae
661 4037 865 4118 ipsius
897 4035 1118 4099 formae
1149 4038 1213 4099 in
1249 4036 1510 4098 materia
1545 4043 1830 4118 praeerat,

338 4137 470 4200 imo
500 4143 632 4198 tota
659 4136 780 4198 erit
809 4136 891 4198 ab
922 4143 1117 4197 extra.
1152 4135 1490 4216 Quumque
1519 4134 1721 4197 forma
1753 4134 1836 4195 sit

1939 3153 2169 3215 animae
2201 3150 2617 3223 irrationaleS,
2654 3148 2989 3211 brutorum
3023 3147 3441 3220 terrestrium,

1941 3251 2241 3333 piscium,
2292 3250 2531 3322 avium,
2584 3266 2734 3309 vere
2794 3247 3019 3309 vitales
3078 3264 3150 3307 ac
3207 3246 3370 3307 vivae
3426 3262 3440 3306 ε

1941 3368 2018 3411 ex
2049 3366 2179 3430 quo
2204 3347 2329 3408 alia
2360 3346 2544 3428 plura
2585 3364 2845 3428 prorsus
2883 3344 3158 3407 absurda
3188 3342 3444 3405 conclu-

1940 3448 2262 3509 derentur.
2309 3480 2391 3489 —
2442 3446 2615 3507 Hanc
2673 3444 3169 3526 disputationem
3226 3442 3446 3505 doctor

1941 3543 2221 3607 solennis
2252 3542 2485 3604 diffuse
2516 3542 2991 3624 efficaciterque
3022 3539 3441 3623 prosequitur,

1944 3660 2233 3705 asserens
2282 3642 2449 3723 quod
2502 3641 2565 3703 in
2618 3641 2883 3703 veritate
2931 3638 3151 3721 opinio
3199 3638 3306 3700 illa
3358 3638 3447 3699 in·

1944 3740 2347 3803 choationem
2380 3757 2623 3821 ponens
2656 3738 3030 3811 formarum,
3063 3756 3099 3799 a
3130 3736 3444 3818 positione

1942 3840 2325 3918 Anaxagorae
2377 3856 2501 3899 non
2550 3836 2770 3899 differt
2818 3836 2941 3899 nisi
2991 3837 3057 3898 in
3108 3837 3297 3899 modo
3356 3836 3443 3899 lo-

1945 3935 2202 4017 quendL

2024 4033 2201 4107 Quod
2240 4040 2305 4095 et
2349 4032 2500 4093 satis
2537 4038 2802 4113 apparet
2841 4049 2915 4092 ex
2960 4030 3103 4103 hoc,
3136 4031 3305 4112 quod
3345 4048 3446 4092 ve-

1945 4130 2251 4195 nerabilis
2310 4148 2383 4192 ac
2431 4131 2699 4191 devotus
2749 4128 2858 4191 ille
2912 4130 3133 4191 doctor
3183 4129 3445 4191 divinus

339 4236 402 4297 in
455 4235 732 4298 essentia
780 4253 894 4297 sua
943 4233 1217 4315 simplex
1264 4250 1337 4295 ac
1397 4232 1830 4306 indivisibilis,
1865 4230 1914 4292 D
1947 4231 2410 4302 Bonaventura,
2464 4229 2527 4289 in
2576 4226 2826 4309 Scripto
2874 4226 3139 4289 secundi
3186 4226 3449 4289 Senten-

336 4335 463 4397 dici
511 4351 639 4396 non
701 4334 865 4395 valet
917 4332 1084 4414 quod
1147 4350 1292 4412 pars
1341 4350 1470 4394 suae
1519 4332 1831 4405 essentia»,

339 4450 468 4495 non
513 4440 642 4494 tota
686 4451 800 4494 sua
843 4431 1140 4503 essentia,
1176 4430 1242 4491 in
1293 4430 1552 4492 materia
1595 4430 1837 4492 exstitit

336 4538 486 4594 ante
517 4530 943 4594 eductionem.
979 4529 1240 4592 Interim
1282 4528 1333 4590 si
1365 4529 1634 4601 dicatur,
1667 4528 1836 4610 quod

335 4638 467 4692 tota
496 4628 754 4712 praefuit
783 4628 894 4701 ibi,
929 4636 994 4690 et
1023 4633 1153 4690 tota
1179 4628 1516 4709 (quantum
1547 4627 1622 4688 ad
1655 4646 1836 4688 suam

335 4728 710 4807 essentiam)
739 4726 822 4789 sit
860 4727 1110 4799 educta,
1144 4742 1272 4787 non
1311 4731 1522 4787 tamen
1562 4724 1840 4788 totaliter

335 4844 550 4908 neque
597 4824 936 4907 complete,
968 4824 1089 4886 hoc
1135 4822 1583 4904 multipliciter
1625 4840 1836 4904 repro-

336 4924 544 4987 batur.
588 4923 745 4996 Quia
787 4942 988 5004 quum
1032 4940 1171 4985 esse
1215 4919 1294 4983 ab
1337 4920 1613 4982 essentia
1657 4920 1837 4992 fluat,

263 5016 288 5025 “
339 5021 474 5083 imo
521 5020 875 5083 secundum
928 5019 1185 5091 multoS,
1236 5018 1492 5081 realiter
1539 5018 1622 5080 sit
1673 5017 1840 5079 idem

339 5136 492 5180 cum
537 5134 662 5196 ea3
710 5117 764 5179 si
810 5124 940 5180 tota
983 5116 1260 5179 essentia
1302 5116 1391 5177 ibi
1437 5116 1540 5189 sit,
1587 5115 1709 5178 erit
1754 5115 1842 5177 ibi

341 5216 644 5299 proprius
672 5223 873 5287 actus,
908 5214 1154 5277 scilicet
1189 5231 1350 5285 esse,
1383 5232 1584 5295 quum
1624 5213 1844 5275 formae

345 5314 682 5398 proprium
740 5314 822 5376 sit
877 5313 1026 5375 dare
1084 5332 1244 5375 esse.
1308 5312 1608 5394 Sequitur
1666 5312 1842 5385 item,

1945 4330 2202 4401 tiarum,
2264 4326 2673 4390 distinctione
2730 4326 3223 4399 octavadecima,
3284 4325 3449 4386 inter

1947 4434 2158 4489 cetera
2217 4425 2458 4508 profert
2518 4442 2532 4486 :
2586 4424 2839 4488 Constat
2898 4424 3203 4486 rationem
3263 4423 3449 4485 semi-

1948 4525 2159 4587 nalem
2218 4543 2357 4585 esse
2419 4523 2769 4604 potentiam
2837 4522 3107 4584 activam
3169 4520 3448 4583 materiae

1950 4622 2241 4695 inditam,
2266 4629 2329 4683 et
2360 4621 2707 4703 potentiam
2740 4620 2903 4681 hanc
2934 4638 3073 4682 esse
3105 4619 3448 4682 essentiam

1950 4721 2193 4793 formae,
2245 4738 2442 4801 quum
2504 4738 2581 4781 ex
2641 4737 2715 4781 ea
2773 4718 2886 4780 fiat
2934 4718 3301 4799 operatione
3350 4736 3450 4779 na-

1951 4826 2130 4889 turae,
2167 4837 2307 4899 quae
2348 4834 2472 4878 non
2516 4816 2811 4898 producit
2849 4816 3197 4897 quidquam
3241 4833 3315 4876 ex
3358 4814 3449 4875 ni-

1951 4917 2106 4979 hilo.
2140 4915 2427 4995 Denique
2467 4916 2530 4976 in
2574 4914 2823 4994 Scripto
2858 4912 3145 4986 secundi,
3180 4912 3451 4993 septima

1952 5015 2385 5085 distinctione,
2408 5011 2701 5085 asseruit,
2721 5011 2889 5092 quod
2923 5011 3088 5072 sicut
3117 5030 3185 5073 se
3215 5009 3451 5073 habent

1951 5114 2181 5195 globus
2228 5129 2382 5174 rosae
2426 5118 2489 5172 et
2532 5128 2673 5173 rosa
2716 5116 2953 5190 aperta,
2987 5108 3078 5169 sic
3119 5108 3322 5171 forma
3362 5109 3452 5171 in-

1956 5213 2180 5275 choata
2208 5229 2321 5273 seu
2362 5208 2691 5272 educenda
2728 5214 2791 5269 et
2832 5205 3036 5269 forma
3078 5208 3323 5269 educta.
3360 5207 3449 5269 Ex

1957 5328 2086 5396 quo
2143 5310 2473 5373 evidenter
2530 5305 2965 5389 consequitur,
3014 5306 3182 5389 quod
3242 5324 3451 5369 essen·
