4300 6259
920 517 999 563 DE
1040 514 1265 561 Lunum:
1306 514 1686 561 cflmsnANAE
1728 513 2029 571 THEORIAE,
2074 513 2250 559 LIBER
2294 513 2356 559 11.
2403 532 2484 543 -···
2523 516 2661 562 ΛΒΤ.
2707 516 2882 563 XXXI!

3333 496 3450 561 427

344 690 515 752 rium
560 688 724 763 fore,
768 699 837 755 ut
880 689 1133 753 infinita
1179 686 1290 750 Dei
1340 685 1844 750 communicabi-
1872 684 1925 747 A
1956 684 2262 749 cabilitati
2313 688 2551 751 infiniti
2603 688 2866 751 luminis
2913 688 3276 751 nullatenus
3324 704 3456 749 cor-

346 789 487 851 litas
532 787 761 851 habeat
801 789 925 851 sibi
966 786 1470 868 correspondens
1514 784 1845 846 infinitum

342 904 657 969 germen:
702 889 870 970 quod
914 904 989 951 eo
1035 887 1174 968 ipso
1220 902 1347 967 quo
1392 882 1664 946 infinitae
1709 901 1847 965 per-

342 986 643 1049 fectionis
676 996 793 1058 est,
826 987 990 1049 Deus
1021 993 1135 1048 est.
1172 984 1283 1046 Est
1320 1001 1469 1063 ergo
1514 982 1577 1044 in
1609 981 1845 1045 divinis

338 1085 661 1148 emanatio
680 1085 790 1148 Dei
822 1104 857 1147 a
879 1085 1019 1147 Deo.
1037 1085 1371 1164 Quumque
1400 1081 1606 1144 omnis
1636 1097 1845 1143 rerum

340 1189 567 1245 natura
598 1182 783 1247 nobis
815 1183 879 1246 id
911 1182 1208 1264 loquatur
1244 1187 1307 1243 et
1347 1182 1639 1251 instruat,
1674 1178 1844 1260 quod

340 1292 533 1342 omne
566 1282 809 1343 trinum
839 1279 1223 1363 perfectum,
1256 1277 1423 1340 sicut
1450 1277 1640 1339 etiam
1676 1295 1843 1339 sum-

344 1398 489 1441 inus
538 1379 1069 1462 philosophorum
1122 1378 1329 1460 primo
1378 1375 1533 1439 Coeli
1583 1376 1840 1437 demon-

340 1484 521 1551 strat,
572 1477 885 1557 adjiciens
944 1476 1101 1551 illic,
1152 1475 1324 1558 quod
1377 1474 1593 1538 omnia
1650 1492 1844 1555 super

338 1575 459 1637 tria
489 1576 834 1657 ponimus3
867 1575 1118 1637 videtur
1158 1580 1641 1654 consequenter,
1674 1572 1841 1653 quod

340 1692 546 1754 usque
590 1673 670 1735 ad
707 1673 1056 1735 trinitatem
1096 1672 1315 1734 divina
1351 1671 1495 1732 talis
1528 1668 1845 1733 emanatio

340 1771 667 1853 procedat,
721 1790 801 1833 ne
854 1770 1323 1852 perfectissimo
1379 1768 1507 1831 enti
1568 1768 1731 1830 desit
1780 1767 1841 1829 id

340 1871 404 1932 in
438 1889 569 1952 quo
600 1869 810 1932 omnis
841 1876 1065 1931 natura
1095 1868 1377 1950 perfecta
1405 1874 1522 1929 est.

420 1970 487 2030 ln
542 1968 872 2050 perpetuis
916 1966 1217 2049 denique,
1256 1974 1321 2029 et
1370 1964 1723 2047 praesertim
1777 1964 1840 2025 in

336 2066 620 2139 aeterniS,
672 2084 798 2129 non
847 2065 1067 2128 differt
1118 2082 1325 2146 neque
1372 2064 1563 2126 distat
1611 2080 1751 2125 esse
1807 2081 1844 2124 a

339 2182 552 2247 posse,
616 2173 688 2226 ut
758 2164 945 2226 tertio
1001 2161 1410 2245 Physicorum
1470 2162 1556 2223 ait
1604 2160 1841 2223 Aristo-

338 2264 517 2326 teles.
588 2264 893 2345 Sequitur
958 2262 1173 2343 igitur,
1232 2260 1403 2344 quod
1464 2259 1545 2321 ab
1606 2266 1843 2322 aeterno

337 2363 557 2425 divina
619 2359 1243 2424 communicabilitas
1302 2360 1367 2421 in
1435 2364 1647 2420 actum
1716 2357 1840 2419 sibi

339 2459 881 2542 proportionalem
932 2458 1663 2540 correspondentemque
1704 2472 1843 2537 pro-

337 2558 527 2621 dierit
572 2576 585 2620 :
630 2566 695 2621 et
734 2558 825 2620 sic
868 2555 1209 2620 habebitur
1244 2564 1481 2619 aeterna
1522 2554 1841 2617 emanatio

334 2658 415 2719 ad
460 2658 628 2719 intra
670 2656 739 2718 in
780 2655 1033 2718 divinis.

414 2754 737 2835 AmpliuS,
798 2752 986 2833 cujus
1055 2757 1279 2813 natura
1346 2750 1703 2812 secundum
1770 2768 1839 2811 se

334 2851 899 2915 communicabilis
949 2858 1067 2923 est,
1119 2850 1239 2911 hoc
1288 2848 1722 2912 communicat
1770 2868 1839 2911 se

333 2953 667 3023 continuo,
716 2951 840 3012 nisi
902 2949 1001 3012 vel
1060 2949 1227 3011 adsit
1284 2949 1453 3031 quod
1516 2965 1631 3030 per
1678 2948 1839 3010 acci-

1955 786 2296 867 respondet
2352 806 2560 869 neque
2611 786 3100 871 proportionalis
3150 793 3285 865 est3
3337 803 3456 848 nec

1954 885 2147 947 etiam
2184 888 2738 968 repraesentativus
2767 895 2862 949 est
2893 884 3455 970 plenitudini5,bo-

1956 983 2174 1045 nitatis
2212 992 2276 1046 et
2316 984 2990 1049 communicabilitatis
3031 1004 3172 1067 quae
3211 980 3454 1046 suntin

1954 1081 2238 1155 fontano,
2276 1102 2434 1165 puro
2477 1092 2540 1147 et
2583 1084 2840 1147 infinito
2881 1084 3144 1147 lumine.

2033 1181 2280 1255 Adhuc,
2315 1184 2483 1264 quod
2515 1184 2888 1246 naturaliter
2919 1180 3456 1246 communicabile

1954 1286 2070 1352 est,
2124 1281 2244 1342 hoc
2295 1282 2566 1344 naturali
2617 1282 2968 1346 diffusione
3016 1281 3230 1363 aliqua
3287 1298 3455 1343 com-

1956 1380 2240 1442 municat
2298 1399 2386 1442 se.
2445 1380 2807 1443 Naturalem
2867 1381 3107 1463 quippe
3166 1378 3457 1442 diffusio-

1954 1496 2101 1539 nem
2149 1477 2314 1541 hanc
2358 1478 2635 1560 appello,
2682 1498 2824 1561 quae
2869 1479 3178 1561 competit
3218 1485 3456 1541 naturae

1954 1576 2309 1638 secundum
2358 1576 2526 1658 quod
2576 1584 2800 1639 natura
2847 1584 2944 1639 est
2989 1594 3002 1638 :
3049 1576 3458 1658 quemadmo-

1954 1674 2109 1735 dum
2161 1673 2304 1737 fluit
2355 1674 2566 1737 radius
2625 1694 2661 1736 a
2719 1675 2986 1750 lumine,
3037 1682 3100 1737 et
3155 1674 3459 1756 splendor

1955 1791 2031 1835 ex
2098 1772 2262 1846 luce,
2325 1792 2438 1835 seu
2503 1773 2677 1836 rivus
2738 1794 2814 1836 ex
2878 1774 3072 1838 fonte.
3121 1774 3288 1836 Deus
3351 1792 3456 1835 au-

1870 1870 1917 1934 B
1957 1879 2085 1933 tem
2118 1871 2491 1934 naturaliter
2521 1872 3079 1935 communicabilis
3111 1872 3210 1934 vel
3245 1872 3456 1953 potius

1956 1970 2533 2033 communicativus
2577 1979 2674 2033 est
2705 1972 2803 2033 sui
2847 1970 3072 2053 ipsius,
3109 1989 3308 2052 quum
3353 1988 3457 2033 na·

1952 2074 2095 2129 tura
2144 2066 2286 2147 ejus
2329 2068 2410 2129 sit
2452 2068 2703 2131 bonitas
2749 2088 2903 2151 pura
2947 2078 3011 2131 et
3053 2068 3458 2150 supersplen-

1954 2166 2110 2227 dens
2160 2166 2396 2227 lumen.
2451 2166 2679 2247 Aliqua
2725 2185 2876 2247 ergo
2935 2166 3205 2229 naturali
3264 2165 3456 2228 diffu-

1954 2263 2130 2326 sione
2176 2263 2484 2326 diffundit
2512 2282 2600 2326 se.
2637 2264 2756 2327 Sed
2788 2265 3106 2327 emanatio
3149 2272 3454 2327 creaturae

1951 2381 1987 2423 a
2033 2361 2328 2424 Creatore
2372 2380 2496 2425 non
2545 2371 2752 2445 potest
2794 2382 2932 2425 esse
2979 2362 3306 2436 naturaliS,
3341 2362 3451 2425 sed

1954 2460 2154 2523 libera
2184 2461 2416 2534 solum,
2453 2468 2521 2523 ut
2553 2461 2616 2523 in
2651 2462 2858 2543 primo
2887 2461 3338 2525 deducebatur.

2032 2559 2294 2631 RursuS,
2341 2578 2534 2640 agens
2581 2578 2694 2641 per
2739 2568 3028 2622 naturam
3082 2567 3145 2622 et
3199 2567 3449 2621 natura-

1954 2657 2117 2729 liter,
2151 2657 2282 2737 agi't
2315 2658 2669 2719 secundum
2701 2667 3059 2721 extremum
3090 2660 3187 2721 sui
3220 2674 3445 2740 posse:

1952 2755 2122 2837 quod
2173 2756 2300 2818 Deo
2357 2774 2482 2818 non
2549 2758 2848 2819 convenit
2909 2758 2972 2819 in
3035 2756 3448 2840 productione

1952 2852 2040 2915 rei
2103 2860 2352 2926 creatae,
2410 2872 2552 2935 quae
2624 2872 2879 2936 semper
2932 2873 2968 2915 a
3023 2853 3448 2937 superexalta-

1950 2958 2015 3013 ta
2066 2950 2360 3015 creativae
2404 2951 2710 3013 bonitatis
2746 2952 3148 3033 plenitudine
3198 2952 3451 3013 infinite

330 3050 491 3113 dens
536 3048 1185 3112 communicationem
1226 3055 1467 3109 naturae
1508 3046 1835 3129 impediat,
1868 3052 1913 3117 C
1952 3050 2303 3112 occumbit.
2373 3049 2482 3111 Est
2568 3068 2718 3130 ergo
2800 3051 3158 3113 necessario
3239 3068 3455 3114 conse·

332 3156 445 3211 aut
474 3148 678 3211 libere
709 3147 1001 3210 eamdem
1033 3146 1309 3209 differat.
1330 3146 1636 3209 Redditur
1665 3145 1840 3227 equi·

334 3249 483 3310 dem
516 3256 745 3309 natura
774 3264 917 3328 quae
948 3246 1303 3308 secundum
1334 3264 1401 3307 se
1435 3244 1641 3327 ipsam
1672 3263 1841 3308 com-

336 3344 751 3408 municabilis
823 3352 940 3416 est,
1017 3341 1645 3406 incommunicabilis
1728 3362 1841 3424 per

330 3444 654 3516 accidenS,
708 3443 812 3506 vel
863 3442 1107 3506 ratione
1167 3442 1559 3523 recipientis,
1612 3448 1839 3523 utputa

334 3542 621 3605 materiae
668 3542 769 3605 vel
817 3541 1117 3623 potentiae
1160 3548 1269 3603 aut
1314 3539 1587 3620 subjecti
1624 3556 1639 3601 ε
1674 3539 1842 3601 sicut

332 3643 487 3704 dum
523 3641 741 3703 lumen
786 3640 849 3701 in
892 3641 1159 3701 densum
1202 3647 1263 3701 et
1300 3656 1573 3720 opacum
1607 3656 1839 3719 corpus

334 3740 661 3802 influxum
693 3738 911 3812 fuerit,
941 3737 1072 3817 jam
1107 3756 1175 3799 se
1205 3744 1411 3799 cessat
1449 3736 1836 3810 diffundere,

334 3858 539 3920 quum
570 3844 785 3899 tamen
826 3836 1179 3899 secundum
1211 3855 1278 3898 se
1320 3836 1400 3896 sit
1440 3854 1697 3918 semper
1740 3836 1838 3897 sui

333 3935 741 3999 diffusivum.
790 3934 1083 3997 Secundo
1126 3934 1413 3995 redditur
1456 3942 1682 3995 natura
1728 3934 1839 3995 ali-

334 4055 461 4119 qua
492 4032 1407 4105 incommunicabilis,ratione
1440 4032 1695 4095 invidiae
1726 4051 1838 4094 seu

332 4133 662 4218 parcitatis
712 4132 837 4195 sibi
882 4132 1199 4212 adjunctae
1244 4148 1257 4192 :
1300 4132 1409 4194 sed
1459 4131 1568 4193 Dei
1618 4137 1841 4193 natura

1954 3167 2182 3230 quem,
2241 3155 2310 3209 ut
2369 3148 2449 3210 sit
2495 3148 2557 3209 in
2616 3148 2744 3210 Deo
2799 3148 3106 3211 naturalis
3163 3148 3451 3222 diffusio,

1950 3266 2091 3329 quae
2140 3247 2250 3309 toti
2299 3246 2520 3308 virtuti
2568 3246 2800 3309 divinae
2847 3247 3456 3309 communicabilita-

1949 3345 2031 3406 tis
2090 3344 2604 3427 correspondeat,
2666 3353 2730 3407 et
2797 3346 2880 3408 sit
2937 3347 3292 3409 secundum
3351 3364 3454 3408 ex-

1952 3450 2228 3505 tremum
2283 3442 2583 3525 potentiae
2630 3444 2864 3507 divinae
2913 3443 3342 3516 fecunditatiS,
3393 3452 3458 3506 et

1950 3541 2326 3604 naturaliter
2375 3541 2604 3604 effluat
2637 3560 2652 3605 τ
2685 3543 2857 3625 quod
2897 3544 2998 3623 (ut
3045 3542 3286 3604 dictum
3334 3543 3459 3622 est)

1953 3658 2077 3702 non
2111 3647 2490 3721 potestesse
2534 3640 2597 3702 in
2643 3658 2942 3722 processu
2985 3649 3310 3715 creaturae,
3345 3641 3450 3703 sed

1953 3738 2016 3801 in
2048 3756 2123 3801 eo
2155 3746 2401 3801 tantum
2447 3757 2575 3821 quo
2615 3738 2904 3821 procedit
2942 3740 3204 3801 omnino
3243 3739 3453 3801 simile

1950 3858 1985 3901 a
2016 3836 2210 3899 simili
2240 3854 2255 3915 ;
2289 3844 2348 3899 et
2383 3838 2474 3898 sic
2515 3856 2845 3910 emanans,
2879 3838 2998 3899 erit
3034 3838 3198 3899 Deus
3240 3857 3448 3900 veruS.

1948 3937 2028 3999 At
2075 3952 2249 4007 vero,
2300 3934 2614 4015 quidquid
2673 3935 3086 4008 excellentiae,
3139 3935 3452 4017 quidquid

1953 4032 2362 4115 perfectionis
2421 4031 2615 4092 fuerit
2683 4032 2746 4093 in
2815 4031 3071 4094 entibus
3129 4032 3450 4105 secundiS,

1950 4131 2071 4193 hoc
2115 4130 2338 4211 utique
2383 4130 2936 4211 supereminenter
2978 4140 3076 4192 est
3124 4130 3188 4193 in
3245 4132 3452 4214 primo

328 4242 431 4297 est
458 4233 679 4295 lumen
722 4248 955 4313 purum
995 4238 1055 4293 et
1098 4229 1600 4293 substantialiter
1637 4249 1711 4292 ac
1751 4236 1839 4293 to·
1871 4232 1918 4293 D
1948 4238 2117 4292 ente.
2155 4228 2490 4291 Cernimus
2530 4236 2742 4290 autem
2788 4229 2851 4290 in
2899 4229 3157 4292 entibus
3201 4231 3450 4304 creatiS,

330 4331 545 4394 taliter
583 4330 845 4392 bonum.
881 4327 1125 4390 Lumen
1167 4334 1383 4389 autem
1424 4328 1589 4389 inter
1624 4328 1840 4389 omnia

331 4430 620 4492 cernitur
670 4426 893 4506 magiS‚
939 4424 1258 4506 citiusque
1300 4425 1839 4487 communicabile

330 4537 451 4599 est,
488 4528 540 4589 si
582 4542 823 4608 purum
870 4522 974 4596 sit,
1026 4540 1153 4585 non
1203 4521 1612 4605 impeditum,
1647 4532 1835 4605 atque

330 4625 693 4691 exuberans
759 4623 825 4684 in
892 4621 1255 4704 semetipso.
1321 4620 1623 4684 Divinum
1684 4640 1835 4685 vero

329 4724 551 4785 lumen
582 4721 1006 4803 purissimum
1046 4729 1143 4783 est
1181 4728 1243 4782 et
1272 4720 1613 4802 optimum.
1648 4721 1834 4783 Nulla

330 4840 485 4903 ergo
526 4821 585 4883 ei
624 4821 805 4882 adest
846 4818 1521 4882 communicabilitatis
1568 4820 1833 4900 impedi-

328 4919 627 4983 mentalis
678 4918 855 4979 ratio.
900 4917 1108 4979 Potest
1155 4934 1303 4997 ergo
1352 4936 1419 4977 se
1469 4916 1833 4981 diffundere

326 5020 397 5082 in
449 5018 697 5080 radium
748 5015 871 5078 sibi
924 5022 1329 5079 coaeternum.
1384 5017 1508 5077 Aut
1556 5034 1707 5096 ergo
1767 5016 1831 5077 in

327 5116 579 5179 radium
624 5114 955 5175 dumtaxat
996 5113 1257 5175 finitum
1300 5113 1363 5174 in
1404 5133 1543 5176 esse
1588 5122 1653 5175 et
1690 5134 1829 5196 per-

1950 4328 2118 4411 quod
2188 4326 2532 4409 paternalis
2599 4326 2981 4401 fecunditaS,
3053 4336 3118 4391 et
3181 4328 3454 4392 fecunda

1949 4426 2308 4497 causalitaS,
2353 4433 2504 4487 sunt
2554 4426 2845 4489 maximae
2898 4427 3346 4509 perfectionis-‚3
3393 4438 3456 4491 et

1949 4542 2075 4607 quo
2118 4524 2312 4586 fuerit
2352 4543 2464 4585 ens
2510 4524 2827 4585 causalius
2868 4533 2932 4587 et
2977 4525 3336 4599 fecundiuS,
3379 4546 3454 4591 eo

1949 4623 2351 4705 praestantius
2384 4630 2478 4684 est
2510 4630 2573 4684 et
2615 4622 2867 4684 melius.
2902 4623 3077 4696 Quod
3122 4643 3270 4705 ergo
3301 4644 3455 4707 prae-

1947 4722 2415 4783 stantissimum
2478 4729 2542 4782 et
2599 4722 3153 4802 supereminenter
3211 4723 3448 4786 bonum

1944 4827 2061 4893 est,
2106 4820 2224 4881 hoc
2273 4820 2335 4881 in
2381 4820 2727 4901 semetipso
2771 4819 2868 4881 sui
2919 4820 3119 4902 ipsius
3162 4821 3284 4883 erit
3327 4842 3446 4885 ma·

1945 4918 2113 4979 xime
2146 4917 2526 4979 diffusivum
2563 4925 2626 4979 et
2654 4919 3285 4980 communicativum.
3311 4920 3445 4983 Non

1942 5035 2090 5097 ergo
2123 5016 2353 5098 poterit
2387 5017 2550 5078 Deus
2592 5035 2806 5079 carere
2849 5017 2913 5078 in
2956 5018 3300 5099 semetipso
3341 5038 3448 5099 pa-

1938 5123 2115 5177 terna
2177 5115 2582 5176 fecunditate.
2637 5114 2712 5175 Et
2769 5114 2901 5177 haec
2955 5116 3112 5177 ratio
3167 5117 3444 5178 sumitur

3501 2487 3582 2527 art..
3617 2496 3742 2527 xxxvi

3479 2551 3522 2589 ct
3541 2560 3576 2589 s.

324 5214 627 5285 sectione,
656 5218 771 5273 aut
798 5211 991 5273 etiam
1026 5210 1089 5272 in
1122 5210 1371 5273 radium
1416 5212 1828 5293 perfectionis
1937 5232 2013 5275 ex
2058 5232 2166 5275 ore
2215 5213 2322 5275 Dei
2371 5214 2431 5274 in
2480 5213 2658 5286 Isaia,
2707 5214 2857 5275 dum
2906 5213 3139 5274 dicitur
3187 5231 3199 5275 :
3246 5214 3436 5277 Num·
3486 5239 3733 5291 muno.

326 5313 681 5377 immensae.
734 5308 857 5373 Sed
911 5306 1137 5371 finitus
1196 5308 1412 5371 radius
1470 5312 1825 5375 communi-

1934 5311 2089 5394 quid
2130 5330 2248 5392 ego
2288 5312 2398 5394 qui
2443 5312 2600 5374 alios
2640 5329 2862 5394 parere
2913 5311 3099 5387 facio,
3142 5312 3279 5395 ipse
3309 5332 3434 5376 non
