4300 6259
40 823 143 866 Luc.
156 825 317 871 nvait.

31 1021 205 1064 Mattk.
224 1034 317 1066 xxv,

31 1091 71 1128 Μ
82 1117 93 1124 .

28 1515 107 1556 Ιυὸ
120 1526 234 1562 xxiv,
250 1514 311 1553 19.

120 2094 253 2136 Rutu
272 2105 319 2134 ι·.

242 3386 287 3414 tn

244 4371 306 4402 tv·
314 4391 325 4401 .

264 5362 331 5395 V*-

980 538 1060 584 ΒΕ
1104 537 1331 584 Lunum:
1372 535 1757 582 cumsTIANAE
1798 529 2101 590 monus,
2146 534 2323 580 mmm
2365 535 2427 580 11.
2457 503 2555 563 ’-·
2598 535 2734 581 ART.
2783 535 2840 581 CI

3339 516 3461 581 509

346 708 753 790 pressionum
814 708 1163 790 susceptivi
1225 715 1395 780 sunt,
1454 727 1489 769 a
1548 721 1854 787 corporeo
1882 703 1935 766 A
1965 704 2027 766 in
2072 703 2222 778 alio,
2255 711 2352 766 est
2383 704 2448 766 in
2481 704 2593 767 illo
2631 723 2757 768 non
2801 704 3154 768 secundum
3201 703 3462 766 modum

347 808 494 888 igne
534 807 922 870 crucientur.
958 807 1220 871 Crucior
1247 806 1489 888 (inquit
1524 806 1701 868 dives
1746 803 1853 866 ille

346 905 573 988 epulo)
624 906 689 967 in
740 905 856 968 hac
904 905 1189 968 flamma.
1241 904 1529 986 Denique
1582 901 1853 965 Matthaei

348 1004 659 1066 vicesimo
703 1004 931 1086 quinto
974 1005 1062 1065 ait
1106 1003 1391 1066 Salvator
1438 1019 1451 1063 :
1501 1002 1612 1074 Ite,
1666 1000 1855 1062 male-

346 1102 527 1175 dicti,
562 1103 627 1164 in
676 1104 887 1183 ignem
932 1109 1265 1174 aeternum‚
1302 1100 1413 1183 qui
1457 1107 1713 1182 paratus
1758 1106 1854 1161 est

344 1199 603 1263 diabolo
649 1207 713 1262 et
756 1198 1000 1280 angelis
1044 1200 1207 1279 ejuS.
1252 1199 1611 1262 Christiana
1660 1197 1855 1278 igitur

346 1298 659 1379 religione
704 1298 885 1360 fateri
924 1297 1253 1378 jubemur,
1286 1297 1532 1359 animas
1574 1293 1853 1376 corpori-

344 1397 468 1459 bus
520 1397 807 1460 nondum
856 1395 1162 1468 reunitaS,
1212 1403 1275 1458 et
1324 1396 1667 1468 daemoneS,
1719 1411 1853 1455 cor-

344 1513 545 1577 poreo
575 1495 720 1576 igne
762 1493 991 1575 affligi.
1026 1493 1218 1556 Ibunt
1244 1493 1361 1574 (ait
1398 1493 1541 1572 Job)
1568 1511 1605 1554 a
1646 1491 1855 1554 calore

344 1593 555 1655 nimio
596 1593 673 1654 ad
718 1611 915 1674 aquas
958 1591 1231 1654 nivium.

431 1691 795 1761 Enimvero,
836 1698 907 1751 ut
952 1688 1358 1752 difficultatis
1407 1687 1601 1768 hujus
1652 1687 1854 1749 virtus

346 1797 411 1851 et
455 1789 691 1852 veritas
734 1787 1069 1870 limpidius
1108 1787 1534 1869 explanantur
1572 1793 1635 1848 et
1676 1785 1853 1847 inno·

1962 803 2061 864 sui
2108 803 2562 884 propriamque
2601 810 2916 876 naturam,
2960 804 3070 866 sed
3109 803 3461 866 secundum

1964 901 2396 963 conditionem
2451 901 2653 984 ipsius
2715 903 2780 965 in
2830 920 2959 984 quo
3012 909 3110 964 est
3157 900 3258 964 vel
3309 901 3466 963 reci-

1965 1001 2157 1080 pitur.
2193 1000 2422 1062 Anima
2451 1006 2664 1063 autem
2698 1008 3009 1083 separata,
3042 999 3122 1062 ab
3156 999 3300 1080 igne
3334 999 3466 1081 pati

1964 1097 2208 1178 nequit,
2243 1097 2297 1159 si
2329 1097 2419 1159 nil
2453 1115 2712 1180 prorsus
2742 1097 2820 1160 ab
2863 1099 3004 1180 ipso
3043 1097 3274 1179 recipit
3311 1115 3324 1158 :
3359 1097 3467 1160 sed

1964 1214 2166 1277 quum
2213 1197 2296 1259 sit
2339 1197 2477 1277 ipsa
2523 1197 2786 1278 spiritus
2835 1204 2899 1259 et
2946 1196 3319 1278 incorporea
3369 1215 3474 1257 na-

1964 1301 2126 1366 tura,
2162 1294 2252 1355 nil
2295 1295 2526 1376 recipit
2565 1295 2788 1377 nilque
2827 1296 2890 1356 in
2933 1313 3005 1358 ea
3043 1303 3140 1357 est
3180 1293 3303 1357 nisi
3346 1295 3472 1376 spi-

1964 1392 2282 1454 ritualiter
2321 1401 2386 1455 et
2429 1393 2934 1476 incorporaliter,
2976 1412 3052 1456 ex
3093 1393 3472 1455 auctoritate

1964 1489 2251 1572 allegata.
2289 1491 2408 1554 Sed
2443 1491 2662 1555 formae
2692 1511 2834 1573 quae
2866 1491 2928 1553 in
2961 1491 3174 1554 anima
3217 1491 3474 1574 spiritu-

1964 1589 2150 1650 aliter
2195 1589 2405 1652 solum
2455 1597 2624 1664 sunt,
2669 1588 3161 1670 intelligibiliter
3209 1597 3359 1651 sunt
3408 1589 3471 1650 in

1964 1706 2061 1758 ea,
2112 1693 2176 1749 et
2225 1705 2340 1769 per
2388 1705 2809 1770 consequenS‚
2864 1695 3012 1750 sunt
3061 1687 3124 1749 in
3175 1707 3250 1749 ea
3310 1688 3474 1750 sicut

1968 1785 2394 1866 perfectiones
2455 1785 2680 1867 ipsiuS.
2739 1785 2803 1848 Si
2861 1803 3011 1867 ergo
3070 1786 3282 1848 anima
3342 1785 3472 1866 igni

350 1895 618 1959 tescant,
670 1885 1247 1967 argumentandum
1308 1892 1425 1958 est,
1478 1901 1605 1946 non
1667 1900 1851 1964 posse
1891 1879 1936 1941 Β
1968 1883 2404 1964 immergatur,
2438 1901 2567 1946 non
2597 1901 2712 1964 per
2750 1883 2871 1946 hoc
2910 1883 3235 1946 videbitur
3273 1883 3469 1946 sensi-

352 1983 784 2064 incorporales
832 1982 1221 2045 substantias
1267 2001 1305 2043 a
1354 1999 1659 2064 corporeo
1708 1979 1853 2061 igne

348 2081 550 2144 affici.
584 2081 981 2162 Augustinus
1010 2081 1184 2142 enim
1217 2099 1412 2162 super
1440 2079 1737 2144 Genesim
1777 2079 1855 2140 ad

350 2181 629 2244 litteram
678 2181 837 2243 dicit
881 2198 895 2242 ε
938 2179 1075 2242 Non
1125 2187 1275 2241 sunt
1322 2179 1695 2260 corporalia,
1746 2177 1854 2239 sed

348 2278 729 2362 corporibus
772 2278 1031 2353 similia,
1074 2277 1309 2360 quibus
1358 2278 1587 2340 animae
1637 2293 1858 2358 corpo·

350 2379 529 2441 ribus
559 2385 767 2441 exutae
797 2375 1193 2450 afficiuntur,
1234 2395 1348 2438 seu
1380 2375 1543 2438 bene
1582 2393 1694 2437 seu
1736 2393 1861 2436 ma-

352 2478 429 2539 le.
466 2476 603 2539 Non
632 2493 785 2556 ergo
815 2492 1121 2558 corporeo
1152 2474 1297 2555 igne
1331 2473 1593 2556 punitur
1622 2473 1857 2546 anima,

349 2583 459 2638 aut
490 2575 765 2649 daemon,
798 2574 875 2636 de
914 2591 1044 2656 quo
1084 2574 1306 2636 eadem
1348 2571 1699 2634 difficultas
1742 2578 1855 2634 est.

353 2709 431 2719 --
472 2674 801 2746 Praeterea,
844 2689 1069 2735 eorum
1120 2672 1447 2734 dumtaxat
1494 2677 1591 2732 est
1640 2677 1861 2732 mutua

353 2773 523 2834 actio
550 2779 617 2834 et
647 2771 879 2853 passio,
914 2789 1055 2852 quae
1098 2770 1161 2832 in
1202 2770 1465 2832 materia
1504 2768 1860 2831 communi-

356 2879 505 2933 cant
539 2888 553 2932 :
588 2871 757 2932 sicut
797 2869 1005 2951 primo
1050 2868 1127 2930 de
1169 2867 1589 2932 Generatione
1628 2867 1862 2930 Aristo-

356 2969 515 3030 teles
554 2975 619 3030 et
656 2967 721 3029 in
762 2966 925 3029 libro
955 2967 1033 3028 de
1064 2965 1321 3028 Duabus
1354 2965 1597 3027 naturis
1628 2963 1860 3028 Christi

1966 1981 2184 2043 biliter
2231 1982 2538 2062 torqueri,
2585 1982 2695 2044 sed
2741 1980 3232 2063 intelligibiliter
3276 1982 3469 2065 perfi-

1967 2079 2142 2140 ci.-·
2167 2079 2230 2141 Si
2259 2086 2474 2141 autem
2506 2079 2650 2162 quis
2682 2080 2870 2152 dicat,
2903 2097 2980 2142 eo
3019 2080 3159 2161 ipso
3187 2081 3468 2143 animam

1968 2178 2113 2259 igne
2159 2177 2374 2259 puniri
2422 2195 2548 2259 quo
2596 2196 2744 2241 eum
2785 2177 2982 2252 videt,
3029 2179 3198 2240 sicut
3248 2187 3474 2262 quarto

1968 2276 2374 2356 Dialogorum
2419 2276 2673 2339 videtur
2711 2275 3051 2357 Gregorius
3101 2277 3309 2356 velle3
3344 2297 3470 2341 non

1970 2375 2225 2437 videtur
2272 2374 2392 2436 hoc
2439 2374 2797 2437 efficaciter
2845 2375 2993 2436 dici.
3046 2375 3189 2439 Haec
3237 2394 3470 2459 nempe

1968 2474 2156 2548 visi0,
2191 2491 2316 2536 non
2350 2473 2472 2535 nisi
2509 2472 2802 2536 mentalis
2833 2481 3020 2548 esset,
3055 2493 3254 2556 quum
3295 2491 3474 2556 orga-

1971 2573 2146 2634 nicas
2196 2573 2512 2654 potentias
2559 2573 2772 2634 anima
2821 2590 2948 2635 non
2997 2573 3246 2635 habeat.
3299 2574 3473 2637 Visio

1969 2679 2184 2733 autem
2236 2671 2687 2733 intellectualis
2731 2689 2858 2734 non
2902 2671 3156 2734 videtur
3199 2672 3471 2735 tristitiae

1970 2789 2111 2833 esse
2161 2789 2352 2832 causa
2419 2788 2433 2832 ε
2486 2769 2813 2852 quoniam,
2863 2769 3216 2832 secundum
3267 2769 3474 2833 Philo-

1972 2869 2272 2951 sophum,
2315 2867 2718 2930 delectationi
2764 2886 2906 2949 quae
2944 2875 3042 2930 est
3080 2867 3141 2929 in
3187 2867 3474 2931 conside-

1971 2968 2190 3040 rand0‚
2224 2985 2350 3030 non
2395 2974 2490 3029 est
2533 2965 2788 3028 tristitia
2829 2966 3162 3029 contraria.
3197 2967 3309 3030 Vel
3352 2968 3472 3031 hoc

356 3067 613 3130 Boetius
656 3066 1072 3148 scripserunt.
1108 3065 1498 3146 Corporeum
1540 3073 1755 3127 autem
1798 3071 1860 3125 et
1892 3059 1935 3123 C
1974 3067 2196 3147 utique
2245 3082 2642 3147 consequens
2694 3064 2827 3137 fiet,
2875 3064 3045 3146 quod
3095 3084 3170 3127 ex
3225 3065 3472 3130 visione

357 3167 810 3247 incorporeum
842 3163 907 3225 in
948 3163 1213 3226 materia
1250 3162 1715 3225 communicari
1756 3181 1861 3224 ne-

357 3271 622 3346 queunt.
676 3263 805 3325 Nec
856 3262 1051 3344 igitur
1106 3280 1307 3324 unum
1365 3261 1539 3323 aliud
1594 3260 1861 3324 alterare

290 3381 327 3414 ⁸·
356 3371 465 3425 aut
508 3369 934 3424 transmutare
978 3361 1163 3424 valet.
1207 3396 1287 3407 —
1323 3360 1639 3442 AmpliuS,
1670 3378 1861 3422 omne

356 3481 551 3542 agens
600 3459 865 3542 patienti
914 3459 1157 3541 aliquid
1208 3458 1543 3540 imprimit.
1598 3458 1660 3521 Si
1712 3476 1861 3539 ergo

355 3560 522 3642 ignis
563 3559 845 3620 animam
894 3565 1248 3639 separatam
1301 3564 1576 3640 torquet,
1618 3556 1861 3640 aliquid

356 3660 415 3721 ei
474 3657 809 3738 imprimit.
872 3655 1159 3719 Calorem
1215 3662 1427 3717 autem
1489 3655 1861 3737 imprimere

356 3776 484 3821 non
554 3763 783 3839 potest,
845 3774 1045 3838 quum
1106 3754 1527 3818 immutabilis
1586 3757 1862 3818 essentia

358 3855 588 3920 caloris
618 3855 983 3936 subjectum
1018 3852 1289 3934 intelligi
1320 3871 1446 3916 non
1480 3855 1681 3936 possit
1706 3873 1719 3916 ε
1744 3855 1863 3916 sic·

362 3963 429 4016 ut
458 3972 577 4015 nec
607 3952 870 4032 angelus
913 3952 978 4013 in
1024 3951 1281 4033 propria
1318 3959 1540 4013 natura
1579 3953 1861 4015 dealbari

362 4060 587 4135 potest.
622 4051 758 4114 Non
802 4050 996 4130 igitur
1036 4049 1143 4111 ille
1183 4049 1349 4130 ignis
1389 4050 1671 4112 animam
1714 4051 1863 4113 alte·

362 4158 479 4223 rat,
524 4158 634 4213 aut
681 4147 1111 4211 calefaciendo
1158 4154 1536 4211 transmutat
1580 4166 1593 4210 :
1637 4157 1702 4211 et
1749 4168 1863 4231 per

1970 3164 2081 3226 tali
2114 3182 2241 3227 non
2275 3163 2425 3225 insit
2455 3163 2686 3226 animae
2717 3162 3064 3244 corporalis
3096 3182 3206 3226 seu
3247 3164 3470 3227 altera·

1970 3264 2101 3325 tiva
2150 3281 2358 3345 poena.
2412 3297 2492 3306 -—
2539 3262 2864 3334 Praeterea,
2916 3261 3083 3324 sicut
3138 3262 3469 3326 beatarum

1970 3363 2330 3424 animarum
2376 3360 2648 3423 felicitas
2700 3379 3016 3442 nusquam
3061 3361 3472 3445 interrumpi·

1969 3469 2095 3534 tur,
2129 3462 2284 3522 dum
2325 3459 2516 3522 etiam
2562 3458 2932 3521 hominibus
2969 3467 3320 3541 apparent3
3353 3461 3469 3535 sic,

1970 3559 2025 3621 si
2074 3558 2508 3640 dispensative
2549 3557 2774 3620 infelix
2817 3558 3030 3620 anima
3069 3577 3182 3621 seu
3223 3559 3470 3622 daemon

1972 3657 2206 3720 inferni
2251 3657 2460 3719 locum
2504 3656 2773 3730 deserat,
2809 3656 3122 3718 mundum
3163 3657 3375 3732 intret,
3410 3666 3474 3721 et

1969 3755 2216 3818 homini
2247 3762 2570 3836 appareat,
2603 3773 2680 3816 ex
2711 3754 2831 3816 hoc
2872 3754 3076 3836 ipsius
3117 3773 3306 3837 poena
3345 3774 3472 3819 non

1970 3855 2314 3926 dirimitur,
2349 3871 2466 3915 nec
2501 3871 2686 3934 poena
2717 3853 2932 3914 damni
2965 3871 3082 3914 nec
3114 3871 3300 3934 poena
3333 3873 3472 3917 sen-

1970 3973 2096 4015 sus.
2133 3952 2255 4015 Sed
2300 3951 2464 4032 ignis
2505 3950 2746 4012 nullam
2787 3949 3208 4013 substantiam
3249 3951 3475 4015 alterat

1968 4060 2079 4114 aut
2122 4057 2396 4130 torquet,
2439 4048 2564 4110 nisi
2611 4067 2724 4130 per
2763 4048 3044 4110 medium
3093 4049 3293 4111 virtus
3330 4051 3472 4132 ejus

1969 4150 2178 4212 activa
2223 4148 2550 4210 derivetur
2599 4155 2662 4210 et
2709 4146 3131 4220 diffundatur,
3179 4149 3472 4230 patienti-

363 4267 783 4331 consequenS,
834 4255 906 4308 ut
951 4247 1224 4321 videtur,
1273 4247 1686 4329 corporaliter
1734 4267 1859 4310 non
1894 4253 1941 4316 D
1971 4266 2094 4331 que
2128 4246 2556 4328 imprimatur.
2597 4245 2717 4308 Sed
2750 4245 3183 4308 irrationabile
3225 4247 3473 4311 videre·

362 4349 495 4430 agit
534 4347 599 4408 in
638 4365 799 4408 eam.
834 4381 913 4390 -
944 4345 1187 4418 Adhuc,
1221 4345 1286 4406 in
1326 4346 1538 4408 anima
1575 4355 1863 4428 separata

364 4445 687 4511 sensitivae
720 4445 887 4507 vires
918 4461 1040 4506 non
1076 4452 1408 4506 remanent
1438 4443 1559 4506 nisi
1592 4445 1759 4506 sicut
1799 4445 1861 4506 in

363 4545 601 4616 radice,
632 4561 761 4606 non
793 4550 1005 4604 autem
1041 4541 1105 4604 in
1136 4550 1306 4617 actu,
1340 4562 1535 4624 quum
1572 4544 1702 4605 sint
1728 4544 1862 4605 ani-

360 4663 489 4708 mae
548 4641 927 4724 corporique
986 4658 1381 4714 communeS,
1443 4649 1513 4702 ut
1570 4641 1745 4704 visus
1802 4649 1867 4704 et

356 4751 590 4806 tactus.
626 4741 693 4802 In
734 4739 949 4800 anima
986 4757 1139 4801 vero
1175 4747 1462 4820 separata
1502 4739 1864 4802 intellectus

360 4838 809 4904 tantummodo
851 4844 915 4898 et
956 4836 1248 4898 voluntas
1292 4845 1717 4918 perseverant.
1760 4839 1865 4902 Hae

361 4947 585 5002 autem
647 4935 966 5018 potentiae,
1015 4953 1217 5015 quum
1276 4934 1401 4996 sint
1460 4935 1862 5016 inorganicae‚

362 5036 531 5101 nihil
564 5033 977 5115 corporaliter
1017 5031 1231 5094 valent
1268 5033 1570 5114 recipere.
1606 5035 1742 5096 Non
1772 5053 1867 5096 er-

360 5155 449 5218 go
486 5135 701 5198 anima
740 5138 1026 5214 separata
1064 5131 1317 5194 videtur
1361 5131 1441 5193 ab
1491 5132 1633 5214 igne
1683 5151 1868 5215 posse

338 5232 675 5316 torqueri.

448 5333 527 5396 At
570 5345 749 5404 vero,
791 5327 1103 5412 quidquid
1143 5327 1242 5391 vel
1283 5336 1379 5390 est
1418 5328 1519 5391 vel
1564 5328 1870 5413 recipitur

1972 4355 2097 4420 tur,
2149 4347 2200 4408 si
2254 4345 2397 4426 quis
2456 4345 2698 4406 diceret
2756 4343 3129 4407 universum
3188 4347 3472 4411 medium

1972 4447 2051 4508 ab
2104 4445 2249 4525 igne
2301 4443 2600 4505 infernali
2651 4461 2855 4524 usque
2903 4443 2981 4504 ad
3032 4461 3146 4505 nos
3193 4445 3470 4522 alterari,

1971 4551 2080 4604 aut
2154 4541 2318 4622 ignis
2391 4540 2882 4623 impressionem
2961 4542 3262 4624 recipere.
3335 4545 3472 4610 Non

1974 4658 2125 4722 ergo
2165 4639 2439 4711 videtur,
2482 4639 2650 4719 quod
2700 4638 2779 4700 ab
2830 4639 2974 4718 igne
3015 4657 3320 4722 corporeo
3367 4662 3473 4706 ex-

1977 4740 2252 4822 periatur
2282 4738 2498 4799 anima
2529 4736 3014 4817 impressionem
3041 4737 3312 4821 aliquam
3345 4761 3474 4823 poe-

1976 4838 2206 4900 nalem.

2055 4936 2148 4999 Ad
2182 4935 2512 5018 praesentis
2545 4934 2738 5014 igitur
2767 4933 3173 4998 difficultatis
3202 4937 3470 5003 decisio-

1977 5054 2147 5106 nem,
2194 5033 2638 5115 multipliciter
2680 5039 2743 5094 et
2784 5032 3170 5095 difformiter
3209 5053 3468 5118 respon·

1976 5135 2131 5196 dent
2176 5131 2458 5214 plurimi.
2508 5131 2758 5193 Etenim
2807 5133 3298 5213 supponendum
3349 5145 3466 5212 est,

1977 5232 2147 5313 quod
2227 5229 2390 5311 ignis
2469 5227 2802 5290 infernalis
2873 5227 2955 5288 sit
3019 5247 3208 5292 verus
3275 5240 3468 5316 atque

1980 5345 2346 5414 corporeuS,
2378 5335 2444 5390 et
2471 5345 2596 5390 non
2630 5333 2876 5390 tantum
2907 5328 3340 5410 metaphorice
3376 5333 3470 5400 di·

3499 2106 3572 2138 Vl*-

3501 3291 3590 3327 νιν.
