4300 6259
1745 499 1932 548 mnnx
1971 500 2310 548 qussmls

556 686 629 729 ne
648 673 706 730 et
730 669 1106 730 distinctione
1131 671 1497 731 diversarum
1527 671 1841 744 processio-

555 777 698 817 num
707 801 1832 818 .............
1875 761 1982 816 276

479 849 780 908 Articulus
809 851 1042 908 XXXVI.
1075 852 1240 918 Quod
1279 850 1570 923 processio
1611 849 1836 906 entium

555 957 592 996 a
625 941 740 996 Deo
779 940 1084 998 benedicto
1113 956 1232 997 non
1264 941 1340 994 sit
1364 939 1649 998 naturalis
1677 938 1839 996 efflu-

558 1031 670 1094 xio,
701 1034 768 1088 ut
795 1031 1076 1087 dixerunt
1101 1030 1396 1086 Avicenna
1421 1033 1478 1086 et
1507 1027 1840 1101 Peripateti-

560 1136 763 1177 corum
795 1119 1054 1191 plurimi,
1089 1136 1276 1192 neque
1317 1117 1645 1176 essentialis
1685 1118 1836 1174 emi-

558 1208 725 1274 catio,
759 1211 824 1266 ut
850 1208 934 1266 ait
957 1207 1136 1265 Plato.
1171 1225 1276 1264 nec
1305 1206 1568 1264 formalis
1599 1223 1836 1280 genera-

553 1298 654 1363 tio,
687 1300 753 1354 ut
781 1297 1022 1370 quidam
1055 1297 1274 1370 opinati
1307 1299 1444 1353 sunt
1449 1338 1833 1350 .....
1873 1295 1980 1350 276

479 1387 778 1444 Articulus
841 1387 1099 1442 XXXVII.
1169 1387 1246 1443 De
1319 1385 1583 1442 libertate
1659 1384 1836 1458 primi

555 1475 782 1548 agentis
796 1516 1832 1531 ............
1873 1473 1980 1529 278

480 1565 777 1623 Articulus
804 1565 1090 1621 XXXVIII.
1122 1566 1284 1630 Quod
1315 1563 1581 1621 divinum
1624 1580 1727 1620 ens
1765 1563 1839 1618 sit

557 1654 788 1720 volens;
821 1657 880 1712 et
921 1655 1424 1727 quemadmodum
1467 1654 1520 1710 ei
1561 1653 1700 1709 insit
1741 1669 1840 1707 vo-

555 1746 750 1801 luntas
779 1743 1102 1800 immobilis
1129 1743 1568 1815 complacentiae
1635 1785 1648 1798 .
1728 1786 1739 1797 .
1821 1787 1833 1798 .
1873 1741 1982 1797 280

482 1833 779 1891 Articulus
815 1833 1048 1888 XXXIX.
1080 1833 1245 1897 Quod
1283 1831 1536 1888 universi
1575 1849 1610 1888 a
1647 1831 1838 1903 primo

557 1920 868 1994 processi0,
898 1937 1018 1977 non
1048 1921 1504 1992 incongruenter
1531 1919 1838 1992 sapientia·

560 2011 630 2067 lis
658 2027 728 2068 ac
755 2010 940 2067 libera
968 2014 1024 2067 et
1059 2013 1344 2082 tanquam
1384 2007 1704 2065 artificialis
1739 2025 1840 2081 ap-

560 2101 806 2174 pelletur
812 2135 1836 2156 ............
1876 2098 1979 2152 281

487 2189 785 2258 Articulus
825 2190 932 2244 XL.
985 2188 1148 2254 Quod
1197 2203 1396 2244 rerum
1434 2203 1471 2242 a
1507 2187 1621 2243 Deo
1668 2188 1839 2243 bene·

559 2279 714 2334 dicto
742 2276 993 2334 causalis
1021 2275 1273 2340 diffusio,
1298 2292 1404 2331 nec
1433 2292 1574 2348 pure
1606 2278 1840 2332 natura·

558 2368 647 2434 lis,
680 2383 869 2440 neque
894 2383 1036 2440 pure
1068 2364 1391 2422 artificialis
1419 2365 1668 2422 dicenda
1695 2365 1772 2420 sit
1825 2407 1838 2420 .
1878 2365 1984 2420 282

486 2457 782 2517 Articulus
819 2456 952 2512 XLI.
985 2456 1498 2522 Quemadmodum
1543 2456 1602 2510 in
1649 2453 1841 2510 trifor-

561 2547 642 2602 mi
685 2562 998 2603 causarum
1044 2561 1252 2617 genere
1300 2543 1560 2617 primum
1600 2543 1674 2600 sit
1713 2542 1840 2600 uni-

557 2653 858 2695 versorum
890 2651 1066 2692 causa
1080 2675 1836 2688 .........
1878 2633 1984 2687 282

488 2727 784 2784 Articulus
811 2726 970 2782 XLII.
1003 2725 1166 2790 Quod
1199 2723 1256 2778 in
1292 2722 1454 2778 omni
1484 2722 1672 2795 specie
1693 2721 1843 2779 entis

561 2817 635 2872 sit
678 2815 916 2887 aliquod
955 2829 1259 2870 summum
1299 2814 1541 2878 bonum,
1575 2813 1729 2884 quod
1769 2811 1844 2866 sit

561 2905 968 2978 appropriatus
1001 2903 1134 2959 finis
1163 2905 1336 2960 rebus
1363 2902 1498 2958 talis
1527 2902 1750 2959 ordInis
1827 2946 1838 2958 .
1879 2902 1985 2958 283

489 2993 784 3051 Articulus
812 2994 997 3050 XLIII.
1029 2993 1335 3058 Quomodo
1373 2991 1718 3048 universitas
1755 3008 1842 3047 re-

562 3101 696 3140 rum
740 3083 994 3140 finaliter
1029 3085 1202 3153 atque
1246 3081 1579 3138 differenter
1618 3080 1846 3136 ordine-

561 3177 656 3230 tur
682 3176 741 3230 et
769 3173 971 3229 tendat
1005 3171 1064 3226 in
1107 3171 1368 3243 primum
1399 3170 1843 3242 supersubstan-

561 3262 698 3320 tiale
727 3279 940 3334 purum
973 3263 1192 3317 bonum
1263 3299 1835 3315 .......
1879 3259 1986 3315 284

487 3351 784 3408 Articulus
813 3351 994 3406 XLIV.
1024 3350 1102 3406 De
1127 3349 1240 3406 fine
1261 3347 1573 3405 creationis
1595 3347 1803 3404 mundi
1827 3365 1840 3403 :

563 3441 622 3496 in
654 3457 768 3513 quo
798 3438 1125 3496 ostenditur
1155 3437 1658 3509 quemadmodum
1689 3437 1842 3508 eJus-

562 3530 696 3586 dem
745 3529 942 3602 plures
985 3527 1130 3584 fines
1174 3528 1486 3598 ponantur,
1531 3541 1717 3597 quum
1769 3525 1844 3580 sit

563 3621 760 3676 tamen
791 3617 1062 3673 omnium
1091 3631 1248 3674 unus
1275 3614 1750 3687 simplicissimus
1781 3614 1843 3668 fl-

565 3708 674 3772 nis,
706 3707 807 3780 qui
835 3710 920 3763 est
950 3708 1100 3763 Deus
1164 3745 1837 3763 ........
1878 3705 1985 3760 285

493 3797 785 3854 Articulus
812 3797 966 3852 XLV.
1002 3797 1078 3853 De
1109 3795 1222 3851 fine
1243 3811 1344 3851 seu
1366 3793 1634 3851 felicitate
1656 3793 1844 3866 cujus-

566 3887 706 3944 libet
730 3885 1142 3942 intellectualis
1170 3884 1510 3942 substantiae
1543 3929 1555 3940 .
1637 3928 1649 3940 .
1731 3929 1743 3940 .
1826 3928 1837 3939 .
1877 3884 1984 3939 286

493 3977 788 4033 Articulus
827 3976 1009 4031 XLVI.
1044 3975 1208 4040 Quod
1248 3989 1435 4046 neque
1479 3973 1540 4028 in
1584 3977 1842 4030 contem-

567 4066 818 4139 platione
851 4064 1056 4137 primas
1074 4063 1330 4119 veritatis
1359 4079 1490 4135 quae
1520 4063 1845 4120 communi-

563 4159 652 4212 ter
680 4141 956 4212 omnibus
987 4153 1152 4216 inest,
1186 4151 1373 4208 necin
1397 4169 1464 4208 ea
1489 4169 1620 4224 quae
1639 4156 1724 4208 est
1743 4170 1846 4225 per

565 4245 758 4306 fidem,
801 4259 988 4314 neque
1031 4242 1090 4297 in
1140 4240 1241 4297 illa
1277 4257 1409 4313 quae
1453 4242 1699 4297 habetur
1743 4259 1848 4313 per

565 4331 1144 4395 demonstrationem,
1169 4331 1268 4387 sed
1300 4329 1486 4386 necin
1509 4329 1706 4401 aliqua
1725 4347 1848 4400 spe-

564 4422 853 4479 culatione
897 4421 1018 4477 veri
1065 4419 1333 4492 proesenti
1381 4419 1514 4475 vitae
1562 4419 1842 4491 possibili.

566 4512 640 4570 sit
669 4511 1077 4568 constituenda
1106 4509 1367 4565 humana
1397 4508 1657 4565 felicitas.
1739 4551 1751 4564 .
1831 4551 1842 4564 .
1882 4510 1988 4564 287

493 4601 790 4660 Articulus
844 4600 1051 4656 XLVII.
1111 4599 1176 4654 In
1234 4599 1401 4670 cujus
1466 4597 1849 4670 intelligibilis

568 4689 1060 4763 contemplatione
1099 4687 1176 4744 sit
1216 4687 1501 4745 naturalis
1546 4687 1850 4744 rationalis

567 4781 784 4838 animae
812 4778 1110 4836 beatitudo
1148 4778 1454 4834 statuenda
1495 4777 1852 4850 objectaliter

573 4868 938 4940 finaliterque
982 4907 1846 4923 ..........
1889 4867 1996 4921 289

500 4957 796 5015 Articulus
830 4957 1062 5012 XLVIII.
1103 4956 1182 5012 De
1225 4953 1509 5027 positione
1549 4953 1856 5012 Avicennae

575 5047 730 5104 circa
753 5045 1082 5102 naturalem
1111 5043 1328 5100 anima».
1357 5043 1777 5101 beatitudinem
1841 5087 1852 5098 .
1893 5045 1999 5100 290

501 5135 800 5192 Articulus
835 5134 1014 5189 Xle.
1049 5133 1558 5198 Quemadmodum
1593 5134 1661 5188 de
1691 5136 1858 5188 natu-

575 5224 686 5282 rali
728 5222 1086 5281 beatitudine
1132 5222 1410 5278 humanae
1455 5221 1670 5278 animae
1699 5223 1857 5278 Plato

579 5312 824 5373 senserit
832 5353 1857 5369 ............
1898 5313 2001 5367 291

3454 477 3573 548 631

2087 669 2383 728 Articulus
2411 672 2469 728 L.
2502 672 2569 728 ln
2598 687 2712 744 quo
2740 671 3069 730 Alexander
3102 667 3440 744 Peripateti-

2161 777 2282 826 cus,
2322 763 2601 819 Averroes
2646 764 3073 818 commentator
3114 763 3171 818 et
3211 761 3441 817 Abuba-

2160 851 2295 907 ther
2322 851 2632 908 statuerint
2659 850 2896 908 finalem
2924 850 3183 908 hominis
3204 848 3445 908 felicita-

2163 943 2281 997 tem
2312 957 2325 996 :
2358 941 2418 996 in
2450 955 2565 1013 quo
2596 939 2924 996 declaratur
2962 940 3257 1012 quomodo
3296 939 3449 996 inter

2163 1029 2435 1086 meliores
2480 1029 2993 1102 Peripateticorum
3034 1029 3109 1085 sit
3146 1027 3449 1085 diversitas

2160 1118 2222 1174 in
2254 1118 2623 1190 explanando
2652 1119 2911 1175 mentem
2940 1116 3265 1174 Aristotelis
3293 1115 3450 1172 circa

2164 1210 2511 1279 praesentem
2542 1207 2850 1264 materiam
2868 1247 3443 1263 .......
3483 1205 3588 1262 291

2088 1297 2387 1354 Articulus
2418 1298 2501 1353 LI.
2532 1298 2610 1354 De
2643 1296 2926 1368 positione
2954 1297 3189 1352 Thomae
3216 1300 3273 1354 et
3299 1295 3447 1369 AEgi·

2161 1387 2242 1444 dii
2292 1389 2363 1444 de
2412 1389 2614 1450 Roma,
2656 1389 2715 1444 et
2754 1388 3147 1458 quorumdam
3192 1385 3443 1442 aliorum

2162 1478 2467 1534 doctorum
2499 1479 2715 1532 nostrae
2750 1475 3051 1548 religionis
3080 1492 3197 1532 non
3228 1473 3447 1532 medio-
3486 1499 3491 1504 ·

2162 1567 2276 1624 cris
2322 1565 2703 1631 auctoritatis,
2746 1565 2900 1622 circa
2942 1565 3270 1622 naturalem
3318 1563 3443 1620 ani-

2162 1671 2277 1712 moe
2304 1657 2586 1727 separatae
2614 1653 2947 1712 felicitatem
2958 1693 3440 1710 ......
3480 1653 3587 1708 293

2088 1744 2384 1801 Articulus
2412 1745 2503 1800 Lll
2583 1784 3442 1800 ..........
3481 1742 3590 1799 294

2089 1833 2386 1891 Articulus
2432 1833 2567 1889 LIII.
2620 1834 2785 1900 Quod
2834 1833 3095 1905 primum
3146 1849 3325 1904 agens
3372 1830 3451 1887 sit

2164 1923 2624 1981 substantialiter
2670 1923 2729 1978 in
2788 1939 2848 1980 se
2904 1921 3225 1979 subsistens
3278 1921 3447 1978 intel—

2162 2014 2345 2070 lectus
2388 2051 3437 2070 ............
3478 2011 3589 2067 294

2089 2102 2387 2160 Articulus
2428 2102 2560 2156 LIV.
2602 2102 2681 2157 De
2721 2101 3041 2173 prioritate,
3074 2099 3448 2172 simplicitate

2162 2194 2219 2247 et
2249 2190 2599 2263 perfectione
2628 2190 2809 2246 divini
2842 2189 3171 2246 intellectus
3240 2234 3251 2246 .
3335 2234 3347 2246 .
3432 2233 3444 2246 .
3484 2189 3593 2246 295

2089 2280 2385 2337 Articulus
2415 2281 2522 2336 LV.
2554 2281 2720 2346 Quod
2750 2281 2809 2337 in
2840 2279 3019 2352 primi
3042 2278 3255 2336 actoris
3275 2279 3449 2336 lumi-

2163 2387 2236 2427 ne
2264 2385 2497 2426 necesse
2526 2369 2603 2425 sit
2630 2369 2899 2426 omnium
2928 2385 3128 2426 rerum
3156 2367 3449 2440 exempla-

2162 2475 2255 2516 res
2283 2457 2539 2514 rationes
2570 2457 2918 2514 constituere
2968 2499 3442 2514 ......
3484 2457 3591 2514 297

2091 2548 2385 2606 Articulus
2425 2548 2558 2603 LVI.
2589 2549 2665 2603 De
2696 2545 2936 2604 nomine
2973 2545 3137 2611 ideae,
3167 2549 3225 2603 et
3252 2561 3450 2619 quem-

2165 2638 2488 2694 admodum
2516 2635 2575 2692 in
2607 2636 2733 2693 luce
2764 2635 2946 2692 divini
2977 2635 3305 2692 intellectus
3324 2635 3451 2692 uni·

2163 2743 2465 2784 versorum
2522 2724 2779 2782 rationes
2845 2724 3061 2782 ideales
3127 2726 3450 2782 statuendae

2164 2816 2282 2872 sint
2305 2857 3443 2871 .............
3485 2814 3593 2870 298

2093 2904 2388 2962 Articulus
2430 2905 2587 2960 LVII.
2623 2905 2790 2969 Quod
2831 2903 3109 2961 idealium
3150 2901 3444 2959 rationum

2166 3011 2267 3050 seu
2296 2993 2725 3064 exemplarium
2766 2992 3090 3064 specierum
3132 2991 3450 3049 multitudo

2168 3081 2531 3155 simplicitati
2580 3081 2761 3138 divini
2808 3080 3138 3138 intellectus
3183 3096 3301 3136 non
3350 3081 3449 3137 de-

2163 3175 2328 3244 roget
2404 3213 3441 3228 ............
3484 3171 3592 3227 299

2092 3260 2388 3320 Articulus
2417 3261 2602 3316 LVIII.
2634 3261 2799 3326 Quod
2830 3259 3098 3316 omnium
3130 3262 3186 3316 et
3214 3257 3454 3316 sensibi-

2166 3351 2315 3408 lium
2352 3352 2410 3406 et
2455 3348 2905 3412 insensibilium,
2946 3352 3003 3406 et
3048 3346 3453 3405 universaliter

2167 3439 2573 3496 universorum
2615 3437 3120 3509 qualitercumque
3162 3435 3447 3494 exsisten—

2166 3528 2335 3592 tium,
2360 3527 2655 3600 propriam
2686 3531 2861 3598 atque
2892 3525 3227 3581 distinctam
3258 3524 3453 3597 cogni-

2164 3616 2387 3672 tionem
2423 3617 2633 3672 habeat
2654 3615 2887 3671 divinus
2914 3612 3258 3670 intellectus.
3340 3656 3353 3669 .
3433 3657 3445 3670 .
3487 3613 3589 3669 301

2093 3705 2390 3762 Articulus
2436 3706 2569 3760 LIX.
2624 3705 2699 3760 De
2756 3703 3083 3759 rationibus
3128 3701 3449 3759 volentium

2166 3796 2282 3850 Deo
2338 3793 2681 3850 subtrahere
2739 3792 3134 3864 cognitionem
3193 3790 3451 3864 singula-

2165 3880 3589 3940 rium...........;303

2095 3973 2388 4029 Articulus
2426 3973 2531 4029 LX.
2578 3973 2743 4038 Quod
2785 3969 3133 4043 temporalia
3171 3969 3454 4026 aeternali-

2168 4066 2272 4126 ter,
2319 4061 2619 4118 sensibilia
2674 4059 3108 4124 insensibiliter,
3155 4057 3451 4132 partibilia

2168 4153 2225 4206 et
2244 4149 2568 4222 composita
2594 4153 2766 4221 atque
2794 4148 3161 4204 dissolubilia
3184 4145 3452 4219 imparti-

2167 4239 2377 4304 biliter,
2418 4238 2763 4310 simpliciter
2803 4255 2871 4294 ac
2912 4235 3449 4310 indispergibiliter,

2170 4328 2473 4385 variabilia
2510 4345 2741 4401 quoque
2772 4330 2829 4384 et
2862 4326 3265 4399 contingentia
3291 4325 3450 4381 inva-

2169 4418 2453 4475 riabiliter
2493 4422 2550 4475 et
2591 4417 2912 4474 necessarie
2955 4415 3186 4474 divinus
3227 4415 3449 4472 intelle-

2170 4510 2297 4564 ctus
2328 4507 2626 4564 verissime
2654 4505 3079 4579 contempletur
3155 4549 3167 4560 .
3248 4548 3261 4561 .

2098 4595 2394 4653 Articulus
2435 4597 2568 4651 LXI.
2618 4596 2782 4662 Quod
2840 4594 3073 4650 divinus
3128 4593 3453 4650 intellectus

2174 4683 2377 4741 omnia
2414 4701 2545 4756 quae
2584 4682 2880 4756 cognoscit
2922 4682 3361 4754 quomodolibet
3400 4685 3457 4739 et
3551 4703 3555 4706 ·

2177 4772 2627 4837 omniformiter,
2657 4770 3120 4842 contempletur
3107 4787 3165 4826 m
3193 4770 3317 4842 ipso
3339 4785 3461 4826 mo-

2178 4867 2376 4920 mento
2408 4860 2744 4918 aeternitatis
2786 4901 3455 4916 ........
3498 4859 3606 4916 305

2107 4952 2403 5009 Articulus
2431 4951 2592 5007 LXII.
2626 4953 2713 5006 An
2752 4949 2985 5005 divinus
3024 4948 3351 5006 intellectus
3390 4949 3465 5005 sit

2182 5039 2667 5111 contemplativus
2704 5055 2777 5094 an
2828 5037 3174 5109 operativus,
3208 5041 3311 5094 aut
3350 5037 3465 5094 alia

2184 5129 2599 5202 qualicumque
2629 5127 3015 5200 appellatione
3044 5127 3461 5184 nominandus.
3500 5127 3607 5184 306

2111 5218 2407 5277 Articulus
2456 5218 2639 5274 LXIII.
2690 5219 2766 5272 De
2815 5216 3099 5289 positione
3148 5215 3363 5273 Alberti
3408 5219 3465 5273 et
3571 5281 3577 5286 ,

2187 5306 2455 5366 Averrois
2504 5307 2659 5364 circa
2704 5305 3151 5380 appellationem
3207 5304 3465 5363 scientiae

3434 4503 3596 4562 304
