4300 6259
921 659 981 702 se
1003 646 1232 713 notum,
1252 647 1351 703 aut
1382 641 1658 703 facillime
1687 641 2205 718 copiosissimeque

921 733 1218 806 probabile
1261 775 2200 792 ...........

846 821 1170 895 propositio
1211 823 1416 880 LXXX.
1457 823 1968 891 Quemadmodum
2016 822 2203 880 Deum

915 926 1058 976 esse,
1091 911 1456 970 naturalibus
1485 912 1810 969 rationibus
1839 913 2204 971 demonstra·

915 1004 1030 1068 tur,
1063 1001 1144 1058 ita
1170 1003 1228 1059 et
1254 1017 1324 1060 ea
1352 1019 1483 1076 quoe
1511 1001 1854 1059 necessariis
1881 1000 2207 1058 rationibus

917 1091 1309 1148 ostenduntur
1353 1089 1469 1148 Deo
1520 1090 1707 1148 inesse
1753 1106 1822 1146 ac
1870 1088 2199 1154 convenire,

918 1183 1140 1253 queunt
1169 1179 1403 1253 probari
1433 1178 1886 1237 demonstrative
1907 1221 1920 1233 .
1999 1219 2011 1234 .
2093 1221 2104 1234 .
2186 1221 2197 1233 .

843 1267 1164 1342 propositio
1191 1269 1422 1326 LXXXI.
1455 1269 1641 1326 Causa
1677 1267 1889 1340 prima,
1931 1266 2205 1324 universa

916 1361 974 1414 et
1013 1357 1249 1432 singula
1297 1358 1356 1414 in
1395 1357 1630 1431 propria
1675 1374 1782 1415 sua
1823 1356 1951 1413 luce
1999 1372 2067 1412 ac
2110 1372 2204 1412 sa-

919 1446 1134 1521 pientia
1177 1447 1500 1506 clarissime
1545 1447 1823 1511 intuetur‚
1855 1443 2202 1518 perfectissi-

921 1553 1016 1595 me
1063 1537 1269 1606 noscit,
1315 1536 1812 1612 providentialiter
1857 1533 2090 1592 ordinat
2133 1550 2202 1592 ac

919 1625 1176 1701 disponit
1251 1666 2197 1685 ...........

845 1715 1169 1790 Propositio
1198 1716 1454 1773 LXXXII.
1487 1717 1566 1772 Ea
1585 1731 1716 1789 quae
1736 1716 1806 1772 de
1827 1715 1944 1772 Deo
1964 1717 2021 1771 et
2042 1730 2201 1771 crea-

917 1806 1068 1864 turis
1105 1805 1402 1870 dicuntur,
1436 1821 1553 1861 non
1585 1804 1938 1862 conveniunt
1965 1803 2050 1860 eis
2078 1803 2205 1860 uni·

915 1911 1072 1961 voce,
1105 1911 1212 1954 nec
1249 1895 1493 1952 omnino
1535 1893 1846 1968 aequivoee,
1879 1893 1981 1950 sed
2009 1892 2203 1966 potius

916 1983 1218 2058 analogice
1251 2024 2199 2041 ...........

845 2067 1167 2148 Propositio
1204 2074 1486 2131 LXXXIII.
1525 2071 1968 2130 Perfeetionalia
2012 2071 2203 2128 nomi·

916 2180 1010 2231 na,
1035 2167 1323 2238 quantum
1353 2164 1428 2220 ad
1459 2166 1732 2220 naturam
1765 2165 1822 2218 et
1847 2178 1972 2219 rem
2005 2177 2108 2233 per
2135 2177 2205 2218 ea

917 2255 1286 2327 designatam
1325 2256 1383 2310 et
1418 2253 1744 2310 secundum
1784 2268 1844 2308 se
1878 2254 2199 2323 sumptam,

917 2343 1290 2408 eminentius,
1315 2342 1478 2416 prius
1498 2341 1804 2415 magisque
1833 2339 2064 2414 proprie
2087 2339 2201 2395 Deo

918 2433 1267 2491 conveniunt
1282 2449 1460 2505 quam
1477 2430 1686 2489 creatis
1699 2448 1714 2497 ;
1729 2429 1994 2504 quamvis
2014 2428 2202 2502 quoad

920 2525 1165 2582 modum
1212 2521 1577 2594 intelligendi
1627 2537 1742 2594 quo
1789 2536 1856 2578 ea
1900 2517 2201 2592 cognosci-

917 2630 1070 2678 mus,
1101 2612 1175 2670 sit
1199 2610 1526 2670 econtrario
1533 2649 2198 2666 ........

843 2700 1167 2776 Propositio
1207 2700 1484 2757 LXXXIV.
1526 2700 1677 2757 Deus
1716 2713 1834 2755 non
1883 2700 1969 2754 est
2016 2712 2201 2769 genus

918 2807 1026 2848 nec
1055 2790 1292 2863 species,
1326 2804 1514 2861 neque
1542 2788 1603 2844 in
1635 2803 1844 2860 genere
1874 2789 1976 2843 aut
2001 2784 2201 2857 aliqua

915 2881 1123 2954 specie,
1157 2894 1264 2936 nec
1301 2877 1671 2934 individuum
1710 2878 1812 2935 aut
1851 2890 2099 2952 persona
2137 2873 2197 2929 in

915 2969 1113 3042 aliquo
1141 2967 1596 3040 praedicamento
1627 2967 2006 3022 contenta..
2088 3005 2100 3018 .

846 3058 1166 3132 Propositio
1195 3057 1448 3114 LXXXV.
1477 3056 1662 3112 Causa
1703 3054 1894 3127 prima
1924 3070 2026 3126 per
2051 3002 2199 3109 nihil

915 3146 1358 3221 superadditum
1379 3145 1801 3212 individuatur,
1813 3144 1914 3202 sed
1934 3143 2006 3199 de
2029 3159 2106 3206 se,
2126 3158 2198 3198 ex

916 3255 995 3305 se,
1011 3254 1114 3309 per
1133 3253 1212 3303 se,
1238 3237 1324 3292 est
1345 3234 1602 3292 maxime
1633 3249 1751 3292 una
1779 3236 1837 3290 et
1855 3230 2196 3298 subsistens,

915 3344 983 3385 ac
1021 3325 1212 3400 primo
1247 3328 1306 3384 et
1341 3339 1572 3382 summe
1611 3323 1837 3380 diversa
1865 3321 1938 3378 ab
1981 3320 2112 3378 aliis
2184 3363 2197 3376 .

962 3569 1040 3614 1)ss
1084 3565 1483 3614 EuANATmNn
1525 3561 1954 3610 uuivssnsonuu
1997 3562 2039 3606 A
2082 3560 2220 3606 Dm.

841 3771 1164 3846 Propositio
1195 3771 1469 3828 LXXXVI.
1503 3771 1652 3830 Deus
1680 3773 1768 3830 est
1796 3768 2064 3826 omnium
2087 3765 2202 3839 pri-

915 3879 1014 3918 ma
1041 3878 1219 3919 causa
1248 3860 1304 3917 in
1338 3860 1551 3934 triplici
1583 3877 1792 3934 genere
1822 3874 2014 3917 causae
2089 3900 2102 3912 .
2182 3898 2195 3911 .

844 3951 1161 4023 Propositio
1203 3950 1506 4006 LXXXVII.
1535 3951 1740 4007 Totum
1787 3948 2124 4005 universum
2166 3963 2201 4002 a

917 4041 1108 4113 prima
1137 4055 1314 4096 causa
1343 4039 1692 4112 productum
1724 4040 1811 4094 est
1837 4039 1894 4093 et
1922 4035 2199 4108 profluxit

915 4129 1287 4188 emanatione
1329 4125 1725 4190 intellectuali,
1759 4124 1982 4182 liberali
2021 4141 2089 4181 ac
2132 4125 2200 4180 li-

917 4221 1072 4285 bera,
1105 4235 1223 4275 non
1252 4216 1617 4274 emanatione
1644 4212 1897 4272 naturali
1928 4216 2031 4270 aut
2057 4212 2201 4270 emi-

917 4309 1142 4366 catione
1171 4305 1465 4364 essentiali
1495 4321 1563 4363 ac
1595 4303 1920 4362 necessaria
1995 4345 2009 4358 .
2089 4345 2102 4358 .
2185 4346 2196 4359 .

844 4396 1168 4471 Propositio
1197 4396 1522 4452 LXXXVIII.
1564 4393 1760 4451 Prima
1801 4409 1978 4450 causa
2011 4391 2071 4448 in
2110 4407 2199 4448 sa-

917 4485 1137 4560 pientia
1189 4501 1298 4541 sua
1352 4487 1569 4542 aeterna
1625 4481 1876 4539 instituit
1932 4481 2199 4537 ordinem

919 4575 1194 4642 universi,
1225 4577 1284 4632 et
1320 4591 1424 4647 per
1451 4591 1510 4632 se
1540 4573 1728 4647 ipsam
1771 4570 1962 4646 primo
1992 4587 2060 4627 ac
2089 4571 2199 4626 im-

917 4665 1170 4724 mediate
1205 4667 1477 4722 exsecuta
1504 4665 1590 4720 est
1617 4665 1675 4720 et
1703 4660 1944 4735 digessit
1971 4677 2106 4717 eum
2139 4659 2199 4716 in

916 4754 1198 4815 creaturis

842 4845 1168 4920 Propositio
1197 4843 1479 4900 LXXXIX.
1508 4841 1633 4899 Non
1663 4841 1892 4898 videtur
1921 4843 2203 4898 creaturae

916 4950 1244 5008 repugnare
1273 4934 1346 4990 ab
1378 4934 1594 4989 aeterno
1631 4947 1754 4988 esse
1793 4932 2069 4996 creatam,
2101 4929 2202 4985 ab·

915 5024 1102 5080 solute
1148 5021 1478 5094 loquendo;
1511 5019 1780 5093 quamvis
1825 5034 1896 5076 ex
1944 5017 2205 5091 supposi-

917 5114 1075 5170 tione
1105 5111 1158 5168 ei
1187 5113 1488 5183 repugnet,
1519 5108 1658 5182 quia
1685 5109 1756 5165 de
1797 5106 1947 5164 facto
1991 5107 2075 5162 sic
2115 5110 2206 5164 est

919 5203 1078 5275 quod
1120 5199 1323 5256 omnia
1365 5196 1543 5255 simul
1585 5213 1722 5254 cum
1759 5200 2041 5269 tempore,
2084 5211 2203 5253 non

921 5292 994 5350 ab
1025 5293 1242 5348 aeterno
1266 5287 1551 5362 producta
1575 5289 1740 5345 sunt.

2277 733 2347 788 87

2274 1177 2346 1232 88

2273 1624 2346 1680 89

2270 3321 2337 3376 91

2188 5283 2350 5342 ,94

2115 471 2303 520 mni-:x
2342 469 2678 522 munaus

2802 663 2881 711 DE
2925 665 3066 724 mm,
3112 666 3271 714 VERO
3312 666 3387 712 m·
3428 665 3603 714 BONO.

2455 825 2777 898 propositio
2806 826 2913 882 XC.
2942 826 3334 900 Multipliciter
3353 825 3567 883 dieitur
3584 824 3811 898 aliquid

2528 931 2713 971 unum

2456 1003 2777 1076 Propositio
2824 1005 2955 1060 XCI.
3004 1006 3220 1062 Verum
3268 1008 3326 1062 et
3372 1005 3585 1062 veritas
3634 1003 3815 1060 variis

2529 1093 2722 1149 modis
2750 1094 3045 1158 dicuntur,
3085 1110 3152 1150 ac
3195 1093 3599 1167 multipliciter
3633 1093 3813 1149 rebus

2530 1182 2883 1240 conveniunt

2455 1271 2779 1343 Propositio
2806 1272 2962 1328 XCII.
2996 1274 3225 1330 Bonum
3255 1289 3390 1329 cum
3420 1277 3551 1329 ente
3578 1287 3817 1328 conver-

2525 1361 2699 1428 titur3
2740 1362 2841 1419 sed
2878 1361 3027 1419 sicut
3063 1379 3265 1420 verum
3309 1361 3649 1434 superaddit
3686 1358 3812 1418 enti

2525 1451 3021 1523 comparationem
3051 1467 3155 1509 seu
3183 1451 3451 1508 ordinem
3480 1452 3555 1509 ad
3584 1450 3813 1508 intelle·

2526 1543 2705 1606 ctum,
2734 1540 2818 1597 sic
2847 1542 3066 1598 bonum
3111 1540 3451 1614 superaddit
3491 1539 3609 1598 enti
3648 1556 3813 1596 com-

2526 1629 2886 1702 parationem
2918 1632 2976 1687 et
3001 1629 3407 1687 habitudinem
3430 1629 3503 1686 ad
3530 1629 3808 1686 affectum

2526 1735 2627 1776 seu
2655 1717 3012 1776 voluntatem
3040 1759 3709 1775 ........

2456 1807 2776 1880 ProposItio
2805 1808 2991 1864 XCIII.
3016 1811 3203 1866 Omne
3232 1812 3515 1873 creatum,
3538 1807 3598 1865 in
3629 1824 3815 1880 quan-

2526 1900 2653 1954 tum
2681 1899 2998 1970 procedens
3025 1913 3059 1954 a
3082 1899 3197 1955 Deo
3225 1897 3285 1954 in
3314 1897 3537 1954 ratione
3566 1895 3817 1970 triplicis

2527 2001 2737 2052 causae,
2780 1987 3020 2044 sortitur
3062 1986 3366 2053 unitatem,
3397 1984 3699 2044 veritatem
3744 2003 3817 2043 ac

2527 2073 2845 2132 bonitatem
2865 2115 3711 2132 ..........

2958 2316 3037 2362 DE
3080 2316 3453 2363 vauTanS.

2455 2518 2781 2592 Propositio
2829 2519 3009 2575 XCIV.
3058 2519 3227 2576 Solus
3276 2520 3427 2577 Deus
3483 2521 3571 2577 est
3614 2535 3811 2578 essen-

2527 2606 2745 2664 tialiter
2802 2609 3040 2664 sanctus
3104 2611 3162 2664 et
3214 2607 3525 2674 virtuosus,
3569 2625 3639 2665 ac
3696 2608 3811 2665 im-

2528 2695 2841 2768 peccabilis
2904 2713 2975 2754 ex
3040 2699 3252 2754 natura
3298 2713 3313 2752 :
3364 2697 3504 2754 hinc
3558 2714 3651 2755 res
3713 2714 3810 2755 ra·

2524 2786 2771 2842 tionales
2822 2787 2880 2842 et
2934 2785 3355 2843 intellectuales
3402 2785 3671 2860 indigent
3710 2805 3811 2845 su-

2528 2873 2848 2946 peradditis
2910 2874 2995 2931 eis
3060 2874 3321 2932 scientiis
3391 2878 3567 2949 atque
3630 2876 3811 2934 virtu-

2524 2964 2681 3020 tibus
2757 3006 3802 3023 ............

2453 3053 2775 3127 Propositio
2830 3053 2983 3109 XCV.
3033 3054 3545 3120 Quemadmodum
3600 3058 3815 3114 natura

2524 3143 2786 3200 humana
2832 3142 3213 3215 compositior
3251 3146 3339 3201 est
3374 3161 3552 3216 quam
3598 3149 3815 3203 natura

2525 3231 2808 3305 angelica,
2838 3231 2922 3288 sic
2960 3231 3139 3288 homo
3178 3232 3444 3306 pluribus
3468 3236 3600 3307 eget
3626 3234 3816 3292 virtu-

2525 3321 2679 3379 tibus
2706 3338 2883 3394 quam
2913 3322 3159 3394 angelus

2455 3410 2776 3484 Propositio
2815 3411 2995 3467 XCVI.
3026 3410 3323 3468 Virtutum
3362 3412 3630 3484 quiedam
3669 3417 3814 3470 sunt

2525 3498 2965 3566 intellectuales,
3015 3499 3285 3571 quaedam
3336 3500 3605 3567 morales,
3648 3517 3809 3574 quae—

2526 3589 2664 3645 dam
2711 3587 2943 3652 divInae,
2991 3587 3335 3660 theologicae
3381 3604 3614 3662 quoque
3659 3607 3812 3660 non-

2526 3676 2724 3743 nullae,
2754 3680 2813 3732 et
2839 3676 3054 3750 aliquae
3084 3676 3428 3734 cardinales.
3508 3721 3521 3733 .
3600 3723 3613 3734 .
3695 3722 3708 3735 .

2453 3765 2776 3840 Propositio
2804 3766 3009 3822 XCVII.
3041 3765 3298 3823 Virtutes
3334 3767 3633 3825 morales·
3618 3784 3679 3824 m
3712 3785 3810 3843 ge·

2524 3872 2661 3912 nere
2691 3855 2968 3912 dicuntur
2995 3871 3119 3913 esse
3150 3855 3459 3912 duodecim
3511 3899 3524 3912 .
3605 3902 3617 3914 .
3696 3901 3710 3913 .

2525 4035 2686 4107 diget
2714 4033 2889 4089 homo
2922 4032 2981 4088 in
3013 4033 3223 4106 primis
3229 4077 3807 4093 .......

2456 4121 2778 4194 Propositio
2806 4121 2984 4178 XCIX.
3005 4121 3234 4193 Triplex
3262 4125 3352 4180 est
3378 4125 3589 4181 modus
3616 4127 3673 4181 et
3700 4129 3817 4182 sta-

2527 4216 2619 4268 tus
2648 4210 2781 4267 vitae
2810 4211 3090 4268 humanae
3140 4254 3711 4271 .......

2456 4300 2776 4383 Propositio
2813 4301 2869 4356 C.
2914 4301 3097 4356 Homo
3139 4299 3445 4373 tripliciter
3484 4303 3815 4362 considera-

2523 4395 2641 4457 tur,
2672 4392 2730 4447 et
2758 4390 3085 4448 secundum
3124 4390 3234 4447 hoc
3276 4390 3491 4464 triplici
3520 4395 3651 4464 eget
3676 4410 3816 4465 pru·

2526 4479 2726 4537 dentia
2766 4521 3808 4541 ............

2455 4569 2776 4643 Propositio
2822 4569 2907 4625 CI.
2954 4567 3167 4626 Anima
3221 4571 3495 4642 prudens,
3554 4571 3808 4644 sapiens,

2526 4657 2802 4724 virtuosa,
2834 4660 2921 4713 est
2957 4656 3110 4714 sicut
3149 4673 3400 4730 regnum
3440 4659 3586 4717 bene
3615 4660 3814 4732 dispo-

2525 4748 2727 4815 situm,
2756 4747 2918 4820 regio
2962 4747 3225 4819 pulchra,
3255 4751 3313 4804 et
3342 4749 3636 4821 quoddam
3678 4749 3815 4806 uni-

2526 4853 2760 4894 versum
2776 4838 3037 4909 :propter
3056 4836 3212 4908 quod
3233 4836 3408 4892 homo
3428 4837 3627 4894 minor
3644 4853 3817 4896 mun«

2526 4927 2637 4983 dus
2664 4929 2905 4982 vocatur
2960 4967 3713 4984 .........

2457 5014 2777 5087 Propositio
2816 5015 2925 5070 CII.
2968 5014 3129 5070 Finis
3168 5014 3452 5072 virtutum
3496 5019 3584 5073 est
3630 5014 3815 5074 felici-

2529 5109 2635 5170 tas,
2658 5120 2835 5177 quam
2868 5103 3043 5161 homo
3072 5103 3132 5159 in
3164 5103 3439 5162 omnibus
3468 5105 3637 5164 debet
3664 5122 3815 5179 prae-

2531 5210 2897 5268 cognoscere,
2930 5193 3232 5251 intendere
3267 5210 3336 5251 ac
3372 5211 3606 5254 summe
3634 5212 3813 5270 appe·

2528 5286 2649 5342 tere
2682 5325 2695 5339 .
2774 5326 2788 5339 .
2831 5331 2837 5336 .
2868 5323 3811 5343 ...........

3880 1181 3947 1238 96

3795 1719 3949 1774 ,97

3795 2075 3953 2134 ,9¹1

3878 3681 3949 3738 99

2453 3944 2775 4017 Propositio
2802 3944 3033 4000 XCVIII.
3065 3944 3377 4002 Moraiibus
3394 3945 3744 4005 virtutibus’
3729 3901 3818 4004 in·-
3884 3860 3955 3916 99

3852 4037 3955 4095 100

3796 4215 3956 4272 ,100

3852 4484 3950 4540 101

3798 4973 3812 4985 .
3856 4929 3956 4986 101

3856 5287 3959 5344 1⁰2
