4300 6259
885 463 1006 529 364

1515 487 1594 533 DE
1635 487 1862 534 LUMINE
1904 484 2286 532 cflms'rtANAE
2326 483 2629 543 THEORIAE,
2674 487 2851 533 mmm
2893 488 2933 533 1.
2982 505 3059 517 --·
3102 488 3239 534 Am.
3288 488 3370 536 CH

885 654 1030 733 bus,
1063 677 1336 742 quorum
1368 678 1569 722 unum
1600 666 1696 723 est
1723 677 1988 722 movens
2018 666 2080 721 et
2108 657 2382 720 alterum
2411 654 2462 719 A
2492 676 2560 721 se
2604 678 2797 741 quam
2842 659 3039 736 aliud,
3088 667 3157 722 ut
3202 659 3539 743 probatum
3592 666 3696 722 est.
3740 658 3808 720 In
3848 656 3953 720 hoc

887 759 1165 840 motum)
1198 775 1211 820 :
1246 759 1338 821 sic
1383 776 1534 840 ergo
1576 758 1952 840 separabilis
2000 759 2124 820 erit
2164 777 2201 820 a
2248 775 2381 819 cor-

889 873 1062 937 pore.
1116 855 1180 918 Si
1229 864 1442 918 autem
1497 854 1839 936 objiciatur
1894 854 2159 928 Platoni,
2214 853 2381 935 quod

885 954 1180 1036 quamvis
1246 952 1476 1017 animae
1544 953 1882 1016 essentiale
1953 954 2035 1016 sit
2101 970 2381 1024 movere,

2492 776 2641 838 ergo
2690 759 2859 840 quod
2910 766 3011 822 est
3058 777 3315 822 movere
3365 779 3455 834 se,
3502 777 3627 822 non
3672 757 3957 839 dependet

2492 856 2571 917 ad
2614 857 2806 918 aliud.
2854 857 2931 919 Et
2980 857 3123 920 ideo
3171 857 3448 940 ponebat
3492 857 3661 920 Plato
3704 854 3956 918 animam

2495 955 2865 1017 sensitivam
2895 956 3130 1019 habere
3160 956 3595 1038 operationem
3615 974 3725 1037 per
3744 973 3828 1026 se,
3852 971 3957 1016 non

885 1053 1037 1133 quia
1079 1059 1292 1115 tamen
1337 1052 1476 1114 sine
1519 1070 1784 1135 corpore
1827 1070 1952 1114 non
1998 1058 2203 1135 potest
2244 1069 2385 1113 esse

885 1150 1166 1231 expletio
1225 1158 1457 1224 motuS‚
1509 1168 1634 1213 non
1695 1151 1930 1233 poterit-
1975 1149 2189 1213 anima
2246 1167 2384 1210 sen-

887 1247 1076 1310 sitiva
1122 1266 1158 1309 a
1205 1265 1470 1329 corpore
1531 1249 1852 1331 separari3
1902 1249 1978 1310 ad
2041 1249 2160 1310 hoc
2210 1247 2380 1309 Plato

886 1347 1238 1427 respondit,
1283 1346 1439 1408 illud
1485 1365 1624 1410 esse
1671 1347 1734 1408 in
1779 1364 2165 1429 unoquoque
2210 1346 2381 1428 prin-

889 1445 1133 1526 cipium
1168 1452 1399 1520 motus,
1419 1446 1590 1528 quod
1620 1463 1687 1508 se
1719 1446 1930 1527 ipsum
1963 1453 2193 1508 movet.
2214 1445 2385 1506 Dixit

889 1544 1063 1606 enim
1107 1561 1297 1606 omne
1343 1561 1606 1606 movens
1650 1544 1889 1606 moveri
1925 1561 1938 1604 :
1972 1552 2036 1606 et
2070 1544 2213 1606 ideo
2254 1561 2384 1606 mo-

888 1660 1038 1704 vere
1079 1661 1146 1704 se
1187 1642 1421 1724 ipsum,
1456 1650 1550 1704 est
1582 1642 1758 1723 prius
1798 1660 1873 1704 eo
1914 1643 2082 1724 quod
2121 1649 2216 1704 est
2259 1659 2388 1703 mo·
2502 1645 2831 1708 infinitum
2881 1663 3067 1728 posse
3114 1646 3461 1709 ascendere
3509 1653 3575 1708 et
3614 1643 3967 1708 descendere

887 1759 1038 1803 vere
1081 1740 1274 1803 aliud.
1311 1741 1375 1803 Si
1421 1741 1591 1803 enim
1623 1741 1724 1822 (ut
1766 1740 1936 1803 Plato
1983 1740 2218 1822 inquit)
2260 1758 2388 1802 mo·
2501 1744 2565 1806 in
2596 1745 3091 1826 generationem.
3126 1745 3303 1808 Unde
3332 1744 3527 1807 etiam
3568 1743 3835 1826 ponebat
3860 1759 3969 1804 om-

887 1857 1045 1901 vens
1075 1856 1203 1901 non
1235 1847 1440 1922 potest
1470 1859 1537 1902 se
1569 1857 1824 1902 movere
1855 1839 1919 1901 in
1951 1856 2386 1920 se‚nunquam
2424 1839 2471 1900 B
2500 1843 2607 1904 nia
2636 1843 3018 1926 quandoque
3058 1843 3372 1917 renovari,
3406 1849 3471 1906 et
3510 1849 3752 1905 mortua
3788 1839 3970 1902 redire

889 1936 1174 2000 movebit
1231 1956 1299 2001 se
1346 1938 1411 2000 in
1459 1939 1633 2000 aliud
1687 1956 1699 2001 :
1754 1945 1818 2000 et
1864 1938 1956 2000 sic
2005 1955 2261 2001 movere
2319 1957 2387 2000 se
2502 1941 2567 2004 in
2613 1942 2836 2004 eodem
2884 1959 3024 2004 esse
3068 1958 3082 2003 ε
3124 1961 3267 2023 quae
3310 1939 3529 2004 omnia
3570 1940 3821 2004 Proclus
3858 1937 3971 2000 Pla-

892 2035 1106 2117 ipsum
1137 2043 1233 2098 est
1263 2037 1441 2119 prius
1471 2054 1547 2099 eo
1578 2037 1747 2118 quod
1779 2044 1876 2099 est
1906 2054 2161 2100 movere
2189 2036 2383 2098 aliud.
2498 2039 2751 2102 tonicus
2781 2040 2858 2101 ad
2892 2039 3150 2121 longum
3184 2047 3549 2122 pertractat.

891 2135 1230 2197 Posteriori
1290 2141 1506 2197 autem
1563 2133 1906 2198 deficiente
1959 2153 2085 2198 non
2136 2142 2232 2198 est
2282 2154 2387 2196 ne·
2582 2138 2700 2201 Sed
2734 2137 2867 2200 haec
2896 2138 3171 2200 Platonis
3202 2137 3610 2220 philosophia
3647 2153 3847 2217 neque
3881 2132 3973 2195 fir-

895 2251 1073 2296 cesse
1118 2233 1296 2314 prius
1334 2232 1631 2296 deficere.
1679 2233 1856 2295 Ratio
1903 2241 2116 2296 autem
2161 2233 2388 2296 horum
2503 2254 2606 2297 ma
2644 2241 2742 2297 est
2778 2253 2985 2317 neque
3022 2253 3192 2297 vera.
3228 2233 3406 2298 Licet
3448 2234 3623 2296 enim
3670 2239 3865 2295 motus
3903 2230 3972 2292 sit

896 2338 995 2395 est
1029 2349 1044 2394 τ
1077 2351 1223 2394 nam
1257 2332 1610 2394 secundum
1639 2331 1986 2407 Platonem,
2021 2338 2231 2393 motus
2261 2349 2388 2394 non
2499 2333 2784 2416 operatio
2834 2334 3148 2396 moventis
3196 2332 3689 2416 quodammode,
3740 2349 3858 2393 non
3900 2338 3972 2392 ta-

897 2431 1104 2493 solum
1146 2437 1243 2492 est
1277 2437 1458 2492 actus
1497 2429 1755 2492 mobilis
1798 2431 1863 2492 in
1902 2437 2213 2512 quantum
2260 2448 2391 2493 mo·
2502 2451 2649 2495 men
2701 2433 2974 2515 quiescit
3016 2432 3080 2494 in
3124 2449 3222 2506 eo,
3268 2432 3379 2494 sed
3428 2431 3716 2513 procedit
3761 2429 3821 2491 in
3861 2446 3970 2490 mo·

898 2529 1050 2602 bile,
1093 2548 1205 2592 seu
1255 2529 1422 2592 entis
1473 2529 1538 2591 in
1592 2529 1877 2610 potentia
1921 2537 1983 2590 et
2031 2529 2172 2609 ejus
2222 2529 2391 2611 quod
2502 2532 2632 2594 bile
2666 2548 2680 2593 :
2716 2550 2842 2594 non
2874 2538 2971 2594 est
2998 2531 3169 2594 enim
3215 2531 3383 2592 actio
3423 2530 3800 2601 immanenS,
3830 2526 3973 2589 sicut

897 2627 1348 2710 imperfectum
1381 2634 1497 2700 est,
1531 2627 1639 2690 sed
1681 2626 1871 2688 etiam
1913 2633 2010 2689 est
2041 2634 2220 2688 actus
2261 2643 2391 2688 mo·
2503 2631 2668 2693 velle
2726 2638 2788 2692 et
2849 2629 3226 2710 intelligere,
3281 2629 3391 2691 sed
3448 2627 3785 2700 transiens,
3830 2626 3975 2688 sicut

895 2726 1106 2788 ventis
1153 2743 1170 2787 ε
1215 2731 1279 2786 et
1327 2725 1413 2786 ita
1461 2725 1514 2786 si
1567 2743 1828 2787 movens
1871 2743 1998 2786 non
2044 2733 2259 2787 movet
2301 2743 2389 2798 se,
2502 2728 2823 2792 aedificare
2870 2735 2931 2790 et
2978 2727 3347 2790 calefacere.
3380 2725 3555 2790 Nihil
3600 2743 3750 2806 ergo
3791 2731 3976 2786 movet

897 2842 1024 2887 non
1085 2822 1368 2885 movebit
1424 2823 1616 2884 aliud.
1670 2823 1827 2896 Quia
1883 2822 2078 2903 igitur
2136 2840 2393 2885 movere
2502 2828 2711 2890 activo
2762 2835 2937 2889 motu
2980 2826 3365 2907 (secundum
3416 2823 3831 2886 intentionem
3864 2820 3975 2884 Pla·

899 2930 996 2986 est
1042 2921 1474 2985 connaturalis
1522 2921 1806 3002 operatio
1852 2921 2104 2996 animae,
2155 2929 2219 2984 et
2266 2937 2393 2982 non
2502 2925 2671 2988 tonis
2712 2925 2949 2988 utendo
2992 2923 3195 3004 motu)
3224 2942 3291 2984 se
3324 2923 3561 3004 ipsum,
3594 2921 3805 2984 sinon
3838 2920 3978 2981 adsit

899 3039 1154 3103 semper
1203 3028 1414 3083 movet
1461 3037 1714 3101 corpuS,
1761 3037 2021 3082 necesse
2065 3026 2161 3082 est
2210 3027 2279 3080 ut
2326 3037 2393 3080 se
2424 3019 2467 3084 C
2504 3041 2735 3106 corpus
2780 3022 3018 3085 mobile
3058 3021 3377 3102 recipiens
3419 3019 3837 3082 influxionem
3866 3034 3974 3080 mo·

900 3119 1106 3200 ipsam
1149 3126 1418 3180 moveat.
2503 3121 2733 3184 ventis.
2786 3119 2863 3182 Et
2912 3120 3081 3203 quod
3129 3119 3286 3181 dicit
3330 3118 3608 3180 animam
3674 3116 3898 3180 moveri
3946 3135 3977 3175 a

979 3217 1224 3290 Adhuc,
1273 3217 1441 3278 Sicut
1495 3217 1584 3278 ait
1640 3214 1810 3279 Plato
1867 3215 1943 3277 ad
2001 3215 2394 3297 discipulum
2506 3239 2574 3283 se
2622 3220 2781 3302 ipsa,
2834 3218 2994 3280 nihil
3044 3224 3141 3280 est
3192 3234 3206 3280 ε
3253 3216 3503 3279 nullum
3554 3216 3729 3278 enim
3778 3214 3975 3277 indivi-

901 3334 1086 3378 suum
1120 3314 1494 3377 Phaedonem
1529 3315 1816 3396 loquenS‚
1851 3315 1915 3376 iu
1949 3314 2180 3376 minori
2215 3334 2399 3375 mun-
2506 3318 2693 3381 sibile
2752 3324 2849 3380 est
2907 3335 3021 3399 per
3069 3334 3136 3378 se
3188 3314 3464 3394 mobile3
3516 3313 3768 3376 nullum
3814 3312 3973 3375 etiam

901 3414 1004 3487 do,
1047 3414 1216 3495 quod
1255 3420 1352 3475 &St
1395 3412 1653 3485 animal,
1697 3420 1794 3474 &St
1841 3411 2197 3474 SimilitudO
2247 3431 2395 3474 cum
2506 3417 2781 3499 simplex
2826 3422 2889 3478 et
2934 3415 3379 3496 incorporeum
3426 3420 3720 3476 movetur
3760 3431 3863 3494 per
3898 3429 3970 3472 se.

903 3512 1131 3593 maj0ri
1183 3511 1443 3583 mund0,
1493 3511 1664 3592 quod
1714 3518 1809 3572 est
1859 3510 2115 3585 coelum,
2160 3509 2225 3571 in
2274 3510 2395 3572 hoc
2507 3516 2961 3578 Verumtamen
2990 3513 3358 3593 (attactum
3398 3511 3524 3589 est)
3552 3510 3747 3584 Plato,
3778 3507 3975 3592 quidi-

902 3611 1073 3693 quod
1117 3618 1214 3673 est
1257 3610 1499 3672 moveri
1544 3629 1580 3671 a
1622 3628 1690 3672 se
1741 3610 1879 3691 ipso
1921 3617 1984 3672 et
2029 3627 2287 3672 movere
2329 3627 2397 3672 se
2512 3614 2603 3676 xit
2650 3612 2929 3674 animam
2990 3629 3129 3673 esse
3188 3609 3549 3691 simplicem
3598 3615 3662 3671 et
3720 3607 3975 3688 incorpo-

904 3709 1135 3790 ipsum.
1153 3709 1281 3772 Hoc
1312 3709 1482 3771 enim
1517 3706 1816 3770 omnibus
1846 3707 2231 3770 animalibus
2263 3725 2400 3789 per·
2510 3727 2849 3784 ream,non
2882 3707 3196 3770 intellexit
3225 3725 3365 3769 eam
3398 3705 3640 3769 moveri
3669 3725 3707 3768 a
3736 3723 3800 3768 se
3828 3709 3973 3766 motu

903 3807 1090 3870 fectis
1142 3807 1462 3880 convenit,
1508 3815 1576 3867 ut
1624 3806 1989 3868 dividantur
2037 3807 2102 3866 in
2153 3813 2397 3888 partem
2512 3809 2719 3882 locali,
2780 3814 2890 3870 aut
2948 3812 3126 3869 motu
3186 3805 3297 3868 illo
3354 3805 3465 3887 qui
3523 3811 3621 3866 est
3676 3805 3872 3866 exitus
3912 3801 3977 3862 de

902 3912 1265 3968 moventem
1325 3913 1389 3966 et
1447 3913 1705 3968 motam.
1767 3905 1835 3967 In
1909 3904 2128 3986 maj0ri
2188 3911 2398 3967 autem
2514 3907 2794 3991 potentia
2839 3905 2903 3968 in
2943 3912 3198 3982 actum3
3232 3905 3342 3966 sed
3388 3921 3645 3966 movere
3688 3921 3757 3966 se
3797 3903 3973 3983 ipsum

904 4005 1142 4067 mundo
1184 4012 1391 4067 motor
1427 4012 1522 4066 est
1553 4003 2081 4085 incorruptibilis,
2115 4021 2193 4066 eo
2232 4004 2402 4086 quod
2513 4007 2694 4080 dixit,
2748 4005 2917 4087 quod
2978 4004 3041 4065 in
3100 4010 3245 4066 actu
3298 4001 3612 4065 exsistens
3668 4000 3890 4064 exserit
3928 4003 3979 4060 et

903 4123 1017 4187 per
1061 4123 1128 4167 se
1169 4110 1234 4166 et
1269 4121 1393 4165 non
1444 4121 1559 4185 per
1600 4102 1916 4177 accidenS,
1952 4104 2062 4165 sed
2104 4103 2405 4164 essentia·
2514 4105 2749 4168 emittit
2790 4123 2825 4164 a
2868 4121 2936 4164 se
2979 4101 3295 4164 actionem
3348 4117 3361 4161 :
3408 4100 3499 4162 sic
3546 4100 3719 4162 enim
3764 4097 3979 4161 dicebat

903 4204 1049 4265 liter
1094 4203 1400 4284 competit
1441 4203 1500 4264 ei
1549 4219 1806 4264 movere
1842 4220 1855 4263 :
1899 4201 1991 4264 sic
2036 4219 2187 4282 ergo
2229 4209 2292 4264 et
2334 4201 2397 4262 in
2433 4207 2481 4268 D
2515 4203 2795 4286 primum
2857 4219 3121 4263 movens
3181 4199 3423 4262 moveri
3479 4218 3516 4261 a
3572 4217 3641 4260 se
3690 4199 3861 4281 ips03
3902 4195 3978 4256 sic

905 4300 1138 4364 minori
1186 4302 1424 4364 mundo
1465 4300 1785 4382 oportebit
1824 4319 1982 4362 esse.
2515 4318 2773 4382 quoque
2814 4297 2969 4361 dicit
3008 4297 3427 4378 Philosophus
3473 4295 3825 4377 intelligere
3863 4309 3977 4355 esse

984 4399 1300 4480 Amplius,
1353 4407 1563 4461 motus
1611 4397 1917 4460 naturalis
1967 4398 2261 4488 animalis
2309 4405 2405 4460 est
2516 4407 2780 4461 motum.
2818 4397 3022 4471 Quum
3054 4413 3204 4477 ergo
3235 4394 3397 4457 dixit
3434 4395 3714 4457 animam
3758 4408 3979 4456 movere

902 4516 939 4559 a
984 4497 1304 4579 principio
1346 4496 1690 4576 conjuncto
1735 4503 1799 4558 et
1841 4494 2206 4558 intrinseco.
2241 4495 2403 4557 lllud
2516 4517 2584 4561 se
2631 4498 2857 4579 ipsam,
2891 4495 3095 4557 voluit
3136 4494 3349 4556 dicere
3392 4493 3561 4575 quod
3592 4500 3879 4575 operatur
3914 4489 3979 4552 si-

903 4614 1053 4678 ergo
1101 4595 1492 4678 principium
1539 4601 1648 4657 aut
1693 4592 1886 4656 habet
1933 4594 2176 4675 aliquid
2226 4594 2405 4676 prius
2516 4615 2597 4658 ne
2626 4594 3015 4658 adminiculo
3057 4591 3365 4674 corporis,
3396 4592 3754 4654 econtrario
3796 4587 3983 4654 formis

905 4712 996 4767 se,
1031 4710 1297 4755 movens
1339 4693 1576 4775 ipsum,
1611 4699 1720 4754 aut
1752 4710 1819 4753 se
1854 4692 2065 4773 ipsum
2099 4691 2403 4754 movebit.
2518 4712 2658 4775 quae
2707 4710 2833 4755 non
2876 4697 3073 4772 agunt
3114 4688 3357 4771 absque
3402 4690 3684 4752 materia.
3732 4689 3847 4752 Sed
3884 4687 3981 4748 hoc

905 4791 968 4854 Si
1015 4791 1322 4873 primum,
1364 4797 1518 4852 tunc
1565 4808 1691 4852 non
1737 4797 1905 4852 esset
1948 4790 2229 4872 primum
2278 4807 2405 4852 mo·
2517 4799 2614 4854 est
2644 4787 3044 4872 impossibile
3085 4789 3150 4850 in
3190 4787 3406 4849 anima
3444 4787 3653 4850 solum
3694 4787 3982 4854 sensitiva,

904 4909 1080 4952 vens.
1099 4890 1219 4953 Sed
1251 4907 1378 4952 non
1411 4889 1538 4951 itur
1567 4889 1632 4950 in
1665 4888 2012 4951 infinitum.
2032 4889 2291 4971 Oportet
2320 4908 2411 4951 er·
2517 4897 2590 4951 ut
2632 4889 2770 4951 sine
2813 4905 3077 4968 corpore
3120 4893 3437 4968 operetur.
3474 4886 3655 4968 Saepe
3696 4886 3863 4949 enim
3899 4883 3982 4946 de-

901 5006 982 5069 go
1015 4988 1078 5050 in
1111 5005 1497 5070 unoquoque
1527 4987 1696 5069 quod
1731 4994 2022 5049 movetur
2062 5006 2098 5048 a
2137 5005 2205 5050 se
2247 4986 2405 5068 ipso,
2520 4986 2896 5050 monstravit
2951 4983 3346 5056 AristoteleS,
3407 4983 3577 5066 quod
3650 5003 3866 5047 sensus
3920 4981 3983 5042 sit

903 5105 1046 5149 esse
1090 5087 1372 5169 primum
1413 5085 1582 5168 quod
1623 5084 2048 5147 essentialiter
2086 5091 2150 5146 et
2191 5102 2303 5165 per
2340 5102 2409 5146 se
2519 5085 2723 5147 virtus
2774 5082 3044 5165 passiva.
3092 5082 3429 5164 Appetitas
3470 5099 3727 5163 quoque
3770 5077 3981 5145 sensiti-

907 5192 1122 5247 movet
1155 5202 1168 5246 :
1201 5185 1321 5247 hoc
1364 5191 1576 5246 autem
1622 5189 1719 5245 est
1763 5183 2057 5265 simplex.
2093 5182 2269 5256 Quod
2299 5201 2410 5244 au·
2518 5201 2637 5245 vus
2678 5199 3007 5263 nunquam
3050 5179 3188 5241 sine
3226 5179 3759 5241 transmutatione
3800 5193 3981 5258 corpo-

907 5289 1038 5346 tem
1070 5301 1138 5345 se
1167 5283 1308 5366 ipso
1339 5281 1706 5346 immediate
1737 5288 1971 5356 movet,
1987 5281 2166 5364 prius
2200 5287 2413 5344 movet
2520 5281 2608 5344 ris
2653 5279 2977 5343 invenitur
3019 5277 3287 5360 operari.
3334 5275 3644 5351 Quoniam
3688 5295 3835 5360 ergo
3872 5273 3979 5337 ani·

2496 1054 2701 1117 solum
2735 1056 3069 1130 movend0‚
3104 1057 3213 1119 sed
3244 1056 3437 1118 etiam
3470 1053 3807 1118 sentiendo.
3824 1052 3959 1116 Nam

2497 1153 2658 1215 dixit
2695 1154 2932 1216 sentire
2971 1172 3110 1217 esse
3150 1161 3395 1217 motum
3439 1155 3665 1216 animae
3701 1171 3813 1234 per
3850 1169 3963 1213 cor-

2498 1271 2641 1334 puS,
2694 1252 2786 1314 sic
2843 1253 3011 1333 quod
3070 1253 3307 1316 sentire
3363 1260 3460 1315 est
3517 1252 3721 1335 primo
3776 1257 3962 1313 motus

2499 1351 2728 1414 animae
2768 1351 3123 1426 sentientiS,
3170 1358 3234 1414 et
3277 1351 3495 1413 anima
3535 1351 3627 1414 sic
3664 1357 3825 1412 mota
3852 1365 3963 1410 mo-

2498 1455 2679 1512 veret
2737 1467 2969 1532 corpus
3024 1450 3102 1512 ad
3160 1449 3568 1513 sentiendum
3620 1467 3636 1510 ε
3684 1455 3746 1511 et
3788 1446 3865 1510 ob
3907 1446 3961 1508 id

2501 1547 2664 1609 dixit
2710 1565 2931 1610 omnes
2978 1548 3226 1612 animas
3274 1566 3415 1610 esse
3452 1547 3751 1622 brutaleS‚
3796 1564 3865 1608 ac
3909 1545 3963 1606 in
