4300 6259
885 481 1007 549 442

1475 506 1553 555 DE
1593 507 1820 554 Lunum
1861 506 2244 555 cnmsnANAE
2283 508 2587 569 TnssomAE,
2630 510 2806 557 LIBER
2846 510 2910 558 11.
2955 529 3035 540 —
3075 512 3214 559 Aur.
3259 513 3400 559 xmv

882 676 1083 741 disset
1118 677 1300 742 alteri
1342 679 1745 745 essentialem
1788 681 2133 763 quamdam
2175 680 2385 764 perfe-
2414 681 2468 747 A
2495 691 2560 746 et
2601 683 2920 748 humanus
2965 684 3329 749 intellectus
3371 684 3432 749 ei
3477 686 3692 749 deesse
3733 684 3944 749 debuit.

884 775 1182 839 ctionem.
1238 777 1365 841 Hoc
1411 798 1687 862 namque
1738 778 1978 862 ubique
2033 780 2382 856 cernimuS,

882 874 1053 956 quod
1082 876 1236 937 dum
1266 877 1591 940 essentiali
1630 877 1953 961 principio
1994 877 2385 961 imperfecti-

882 972 977 1037 ori
1008 992 1120 1037 seu
1146 973 1435 1038 inferiori
1460 983 1701 1040 naturae
1726 976 2140 1058 conjungitur
2161 985 2385 1041 natura

881 1071 1174 1155 superior
1210 1091 1284 1135 ac
1324 1071 1653 1137 formalior
1693 1076 1771 1137 ad
1816 1075 2008 1138 unius
2044 1076 2378 1157 cujusdam

880 1170 1181 1253 perfectae
1227 1180 1469 1238 naturae
1512 1174 2056 1249 constitutionem,
2088 1183 2244 1237 tunc
2285 1195 2382 1238 es-

880 1269 1165 1333 sentialis
1227 1271 1537 1353 perfectio
1593 1272 1929 1355 copulatur
1986 1273 2079 1335 illi
2140 1280 2382 1338 naturae

882 1365 1171 1430 inferiori
1220 1385 1235 1431 :
1279 1369 1822 1451 quemadmodum
1868 1370 1934 1434 in
1980 1371 2218 1435 unione
2259 1371 2382 1436 for·

882 1484 1003 1529 mae
1032 1473 1096 1529 et
1125 1468 1407 1531 materiae
1435 1467 1647 1552 palam
1676 1476 1773 1532 est
1801 1469 2192 1552 conspicere.
2210 1470 2382 1533 Sicut

880 1562 1075 1645 igitur
1120 1566 1174 1628 si
1218 1574 1459 1631 naturae
1502 1568 1845 1641 sensitiva),
1895 1586 2036 1650 quae
2082 1568 2380 1633 animalis

879 1663 1191 1727 rationem
1232 1665 1533 1748 complet,
1566 1667 1834 1730 addatur
1872 1667 2197 1731 rationalis
2242 1687 2380 1750 per-

877 1761 1093 1837 fectio,
1116 1763 1314 1828 altera
1344 1784 1491 1828 mox
1523 1766 1771 1847 species
1802 1766 2143 1830 constituta
2173 1773 2272 1829 est
2297 1766 2378 1829 ab

2494 781 2672 845 Sicut
2701 783 2874 846 enim
2905 784 2983 847 de
3013 782 3410 866 perfectione
3447 783 3764 848 rationalis
3799 792 3951 846 natu-

2492 899 2578 943 rae
2615 889 2714 943 est
2748 881 3135 957 intellectus,
3173 900 3303 965 quo
3345 882 3512 966 sapit
3557 890 3618 946 et
3663 881 3948 964 intelligit,

2491 979 2585 1041 sic
2615 987 2679 1042 et
2707 980 3024 1055 voluntaS,
3057 1000 3185 1064 qua
3215 980 3398 1045 liberi
3432 981 3679 1045 arbitrii
3709 981 3947 1044 exsistit.

2492 1076 2557 1140 Si
2585 1078 2782 1159 igitur
2810 1097 2936 1143 non
2965 1087 3103 1142 erat
3131 1079 3198 1141 in
3229 1079 3480 1144 Christo
3508 1080 3791 1143 voluntas
3818 1098 3952 1161 prae-

2492 1185 2588 1239 ter
2615 1176 3010 1241 voluntatem
3040 1178 3254 1252 Verbi,
3287 1196 3436 1261 ergo
3465 1197 3588 1242 nec
3625 1178 3952 1241 intellectus

2490 1283 2722 1357 praeter
2779 1275 3178 1339 intellectum
3231 1277 3444 1340 Verbi.
3495 1278 3710 1359 ltaque
3753 1274 3954 1339 fuisset

2487 1373 2770 1437 Verbum
2813 1374 3063 1457 corpori
3109 1374 3343 1439 Christi
3388 1374 3528 1438 loco
3569 1374 3794 1437 mentis
3833 1374 3953 1436 uni-

2487 1479 2650 1547 tum,
2703 1480 2775 1534 ut
2831 1471 3219 1555 Apollinaris
3276 1480 3340 1536 et
3398 1472 3586 1537 Arius
3643 1474 3952 1551 dixerunt;

2489 1589 2856 1653 quanquam
2885 1578 2950 1634 et
2986 1571 3054 1635 hi
3095 1571 3259 1634 inter
3301 1590 3370 1635 se
3411 1589 3542 1635 non
3587 1572 3840 1634 minime
3877 1572 3954 1632 di—

2487 1668 2957 1732 versificentur.

2567 1767 2882 1849 AmpliuS,
2943 1767 3230 1831 Christus
3289 1774 3360 1830 ut
3416 1768 3609 1832 homo
3663 1766 3956 1831 meritorie

876 1860 1263 1925 animalibus
1307 1863 1637 1927 dumtaxat
1677 1864 2039 1944 sensitivis3
2071 1864 2164 1927 sic
2204 1883 2380 1947 pror·
2405 1865 2454 1928 B
2487 1864 2617 1945 egit
2645 1872 2711 1927 et
2740 1865 2996 1939 meruit,
3029 1866 3133 1929 vel
3171 1866 3297 1929 sihi
3335 1867 3440 1929 vel
3483 1866 3688 1930 nobis.
3721 1866 3954 1937 lterum,

876 1979 1009 2033 suS‚
1041 1960 1094 2023 si
1125 1962 1509 2025 humanitati
1554 1963 1807 2026 unitum
1853 1969 1951 2026 est
1978 1962 2259 2025 Verbum
2297 1964 2378 2025 ad

876 2058 1067 2121 unius
1118 2060 1537 2143 ejusdemque
1580 2061 2066 2144 productionem
2111 2069 2374 2136 naturae,

872 2156 1007 2238 jam
1073 2176 1282 2240 neque
1343 2158 1623 2223 humana
1680 2167 2048 2241 perseverat
2103 2160 2374 2243 specieS,

874 2273 1086 2337 neque
1115 2256 1317 2318 divini
1348 2256 1539 2319 Verbi
1580 2257 1862 2321 manebit
1900 2258 2178 2321 essentia
2218 2277 2379 2341 pura

874 2360 941 2415 et
972 2353 1033 2413 in
1071 2354 1345 2436 propriae
1384 2362 1625 2419 naturae
1669 2355 2101 2419 consistentia.
2136 2357 2378 2419 Rursus

876 2452 1169 2533 sequitur
1224 2452 1345 2516 hoc
1404 2453 1887 2528 inconvenienS‚
1943 2455 2112 2537 quod
2159 2454 2378 2517 divina

874 2557 1100 2612 natura
1132 2550 1198 2612 in
1230 2550 1479 2614 Christo
1516 2551 1746 2616 habeat
1788 2552 2098 2615 rationem
2142 2553 2376 2635 imper-

872 2646 1026 2710 fecti
1056 2654 1121 2710 et
1151 2647 1367 2731 partis.
1400 2649 1557 2712 Nam
1589 2668 1731 2732 quse
1760 2651 2051 2714 eamdem
2084 2659 2374 2714 naturam

872 2745 1237 2828 speciemve
1286 2746 1605 2821 efficiunt,
1658 2750 2164 2831 unumquodque
2210 2750 2378 2811 cadit

873 2844 939 2906 in
991 2846 1301 2907 rationem
1349 2845 1570 2927 partiS‚
1618 2846 1861 2910 habens
1906 2848 2129 2929 utique
2173 2846 2376 2929 perfe-

872 2943 1138 3007 ctiorem
1170 2944 1425 3007 essendi
1456 2945 1718 3008 modum
1753 2944 1816 3007 in
1852 2945 2111 3027 integrae
2141 2945 2373 3028 plenas-

872 3061 998 3125 que
1066 3050 1309 3106 naturas
1378 3042 1794 3107 subsistentia
1865 3062 1878 3106 :

872 3140 1108 3204 divinae
1151 3148 1393 3204 naturae
1438 3159 1561 3204 non
1610 3149 1705 3204 est
1748 3141 1843 3205 fas
1885 3142 2278 3207 adscribere.

2484 1980 2680 2045 opera
2706 1963 2848 2044 ejus
2877 1964 3159 2027 virtuosa
3196 1972 3378 2027 erant
3419 1966 3770 2027 secundum
3808 1964 3956 2046 quod

2486 2060 2765 2124 humana
2817 2079 2830 2123 :
2883 2062 2993 2125 sed
3053 2063 3192 2125 sine
3249 2061 3599 2135 voluntate,
3659 2062 3826 2125 nulla
3876 2069 3959 2124 est

2487 2176 2750 2240 prorsus
2797 2160 3084 2242 operatio
3131 2160 3235 2223 vel
3279 2160 3608 2224 meritoria
3643 2160 3746 2223 vel
3787 2160 3957 2223 virtu-

2485 2274 2614 2319 osa.
2650 2258 2938 2321 Christus
2969 2276 3225 2341 quoqne
3254 2265 3327 2322 ut
3355 2259 3524 2322 Deus
3562 2276 3687 2322 non
3729 2258 3956 2331 meruit,

2487 2355 2644 2438 quin
2693 2357 2908 2439 potius
2958 2358 3205 2421 meritis
3253 2357 3552 2439 praestitit
3603 2358 3955 2421 mercedem.

2488 2454 2619 2518 Sub
2651 2454 2870 2518 divina
2901 2456 3095 2537 igitur
3123 2455 3452 2519 voluntate
3482 2464 3620 2520 erat
3648 2457 3716 2519 in
3753 2474 3826 2519 eo
3859 2456 3956 2517 hu-

2488 2572 2677 2617 mana
2711 2555 3027 2629 voluntati,
3065 2573 3208 2637 quae
3241 2555 3384 2636 ejus
3420 2572 3617 2638 opera
3651 2562 3718 2618 et
3751 2554 3960 2618 virtuo-

2485 2670 2555 2714 sa
2603 2651 2825 2715 effecit
2871 2660 2936 2715 et
2983 2653 3328 2715 meritoria.
3382 2689 3462 2700 —
3513 2653 3847 2716 Enimvero
3893 2671 3958 2713 ex

2482 2750 2828 2834 Scripturae
2857 2752 3226 2815 testimonio
3254 2752 3390 2816 haec
3422 2752 3564 2835 ipsa
3590 2753 3819 2815 veritas
3845 2752 3958 2814 elu-

2485 2850 2699 2913 cescit.
2733 2850 2996 2913 Planum
3031 2851 3350 2933 siquidem
3386 2858 3502 2925 est,
3518 2851 3688 2934 quod
3717 2852 3781 2913 in
3811 2850 3960 2914 Chri-

2483 2956 2581 3012 sto
2629 2948 2824 3011 fuerit
2864 2947 3157 3012 voluntas
3203 2950 3492 3031 quaedam
3549 2949 3673 3012 sibi
3717 2958 3779 3012 et
3815 2948 3956 3011 Patri

1953 3063 2094 3127 quae
2159 3044 2376 3107 omnia
2405 3041 2448 3105 C
2483 3046 2845 3109 communis
2880 3064 2893 3109 :
2919 3046 3050 3110 imo
3081 3046 3148 3109 in
3177 3053 3450 3130 utroque
3482 3066 3612 3110 una
3637 3054 3736 3110 est
3761 3046 3958 3109 volun-

2483 3152 2600 3217 taS,
2653 3144 3197 3226 quemadmodum
3256 3144 3322 3208 in
3381 3153 3654 3227 utroque
3709 3144 3959 3209 essentia

2483 3263 2612 3305 una
2657 3251 2772 3305 est.
2809 3243 2929 3305 Sed
2976 3244 3285 3326 scriptum
3334 3252 3432 3307 est
3464 3261 3478 3305 :
3511 3244 3650 3307 Non
3695 3262 3831 3306 mea
3865 3261 3956 3305 vo·
3997 3263 4150 3305 mm.

2485 3340 2693 3404 luntas
2733 3341 2870 3416 fiat,
2912 3342 3021 3405 sed
3065 3348 3216 3421 tua3
3255 3349 3321 3405 et
3367 3362 3588 3405 rursus
3621 3360 3638 3405 z
3672 3329 4160 3431 Descendiffiml,

1214 3412 1703 3480 ARTICULUS
1750 3416 1989 3479 XLIV·
2481 3440 2747 3522 (inquit)
2791 3440 2870 3503 de
2914 3440 3098 3514 coe10‚
3133 3459 3261 3503 non
3309 3448 3380 3503 ut
3421 3440 3654 3503 faciam
3696 3440 4030 3505 volunta-³⁸-

582 4510 653 4539 xm
660 4512 776 4547 11111

869 3552 1122 3614 Positio
1152 3562 1211 3612 et
1244 3555 1611 3629 reprobatio
1639 3556 1933 3616 Mac-arii
1952 3557 2370 3627 Antiocheni‚

951 3643 1073 3720 qui
1100 3660 1301 3701 unam
1340 3644 1693 3703 dumtaoeat
1734 3647 2135 3705 voluntatem
2174 3654 2234 3704 et
2274 3666 2372 3705 ac-

952 3732 1189 3791 tionem
1234 3732 1309 3789 in
1353 3733 1609 3791 Christo
1649 3735 1924 3809 fatetur.

1008 3926 1163 3989 ΙΧΙΤ
1222 3927 1500 4010 denique
1556 3928 1865 3992 Macarius
1912 3929 2370 4006 AntiochenuS,

1040 4044 1231 4087 unam
1264 4026 1594 4088 dumtaxat
1636 4026 2029 4091 voluntatem
2060 4035 2123 4091 et
2155 4047 2374 4111 opera-

869 4124 1112 4185 tionem
1148 4142 1337 4185 unam
1369 4125 1812 4187 tantummodo
1844 4126 1908 4187 in
1942 4125 2192 4189 Christo
2231 4145 2374 4189 con·

2481 3546 2612 3601 tem
2643 3556 2880 3612 meam,
2913 3539 3022 3601 sed
3049 3538 3444 3602 voluntatem
3474 3538 3618 3620 ejus
3655 3540 3766 3622 qui
3805 3537 3958 3601 misit

2483 3655 2606 3699 me.
2662 3635 2802 3698 Fuit
2849 3636 3045 3717 igitur
3094 3637 3158 3698 in
3208 3636 3456 3700 Christo
3503 3645 3575 3699 ut
3622 3638 3815 3701 homo
3855 3643 3954 3707 est,

2482 3733 2775 3797 voluntas
2844 3734 3135 3815 quaedam
3197 3734 3322 3796 sibi
3385 3735 3664 3818 propria.
3739 3736 3955 3806 Denuo,

2480 3832 2678 3895 Patris
2709 3840 2773 3894 ct
2802 3831 2992 3895 Verbi
3023 3851 3151 3894 una
3178 3840 3276 3895 est
3303 3834 3612 3915 operatio,
3639 3834 3805 3896 sicut
3829 3833 3958 3895 scri-

2484 3938 2668 4014 ptum
2711 3938 2808 3993 est
2859 3947 2872 3991 :
2925 3930 3353 4013 Quascumque
3408 3931 3562 3994 facit
3599 3932 3800 4005 Pater,
3842 3932 4162 3994 haec1ffl.‹.n.

2485 4038 2547 4092 et
2583 4027 2780 4091 Filius
2816 4028 3116 4091 similiter
3145 4028 3316 4091 facit.
3351 4029 3473 4093 Sed
3506 4029 3572 4091 in
3605 4030 3850 4094 Christo
3873 4048 3960 4091 ac-

2485 4128 2691 4190 tiones
2740 4126 2842 4189 vel
2895 4126 3222 4208 passiones
3273 4126 3570 4209 plurimae
3617 4136 3797 4192 erant
3839 4147 3962 4209 quae

878 4222 1120 4284 sistere.
1157 4222 1234 4283 Et
1274 4222 1628 4305 prolabitur
1665 4224 1785 4286 hoc
1830 4224 2044 4307 ipsum
2090 4224 2155 4286 in
2189 4225 2376 4308 Euty·
2408 4232 2456 4294 D
2488 4242 2894 4307 nequaquam
2935 4223 3102 4287 Patri
3144 4233 3509 4307 competere
3551 4226 3768 4289 valent
3799 4244 3813 4289 :
3843 4244 3964 4289 esu·

876 4319 1171 4383 chianam
1203 4320 1556 4403 perfidiam.
1577 4322 1795 4385 Forma
1825 4342 2052 4405 nempe
2082 4331 2179 4386 est
2208 4324 2378 4405 prin-

836 4468 845 4479 .
877 4418 1115 4501 cipium
1146 4418 1483 4499 agendi3et
1515 4427 1583 4481 ut
1610 4420 1893 4483 vicissim
1928 4430 2378 4503 praeostensum

876 4523 995 4590 est,
1046 4524 1273 4579 natura
1318 4524 1415 4580 est
1463 4517 1854 4601 principium
1913 4538 2043 4602 quo
2101 4528 2165 4583 et
2221 4521 2379 4585 ratio

876 4615 1182 4698 operandi
1218 4633 1233 4678 :
1270 4615 1562 4698 ideoque,
1596 4616 1763 4679 sicut
1796 4617 1867 4700 *in
1909 4617 2160 4683 Christo
2199 4627 2382 4682 erant

876 4720 941 4776 et
969 4720 1119 4775 sunt
1158 4713 1299 4778 duae
1346 4713 1646 4796 perfectae
1690 4722 1954 4791 naturae,
1988 4716 2081 4779 sic
2128 4725 2279 4780 sunt
2318 4726 2382 4780 et

876 4812 1276 4895 operationes
1320 4812 1735 4875 conformiter
1777 4813 1918 4877 duae
1964 4813 2029 4875 in
2072 4833 2168 4878 eo.
2206 4816 2384 4879 Sicut

876 4930 1027 4993 ergo
1085 4930 1279 4975 unam
1327 4920 1579 4976 tantum
1629 4913 1944 4976 actionem
2006 4914 2072 4976 in
2132 4915 2384 4979 Christo

876 5009 1195 5073 fatebatur
1256 5010 1587 5085 MacariuS,
1646 5012 1741 5073 sic
1808 5011 2034 5074 habuit
2090 5020 2382 5075 naturam

878 5127 1072 5170 unam
1102 5109 1432 5171 dumtaxat
1458 5128 1742 5173 asserere
1786 5110 1850 5171 in
1890 5128 1967 5173 eo
2001 5128 2014 5172 :
2050 5112 2220 5192 quod
2263 5112 2384 5174 Eu-

878 5206 1100 5288 tyches
1132 5207 1426 5287 ponebat.
1463 5208 1789 5284 Praeterea,
1822 5227 1949 5291 qua
1988 5210 2234 5273 ratione
2277 5212 2384 5275 de-

882 5310 1017 5367 erat
1048 5303 1297 5368 Christo
1326 5306 1620 5370 voluntas
1651 5302 1951 5383 humana,
1970 5308 2109 5391 pari
2140 5309 2385 5375 ratione

2489 4324 2597 4386 riit
2645 4322 2819 4386 enim
2873 4330 2938 4385 et
2987 4323 3286 4404 fatigatus
3333 4332 3450 4397 est,
3500 4323 3867 4397 ambulavit,
3911 4331 3966 4385 ct

2491 4440 2715 4504 passus
2755 4428 2869 4484 est.
2905 4420 3042 4485 Non
3072 4421 3268 4502 igitur
3299 4441 3429 4484 una
3468 4429 3720 4485 tantum
3759 4422 3873 4485 fnit
3907 4422 3962 4483 in

2489 4537 2566 4583 eo
2596 4518 2896 4602 operatiO,
2918 4525 3141 4601 utputa
3170 4519 3271 4583 vel
3304 4520 3522 4583 divina
3551 4522 3655 4584 vel
3685 4522 3960 4584 humana.

2568 4617 2716 4681 Moti
2766 4617 3009 4700 quippe
3065 4625 3215 4681 sunt
3273 4618 3378 4681 isti
3425 4619 3562 4683 haec
3607 4628 3962 4688 asserentes,

2492 4717 2793 4800 quoniam
2863 4717 3256 4780 voluntatem
3328 4717 3563 4781 Christi
3637 4719 3960 4782 humanam

2489 4823 2555 4879 et
2611 4815 2752 4897 ejus
2809 4815 3212 4898 operationes
3271 4816 3586 4881 humanas
3633 4818 3966 4881 considera-

2492 4914 2645 4978 bant
2694 4913 3022 4976 infallibili
3083 4914 3360 4996 quodam
3425 4914 3964 4997 indissolubilique

2492 5012 2911 5093 dispositione
2979 5031 3204 5094 parere
3273 5020 3340 5075 et
3413 5013 3680 5077 subesse
3755 5014 3964 5077 divinae

2492 5109 2806 5174 voluntati
2841 5127 2854 5172 :
2889 5111 2982 5173 sic
3021 5112 3190 5193 quod
3232 5110 3324 5174 nil
3365 5112 3564 5176 voluit
3601 5131 3802 5195 neque
3828 5112 3960 5193 egit,

2492 5209 2619 5273 nisi
2647 5209 2820 5290 quod
2850 5208 3084 5272 divinae
3115 5209 3462 5273 voluntatis
3503 5211 3816 5275 rectitudo
3851 5211 3960 5273 dis-

2495 5308 2734 5393 posuit,
2771 5308 2940 5372 sicut
2979 5308 3238 5373 Joannis
3285 5316 3509 5372 octavo
3547 5310 3790 5373 dictum
3831 5316 3960 5372 est:
