4300 6259
610 991 794 1099 gphu.
812 1002 873 1039 iv,

606 1280 811 1337 Philipp.
828 1294 873 1331 ιι.

636 1785 771 1815 oann.
788 1786 873 1825 xvi,

605 2164 724 2209 leid.
748 2178 778 2216 ι,
808 2168 873 2209 10.

658 2362 783 2407 Ibid:
808 2366 871 2407 li.

634 3249 760 3294 1Cor.
777 3264 821 3301 n,
837 3252 878 3293 8.

652 3633 735 3676 Pe.
768 3646 883 3685 xxm,

622 3699 690 3740 ¹⁰.

898 489 1019 554 440
1486 506 1565 555 nn
1607 506 1834 553 Lunum
1874 503 2257 551 camsi-mma
2298 502 2599 560 rumonim,
2645 502 2820 549 arnan
2861 503 2923 549 11.
2969 521 3048 533 --
3090 503 3230 549 aar.
3275 503 3424 549 xmu

832 825 872 866 ¹·
900 795 1145 851 rursuS,
1178 776 1308 857 Ego
1338 795 1481 839 sum
1528 776 1708 858 panis
1741 774 1951 849 vivus,
1984 772 2094 856 qui
2127 773 2208 835 de
2239 771 2399 835 coelo

902 875 1249 939 descendi?
1285 874 1601 957 AmpliuS,
1641 872 1983 956 Apostolus
2027 872 2106 934 de
2151 871 2401 935 Christo

901 973 1169 1055 loquens
1200 972 1287 1035 ait
1320 990 1334 1033 ε
1368 972 1485 1046 Qui
1515 971 1867 1043 descendit,
1902 971 2038 1053 ipse
2068 977 2166 1033 est
2194 976 2259 1033 et
2288 970 2400 1051 qui

900 1070 1203 1133 ascendit.
1238 1070 1617 1134 Ascendisse
1647 1078 1860 1133 autem
1893 1068 2144 1132 Christo
2171 1085 2400 1131 conve-

900 1169 998 1231 nit
1055 1176 1125 1231 ut
1180 1168 1468 1248 homini3
1530 1168 1939 1231 descendisse
1994 1183 2146 1230 vero
2194 1164 2401 1229 Verbo

902 1266 1216 1347 congruit,
1285 1267 1459 1349 quod
1530 1266 1949 1348 semetipsum
2022 1264 2396 1335 exinanivit,

900 1366 1173 1429 formam
1218 1366 1386 1429 servi
1434 1364 1779 1447 accipiens.
1822 1363 1955 1427 Nisi
2002 1364 2198 1445 igitur
2241 1362 2400 1426 utri-

898 1483 1103 1546 usque
1141 1464 1365 1527 eadem
1410 1462 1575 1526 foret
1612 1481 1905 1545 persona,
1946 1471 2113 1525 recte
2157 1462 2396 1525 dictum

900 1578 1028 1623 non
1067 1568 1257 1635 esset,
1300 1561 1415 1635 Qui
1456 1560 1809 1633 descendit,
1864 1560 2001 1642 ipse
2044 1567 2141 1622 est
2184 1568 2248 1622 et
2290 1559 2401 1641 qui

899 1660 1213 1723 ascendit:
1230 1659 1579 1742 praesertim
1608 1678 1803 1741 quum
1833 1660 1911 1721 de
1943 1678 2009 1721 se
2037 1659 2174 1741 ipso
2196 1658 2401 1721 Domi-

604 698 873 749 soamvm,
899 676 1257 761 Antequam
1304 677 1621 741 Abraham
1672 676 1878 749 fieret,
1929 693 2048 755 ego
2094 676 2287 737 sum?
2335 680 2400 736 et
2429 673 2480 736 A
2511 679 2809 737 aeternam
2888 673 3364 753 generationem
3433 672 3620 735 Verbi
3683 692 3716 735 a
3773 674 3926 749 Patre,

605 765 673 806 58.

604 824 723 871 laid.
738 826 831 874 vid

2511 790 2703 853 quam
2745 771 3072 835 Nestorius
3113 772 3448 846 concessit,
3482 772 3761 835 Photinus
3797 792 3928 855 pror-

2509 890 2617 933 sus
2661 870 2934 953 negavit.

2865 1133 3354 1198 ARTICULUS
3402 1134 3646 1198 XLIII.

2550 1275 2646 1332 De
2691 1273 3145 1332 incarnatione
3185 1275 3542 1334 seeundum
3582 1276 3908 1351 positionem

3053 1363 3458 1440 Eutycketis.

2644 1553 2992 1618 UTYCHES
3009 1563 3224 1619 autem
3256 1573 3490 1639 corpus
3514 1556 3728 1619 Christi
3755 1575 3858 1619 nou
3881 1576 3940 1619 ex

2669 1653 2926 1733 Virgine
2963 1652 3218 1716 dicebat
3255 1662 3613 1736 sumptum,
3645 1655 3821 1736 quoad
3851 1655 3941 1716 hoc

901 1778 1021 1820 nus
1052 1765 1463 1832 contestetur,
1497 1757 1679 1819 Exivi
1718 1756 1986 1839 (inquit)
2026 1776 2063 1819 a
2105 1758 2305 1830 Patre,
2339 1764 2403 1819 et
2510 1750 2925 1814 Maniehaeum
2981 1760 3045 1813 et
3091 1752 3500 1815 Valentinum
3563 1761 3812 1825 secutus,
3859 1753 3942 1813 sed

900 1856 1048 1918 veni
1090 1856 1153 1917 in
1200 1856 1535 1918 mundum.
1572 1857 1783 1929 Porro,
1816 1854 1985 1937 quod
2019 1854 2267 1918 Christo
2305 1873 2398 1915 ra·
2438 1852 2485 1914 B
2513 1868 2591 1911 ex
2637 1857 2806 1911 terra
2855 1869 2964 1912 seu
3023 1850 3340 1913 elemento
3394 1851 3614 1933 aliquo
3665 1852 3944 1914 formatum

898 1954 1075 2017 tione
1137 1953 1371 2016 divinae
1437 1960 1679 2016 naturae
1746 1952 2085 2015 conveniat
2148 1952 2402 2015 venisse

900 2050 968 2112 in
1003 2051 1310 2115 mundum
1344 2069 1456 2113 seu
1486 2050 2197 2123 descendisse‚Joannes
2227 2068 2405 2131 aper-

901 2155 966 2212 te
1016 2148 1401 2222 manii'estat,
1449 2149 1601 2210 dum
1650 2149 1738 2210 ait
1782 2165 1795 2210 ε
1838 2149 1907 2209 In
1958 2148 2198 2210 mundo
2245 2157 2399 2223 erat,

902 2254 967 2308 et
1010 2247 1287 2309 mundus
1328 2266 1443 2328 per
1483 2247 1697 2329 ipsum
1741 2246 1949 2309 factus
1992 2254 2128 2326 est3
2161 2254 2225 2309 et
2263 2254 2404 2329 post

902 2363 1105 2427 pauca
1138 2362 1151 2406 ε
1186 2344 1255 2407 In
1301 2346 1559 2428 propria
1602 2345 1799 2407 venit.

979 2442 1306 2516 Praeterea,
1350 2443 1643 2525 quamvis
1690 2443 1933 2505 ratione
1971 2443 2402 2525 participatio-

898 2540 1002 2602 nis
1049 2540 1252 2603 divini
1307 2540 1575 2603 dominii
1629 2541 1863 2622 poterit
1909 2541 2054 2623 quis
2103 2541 2404 2604 dominus

900 2638 1050 2711 dici,
1084 2656 1211 2701 non
1244 2646 1460 2701 tamen
1494 2646 1704 2721 potest
1744 2638 1888 2721 quis
1926 2639 2052 2701 dici
2094 2640 2402 2702 Dominus

902 2736 1214 2798 virtutum
1246 2737 1347 2799 vel
1379 2738 1507 2800 Rex
1538 2737 1777 2818 gloriae,
1810 2737 1935 2800 nisi
1969 2737 2141 2800 solus
2174 2738 2336 2800 Deus
2386 2754 2399 2798 ε

2514 1948 2579 2009 in
2609 1948 2794 2021 coe10,
2827 1955 3017 2029 atque
3047 1948 3336 2028 angelico
3369 1950 3716 2013 ministerio
3741 1950 3864 2012 inde
3895 1950 3943 2009 in

2512 2045 2789 2126 Virginis
2819 2054 3073 2108 uterum
3113 2046 3416 2121 delatum,
3451 2065 3530 2109 ex
3565 2065 3752 2129 eoque
3781 2066 3946 2129 egre-s-

2513 2162 2680 2216 sum‚
2715 2150 2785 2205 ut
2813 2143 2905 2205 nil
2935 2162 3014 2206 ex
3044 2144 3236 2206 Maria
3265 2154 3588 2208 sumeret:
3613 2147 3670 2208 in
3699 2165 3764 2208 ea
3790 2146 3944 2207 Evan-

2513 2241 2660 2322 gelii
2730 2242 3018 2316 veritate,
3079 2262 3272 2325 quam
3331 2242 3490 2306 false
3551 2244 3849 2316 intellexit,
3893 2262 3944 2305 se

2513 2339 2866 2413 stabiliens,
2910 2360 3036 2422 qua
3077 2341 3335 2415 dicitur,
3381 2342 3584 2406 Nemo
3621 2342 3868 2405 ascendit
3896 2342 3944 2403 in
3981 2356 4128 2398 Imma

2515 2438 2771 2511 coelum,
2801 2438 2925 2499 nisi
2956 2438 3066 2520 qui
3098 2439 3428 2501 descendit
3456 2441 3538 2503 de
3567 2441 3746 2519 coel03
3767 2447 3946 2523 putans
3968 2425 4010 2462 ¹²*

2514 2536 2625 2598 Dei
2675 2536 2906 2598 Filium
2956 2537 3150 2599 etiam
3197 2539 3554 2600 secundum
3603 2558 3829 2602 carnem
3867 2538 3948 2599 de-

2513 2634 2856 2698 scendisse.
2882 2671 2960 2681 —
2984 2636 3224 2709 Denuo,
3259 2637 3666 2701 considerans
3693 2637 3949 2721 Eutyches

2515 2732 3098 2814 impossibilitatem
3121 2733 3512 2799 Nestorianae
3547 2735 3850 2817 positionis
3867 2734 3950 2795 du·

902 2834 1207 2916 quoniam
1242 2835 1379 2917 ipse
1417 2835 1591 2897 solus
1639 2854 1717 2897 ex
1762 2843 1985 2897 natura
2030 2854 2298 2898 summae
2342 2843 2406 2897 et
2521 2849 2589 2892 as
2641 2831 2704 2891 in
2749 2830 2999 2894 Christo
3056 2850 3360 2914 personas
3417 2833 3855 2904 constituentiS,
3889 2831 3951 2893 ab

901 2940 1153 2997 aeternae
1184 2932 1588 2996 beatitudinis
1618 2934 1885 3016 gloriam
1921 2933 2407 3015 possidet,aliis-

2516 2928 2963 3009 hujuscemodi
3013 2947 3228 2992 errore
3277 2938 3540 2994 eatenus
3589 2951 3823 2996 aversus
3861 2938 3950 2999 est,

904 3048 1030 3112 que
1073 3048 1213 3093 eam
1259 3031 1709 3093 communicat.
1755 3030 2053 3094 Creatura
2100 3050 2250 3095 vero
2295 3051 2408 3114 per
2443 3020 2486 3083 C
2519 3034 2586 3089 ut
2645 3045 2760 3089 nec
2810 3028 2968 3089 duas
3018 3029 3280 3111 quidem
3329 3038 3588 3093 naturas
3644 3032 3702 3094 in
3756 3030 3954 3093 Christo

904 3128 1146 3191 donum
1203 3129 1421 3209 gratiae
1470 3137 1533 3190 et
1582 3128 2024 3211 participative
2082 3130 2411 3193 dumtaxat

908 3226 1083 3287 illam
1132 3225 1339 3289 habet.
1377 3226 1497 3289 Sed
1544 3227 1855 3308 scriptum
1895 3235 1993 3289 est
2025 3245 2038 3288 ε
2074 3228 2137 3290 Si
2186 3245 2412 3309 cogno-

907 3323 1172 3397 vissent,
1207 3342 1536 3405 nunquam
1568 3324 1909 3386 Dominum
1951 3324 2170 3406 gloriae
2211 3326 2412 3387 cruci·

908 3419 1221 3483 fixissent.
1265 3421 1443 3483 Jesus
1485 3427 1583 3484 est
1624 3439 1773 3502 ergo
1817 3422 2125 3485 Dominus
2169 3422 2408 3503 gloriae,

909 3526 975 3581 et
1026 3537 1141 3599 per
1194 3536 1590 3601 consequens
1649 3538 1839 3582 verus
1895 3521 2061 3583 Deus
2118 3538 2132 3581 z
2191 3540 2411 3603 quem-

910 3616 1252 3679 admodum
1325 3617 1393 3678 in
1460 3617 1708 3679 Psalmo
1772 3618 2027 3691 dicitur,
2102 3619 2410 3681 Dominus

910 3715 1219 3777 virtutum
1254 3715 1393 3797 ipse
1422 3722 1520 3777 est
1547 3715 1675 3777 Rex
1704 3716 1939 3797 gloriae.
1974 3716 2201 3779 Nullus
2233 3718 2414 3799 quip-

912 3831 991 3895 pe
1021 3813 1145 3875 nisi
1178 3814 1344 3875 Deus
1375 3812 1711 3887 virtutum,
1745 3814 2053 3877 Dominus
2084 3814 2412 3897 appellan7

908 3912 1026 3973 dus
1058 3918 1173 3973 est.
1196 3910 1504 3993 Superius
1535 3917 1771 3985 autem,
1794 3912 1858 3973 in
1891 3911 1990 3974 his
2020 3930 2164 3993 quae
2195 3921 2412 3977 contra

904 4008 1315 4071 Valentinum
1365 4016 1430 4071 et
1476 4008 1892 4071 Manichaeum
1940 4009 2197 4072 inducta
2237 4019 2408 4086 sunt,

903 4106 1358 4170 ostendebatur
1386 4125 1464 4169 ex
1496 4106 1839 4187 Scripturae
1868 4108 2411 4182 testimoniis,vir-

2517 3124 2702 3187 fateri
2746 3125 3008 3187 auderet
3043 3144 3056 3188 ε
3091 3144 3168 3189 ex
3214 3128 3438 3191 eodem
3461 3129 3562 3209 (ut
3604 3130 3688 3191 ait
3725 3128 3954 3203 Boetius)

2518 3222 2692 3285 fonte
2724 3223 3084 3286 haereticam
3117 3224 3510 3307 impietatem
3540 3228 3827 3290 hauriens.
3841 3226 3956 3289 Con-

2519 3322 2708 3383 cessit
2767 3340 3002 3403 nempe
3060 3340 3208 3385 cum
3267 3325 3581 3400 Nestorio,
3633 3334 3884 3390 naturam
3927 3340 3955 3383 a

2520 3410 3270 3501 propria‘personalitate
3313 3424 3592 3505 separari
3636 3442 3750 3487 non
3791 3440 3952 3505 posse.

2519 3517 2854 3598 Quumque
2913 3518 3068 3581 duas
3129 3537 3430 3600 personas
3481 3522 3544 3584 in
3594 3522 3820 3586 Christo
3857 3536 3954 3581 non

2519 3622 2848 3689 assereret,
2884 3633 3284 3698 consequens
3313 3627 3450 3681 erat
3481 3627 3552 3681 ut
3590 3639 3781 3703 neque
3815 3624 3954 3680 natu·

2521 3730 2621 3774 ras
2660 3713 2816 3773 duas
2861 3713 3244 3777 admitteret.
3289 3716 3408 3779 Sed
3450 3720 3742 3799 quoniam
3785 3717 3874 3780 Dei
3907 3724 3955 3776 et

2520 3811 2799 3873 hominis
2858 3811 3163 3874 unionem
3214 3815 3560 3896 quamdam
3618 3824 3845 3879 coactus
3882 3821 3956 3875 est

2520 3908 2839 3983 confiteri,
2873 3910 3034 3971 dixit
3065 3910 3389 3974 Christum
3431 3932 3509 3976 ex
3549 3914 3781 3977 duabus
3813 3920 3954 3975 natu-

2518 4007 2629 4081 ris,
2651 4016 2872 4091 utputa
2902 4008 3122 4072 divina
3151 4019 3342 4092 atque
3371 4011 3954 4088 humana,exsistere,

2521 4106 2586 4168 in
2633 4126 2760 4168 una
2816 4125 2968 4169 vero
3027 4107 3359 4171 dumtaxat
3415 4110 3758 4175 subsistere
3795 4128 3806 4173 :
3843 4116 3956 4171 ante

904 4205 1119 4285 ginem
1164 4204 1425 4267 Mariam
1464 4203 1719 4266 Matrem
1763 4205 1891 4267 dici
1938 4205 2170 4269 Christi
2221 4206 2407 4271 debe·
2436 4199 2486 4262 D
2521 4205 2823 4268 unionem
2872 4206 3030 4269 duas
3079 4206 3280 4269 fuisse
3329 4215 3588 4272 naturas
3646 4208 3955 4292 perbibenS,

906 4321 975 4365 re
1009 4319 1023 4364 :
1059 4303 1229 4384 quod
1272 4302 1378 4363 isti
1422 4301 1757 4383 negabant.

989 4401 1220 4464 Positio
1250 4400 1527 4481 denique
1562 4401 1677 4463 ista
1705 4421 1741 4462 a
1770 4401 2020 4465 Photini
2054 4410 2117 4465 et
2146 4401 2408 4467 Ebionis

906 4516 1121 4564 errore
1189 4516 1417 4581 parum
1488 4498 1749 4562 recedit.
1825 4499 1983 4562 Nam
2050 4501 2406 4563 secundum

906 4606 1225 4678 utrosque,
1286 4593 1494 4658 solum
1555 4604 1817 4678 propter
1874 4596 2400 4661 inhabitationem

901 4696 1119 4778 gratiae
1148 4693 1341 4757 homo
1369 4700 1466 4755 est
1493 4693 1680 4756 DeuS.
1708 4694 1829 4757 Sed
1858 4695 2162 4758 Photinus
2193 4697 2408 4777 posuit

903 4794 1226 4859 Christum
1270 4810 1385 4874 per
1429 4792 1744 4873 passionis
1785 4794 2403 4857 consummationem

900 4900 966 4955 et
994 4892 1139 4955 vitae
1171 4889 1495 4963 meritum,
1521 4889 1883 4952 Divinitatis
1924 4908 2158 4953 nomen
2199 4910 2272 4953 ac
2313 4892 2404 4953 di-

899 4990 1205 5072 gnitatem
1262 4988 1584 5070 adeptum.
1648 4988 1973 5051 Nestorius
2033 5007 2185 5052 vero
2243 4990 2404 5053 dixit

900 5086 1149 5151 Christo
1186 5104 1224 5147 a
1263 5084 1582 5167 principio
1621 5086 2059 5167 conceptionis
2101 5095 2402 5151 maternae

899 5186 1063 5247 hanc
1102 5182 1369 5264 gloriam
1403 5182 1809 5265 competisse,
1843 5184 1925 5247 ob
1958 5184 2398 5267 plenissimam

899 5281 1427 5346 inhabitationem
1470 5280 1583 5345 Dei
1626 5281 1693 5344 in
1737 5282 1899 5365 ipso.
1942 5284 2397 5349 Verumtamen

2519 4310 2584 4365 et
2628 4312 2772 4385 post
2820 4304 3124 4367 unionem
3171 4324 3359 4368 unam
3407 4325 3486 4369 ex
3530 4308 3766 4372 duabus
3803 4303 3958 4367 resul-

2517 4408 2701 4465 tasse.

2599 4500 2742 4563 Haec
2770 4507 2982 4562 autem
3024 4500 3244 4581 opinio
3288 4520 3548 4583 prorsus
3593 4522 3834 4567 erronea
3863 4508 3953 4565 est.

2517 4598 2638 4661 Sed
2697 4616 2896 4680 quum
2947 4605 3171 4660 natura
3219 4600 3438 4661 multis
3488 4604 3693 4665 modis
3732 4603 3956 4669 dicatur,

2517 4704 2706 4778 prout
2744 4696 2821 4758 ad
2863 4703 3243 4777 praesentem
3284 4700 3860 4781 contemplationem
3895 4697 3958 4758 de

2515 4812 2589 4855 ea
2629 4794 2875 4867 attinet,
2911 4794 3030 4856 hoc
3077 4794 3266 4857 modo
3307 4814 3344 4857 a
3387 4795 3606 4860 Boetio
3648 4796 3954 4861 definitur:

2513 4891 2747 4954 Natura
2789 4899 2886 4955 est
2929 4910 3449 4975 unamquamque
3489 4914 3628 4958 rem
3659 4894 3956 4959 informans

2513 4989 2818 5072 specifica
2857 4989 3246 5052 differentia.
3295 4991 3398 5053 Sic
3442 4993 3684 5076 quippe
3723 5001 3836 5055 tam
3874 4990 3958 5052 Ca·

2511 5087 2731 5150 tholici
2763 5108 2954 5170 quam
2991 5087 3318 5151 Nestorius
3357 5096 3420 5152 et
3463 5090 3768 5174 Eutyches
3807 5096 3958 5151 utun·

2510 5194 2616 5247 tur
2644 5188 2903 5249 nomine
2933 5194 3195 5250 naturae.
3229 5187 3404 5250 Unde
3435 5189 3557 5251 hoc
3588 5190 3766 5253 modo
3798 5187 3952 5255 dicta,

2508 5292 2733 5349 natura
2759 5284 2935 5347 aliud
2965 5302 3092 5348 non
3129 5292 3227 5349 est
3265 5285 3391 5349 nisi
3436 5287 3526 5351 rei
3565 5289 3746 5371 plena
3778 5302 3952 5351 essen·
