4300 6259
898 508 1321 556 stum-rulo
1357 481 1759 556 rnssotoclca.
1803 525 1884 537 —
1924 507 2005 554 ns
2048 505 2467 554 monument
2503 505 2711 554 annun
2752 507 2794 552 A
2835 506 2954 555 nso

3355 486 3478 552 155

68 697 187 742 ιιι.
213 700 343 750 ..s-n
372 681 484 744 cui
542 695 661 744 nec
720 678 1115 761 impossibile
1169 625 1379 760 neque
1436 677 1708 743 difficile
1776 683 1874 741 θεῖ
1900 675 1953 742 A
1984 676 2302 760 nipotenti
2331 676 2668 740 conveniat
2711 693 2898 758 agere
2927 674 2995 738 in
3025 673 3308 749 instanti,
3341 692 3480 756 per-

52 761 161 805 Jer.
200 773 343 810 xxm,

56 829 77 867 ί
84 829 111 866 7
116 857 131 867 .

42 2752 145 2795 Ecc
152 2753 201 2794 li.
211 2764 341 2797 xvm,

44 2819 87 2857 ἱ.

370 798 567 844 omne
622 778 918 842 verbum.
974 777 1081 842 Sic
1139 776 1353 859 itaque
1420 777 1487 839 in
1554 776 1873 860 principio

372 877 661 942 condidit
688 876 924 942 coelum
953 884 1021 939 et
1046 883 1303 950 terram,
1328 875 1391 938 id
1421 881 1518 939 est
1544 875 1875 958 superiora

370 983 440 1039 et
468 975 770 1039 inferiora
798 991 813 1036 :
846 973 1261 1055 intelligendo
1298 991 1415 1055 per
1444 973 1579 1036 haec
1608 973 1737 1036 duo
1766 989 1871 1034 ex-

368 1082 599 1146 trema,
650 1073 846 1159 etiam
896 1070 1279 1134 intermedia
1326 1077 1517 1152 atque
1574 1076 1871 1133 contenta

370 1171 441 1233 in
499 1171 663 1235 coelo
711 1177 775 1234 θῖ
832 1178 1021 1243 terra,
1072 1169 1193 1232 hoc
1250 1176 1348 1232 θεῖ
1395 1167 1761 1250 spirituales
1809 1174 1873 1229 ct

366 1268 837 1333 intellectuales
880 1265 1283 1340 substantiaS,
1318 1274 1471 1349 puta
1510 1265 1769 1347 angelos
1808 1273 1872 1327 et

366 1367 689 1440 homines,
721 1367 833 1448 qui
866 1366 933 1428 in
972 1364 1312 1448 principio,
1345 1363 1410 1427 id
1447 1370 1547 1427 cst
1586 1363 1651 1426 in
1690 1380 1869 1426 exor-

365 1465 477 1527 dio
532 1464 776 1539 saculi,
832 1471 899 1528 et
956 1462 1125 1526 inter
1178 1480 1373 1545 opera
1438 1481 1550 1524 sex
1596 1461 1867 1550 ‘dierum

366 1582 483 1626 seu
534 1562 703 1625 infra
759 1562 1041 1644 spatium
1097 1560 1280 1633 illud,
1340 1558 1633 1643 producti
1692 1567 1863 1622 sunt.

366 1660 604 1743 Sicque
654 1678 769 1742 per
817 1659 1077 1730 coelum‚
1122 1658 1489 1741 specialiter
1521 1665 1730 1739 potest
1778 1658 1869 1719 in-

362 1757 571 1838 telligi
620 1756 857 1822 coelum
906 1775 1301 1842 empyreum,
1348 1755 1519 1838 quod
1560 1763 1865 1829 creatum,

1981 775 2466 858 fectissimoque
2511 775 2710 840 actori
2757 782 3078 858 competat
3123 791 3286 856 opus
3344 790 3484 855 per-

1983 874 2250 950 fectum,
2302 892 2431 938 non
2478 875 2842 948 confusum,
2894 872 3480 946 indeterminatum,

1985 973 2458 1049 indistinctum,
2491 974 2878 1048 inornatum,
2914 973 3288 1056 producere.

2048 1073 2524 1146 Verumtamen,
2544 1071 2848 1154 quoniam
2869 1071 3182 1154 expositio
3212 1071 3332 1133 ista
3355 1087 3484 1132 non

1980 1170 2236 1234 videtur
2265 1170 2467 1233 textui
2499 1169 2762 1234 Genesis
2801 1186 3172 1242 consonare,
3203 1174 3275 1231 ut
3313 1175 3486 1250 patet

1979 1276 2228 1332 textum
2281 1269 2492 1352 ipsum
2543 1269 2934 1350 inspicienti,
2981 1267 3310 1348 magisque
3359 1266 3483 1348 spi-

1982 1366 2232 1430 ritualis
2271 1375 2336 1430 et
2383 1367 2652 1450 mystica
2697 1385 2890 1449 quam
2941 1365 3232 1429 litteralis
3281 1365 3484 1428 consi-

1980 1471 2188 1540 stere3
2249 1463 2391 1527 ideo
2449 1480 2672 1526 omnes
2730 1463 3018 1525 doctores
3077 1461 3302 1534 sancti,
3351 1467 3481 1523 tam

1982 1561 2182 1626 Graeci
2221 1580 2414 1644 quam
2455 1561 2686 1634 Latini,
2719 1561 2830 1642 qui
2870 1567 3016 1622 ante
3053 1559 3483 1640 Augustinum

1982 1658 2244 1722 fuerunt
2300 1660 2402 1723 vel
2450 1667 2596 1722 ante
2644 1677 2791 1722 cum
2851 1658 3236 1739 scripturam
3293 1659 3480 1720 istam

1980 1764 2436 1839 exposuerunt,
2469 1756 2668 1820 secuti
2715 1763 2866 1818 sunt
2909 1755 3207 1828 litteram,
3247 1762 3312 1817 et
3349 1761 3482 1818 tex-

362 1855 595 1918 eodem
644 1855 907 1918 instanti
953 1854 1189 1917 sanctis
1236 1853 1479 1933 angelis
1524 1861 1623 1916 est
1668 1853 1869 1936 reple·
1900 1854 1949 1918 B
1981 1861 2119 1916 tum
2153 1852 2534 1924 litteraliter,
2570 1859 2759 1936 prout
2789 1860 2992 1926 sonat,
3025 1858 3476 1934 exposuerunt.

361 1961 527 2016 tum.
560 1953 684 2017 Sed
714 1954 795 2016 de
824 1952 927 2015 his
958 1952 1213 2035 plenius
1241 1959 1341 2014 cst
1368 1951 1735 2014 dicendum.

748 2161 1271 2228 PROPOSITIO
1320 2161 1493 2226 LVI.

446 2345 865 2427 Scriptura
904 2346 1216 2412 exordii
1255 2345 1449 2412 libri
1478 2345 1870 2413 Geneseos

361 2445 727 2511 tractans
768 2445 864 2510 de
906 2445 1281 2526 operibus
1336 2459 1477 2512 sex
1532 2443 1867 2522 dierum,

364 2543 811 2624 tripliciter
852 2545 1118 2624 potest
1158 2544 1467 2624 exponi.

453 2639 632 2713 Quod
670 2646 786 2714 est,
827 2639 1133 2722 quoniam
1179 2657 1389 2704 sermo
1424 2640 1683 2703 divinus
1722 2640 1811 2702 ait
1853 2657 1867 2702 :

370 2739 494 2814 Qui
542 2738 707 2800 vivit
752 2738 819 2799 in
867 2744 1197 2810 internum,
1244 2739 1483 2801 creavit
1529 2737 1745 2800 omnia
1792 2738 1871 2800 si-

374 2834 534 2898 mul.
598 2834 689 2897 Ex
744 2854 871 2917 qua
924 2834 1299 2899 auctoritate
1355 2835 1413 2898 S.
1478 2835 1870 2916 Augustinus

368 2932 777 2996 occasionem
823 2932 1099 3014 sumpsit
1146 2932 1424 3007 dicendi,
1474 2933 1644 3014 quod
1700 2940 1871 2996 totus

1980 1950 2158 2025 Quod
2209 1952 2432 2033 utique
2485 1951 2736 2013 videtur
2782 1950 3072 2012 securius
3119 1966 3132 2010 :
3179 1949 3482 2031 quoniam

1982 2049 2049 2112 in
2088 2048 2190 2111 his
2230 2068 2374 2131 quae
2420 2048 2575 2112 fidei
2616 2056 2786 2122 sunt,
2822 2049 2984 2110 ratio
3021 2048 3222 2128 magis
3261 2055 3358 2112 θεῖ
3389 2065 3484 2109 re-

1980 2147 2358 2229 torquenda,
2417 2145 2758 2220 flectenda,
2819 2146 3125 2208 trahenda
3182 2145 3262 2207 ad
3319 2145 3482 2208 Scri-

1982 2253 2238 2327 pturam
2282 2252 2346 2306 θῖ
2387 2244 2529 2324 ejus
2574 2244 3017 2316 intentionem,
3059 2262 3250 2325 quam
3295 2259 3481 2306 econ-

1980 2360 2166 2407 verso
2197 2343 2336 2425 ipsa
2365 2343 2694 2424 Scriptura
2723 2349 2786 2404 et
2826 2342 2990 2405 fides
3027 2342 3107 2404 ad
3147 2341 3477 2404 rationem.

1981 2441 2137 2504 Hinc
2197 2441 2409 2504 Sancti
2477 2439 2746 2523 praefati,
2805 2440 3142 2522 Gregorius
3202 2456 3480 2522 quoque,

1980 2538 2170 2610 Beda,
2189 2539 2472 2612 StrabuS,
2493 2539 2692 2620 Hugo,
2711 2547 2775 2601 et
2802 2539 2912 2602 alii
2944 2538 3184 2620 plureS,
3202 2537 3484 2600 fatentur

1982 2655 2083 2701 res
2130 2655 2270 2701 esse
2317 2645 2558 2700 creatas
2617 2655 2732 2719 per
2780 2637 3116 2700 intervalla
3175 2655 3286 2699 sex
3343 2653 3484 2698 suc-

1980 2735 2374 2799 cessivorum
2423 2735 2692 2799 dierum.
2743 2735 3196 2798 Verumtamen
3253 2734 3480 2797 horum

1980 2842 2077 2897 est
2120 2833 2358 2916 duplex
2402 2834 2622 2916 opinio
2665 2851 2678 2896 ε
2723 2852 2849 2896 una
2891 2832 3267 2906 dicentium,
3312 2832 3482 2914 quod

1981 2934 2200 2996 omnia
2261 2931 2522 2995 suerunt
2579 2933 2790 3014 primo
2846 2939 3057 2994 creata
3104 2931 3170 2992 in
3220 2929 3484 2992 materia

368 3032 655 3094 mundus
682 3031 849 3094 sicut
883 3050 1057 3094 nunc
1094 3039 1238 3105 stat,
1274 3031 1509 3113 pariter
1540 3031 1605 3093 in
1642 3033 1869 3095 eodem
1900 3035 1945 3100 C
1983 3031 2272 3104 confusa,
2305 3029 2438 3093 sola
2469 3029 2676 3093 forma
2715 3029 3155 3112 corporeitatis
3185 3027 3483 3091 informa-

368 3138 700 3193 momento
726 3129 806 3192 ab
840 3130 1279 3212 omnipotente
1312 3131 1437 3192 Deo
1475 3139 1725 3193 creatus
1762 3132 1867 3204 sit,

366 3236 526 3311 puta
554 3246 777 3290 omnes
806 3228 1017 3309 angeli
1044 3237 1237 3310 atque
1267 3227 1551 3292 coelestia
1580 3246 1866 3311 corpora,

364 3335 433 3390 et
470 3333 746 3408 quatuor
783 3326 1121 3400 elementa,
1162 3345 1237 3388 ac
1288 3325 1495 3408 prima
1540 3325 1869 3389 individua

364 3425 753 3508 specierum,
785 3442 1057 3506 quarum
1098 3424 1429 3487 individua
1457 3423 1763 3506 deinceps
1791 3442 1868 3486 cx

364 3523 565 3586 maris
602 3529 665 3585 θῖ
706 3522 963 3586 leminae
1000 3521 1457 3586 commixtione
1494 3523 1862 3604 gignuntur.

364 3620 849 3684 Successionem
898 3637 1051 3682 vero
1098 3627 1162 3682 ct
1207 3619 1542 3682 intervalla
1589 3637 1698 3682 sex
1740 3620 1870 3682 die-

365 3737 513 3780 rum
558 3717 822 3799 exponit
862 3717 941 3779 de
981 3715 1085 3779 die
1128 3716 1473 3799 spirituali,
1516 3717 1608 3778 sic
1652 3724 1865 3780 tamen

364 3815 540 3899 quod
570 3815 887 3896 expositio
924 3833 1041 3877 sua
1077 3813 1283 3878 nihilo
1322 3813 1535 3877 minus
1576 3813 1866 3878 litteralis

362 3915 471 3986 sit,
516 3930 645 3975 non
696 3911 965 3996 mystica
1006 3929 1022 3974 :
1056 3912 1471 3994 intelligendo
1514 3931 1629 3994 per
1668 3912 1865 3986 diem,

362 4011 857 4076 illustrationem
898 4030 936 4074 a
974 4011 1100 4074 Deo
1137 4010 1371 4073 factam
1412 4010 1477 4073 in
1522 4018 1733 4074 mente
1762 4029 1869 4072 an-

358 4111 587 4192 gelica.
638 4108 1185 4183 Quemadmodum
1246 4107 1421 4170 enim
1480 4115 1705 4170 natura
1762 4127 1867 4171 an-

1981 3137 2083 3206 ta;
2128 3127 2273 3201 alia,
2321 3128 2490 3210 quod
2533 3127 2851 3190 elementa
2897 3125 3158 3189 fuerunt
3205 3125 3482 3208 propriis

1980 3225 2206 3291 formis
2235 3224 2764 3288 substantialibus
2793 3244 2828 3288 a
2858 3223 3180 3306 principio
3207 3230 3478 3296 actuata,

1982 3324 2270 3387 nondum
2318 3331 2532 3385 tamen
2585 3322 2744 3385 locis
2793 3340 2867 3385 ac
2921 3321 3168 3384 viribus
3217 3329 3281 3384 et
3337 3338 3480 3403 pro-

1980 3421 2361 3505 prietatibus
2419 3421 2812 3483 secundariis
2860 3419 3304 3494 determinata,
3355 3419 3482 3482 dis-

1978 3520 2178 3582 tincta
2205 3539 2278 3582 ac
2309 3520 2604 3582 decorata
2637 3536 2650 3582 :
2685 3519 2906 3601 sicque
2943 3536 3105 3600 opus
3146 3516 3484 3580 creationis

1979 3617 2420 3701 temporaliter
2461 3626 2556 3680 est
2595 3625 2884 3680 secutum
2927 3633 3090 3699 opus
3132 3616 3484 3679 distinctio-

1979 3717 2103 3788 niS,
2164 3715 2394 3779 deinde
2451 3732 2614 3797 opus
2669 3722 2946 3777 ornatuS.
3010 3714 3181 3777 Hanc
3240 3714 3486 3795 exposi-

1977 3812 2221 3876 tionem
2265 3813 2456 3876 etiam
2504 3812 2714 3893 magni
2759 3811 3048 3874 doctores
3096 3811 3479 3885 scholastici,

1978 3911 2356 3984 Alexander,
2416 3910 2881 3983 Bonaventura,
2934 3910 3316 3975 Guillelmus
3373 3910 3480 3972 Pa-

1978 4009 2268 4073 risiensis
2308 4016 2372 4070 et
2408 4008 2710 4072 dominus
2748 4008 3284 4072 Antisiodorensis
3331 4026 3478 4070 cum

1978 4108 2113 4170 suis
2158 4107 2360 4170 secuti
2407 4115 2575 4170 sunt.
2624 4107 2895 4170 Thomas
2939 4125 3114 4180 vero,
3158 4106 3476 4180 Alhertus,

358 4209 570 4291 gelica
619 4215 789 4270 recte
836 4214 1101 4270 vocatur
1150 4207 1282 4280 lux,
1337 4207 1429 4270 sic
1479 4206 1867 4270 illuminatio
1896 4212 1945 4274 D
1978 4205 2308 4268 Udalricus
2347 4214 2412 4268 et
2447 4206 2547 4286 (ut
2590 4206 2868 4286 videtur)
2911 4205 3218 4286 AEgidius‚
3259 4205 3336 4268 ad
3379 4224 3481 4268 ex-

358 4309 509 4390 ejus
537 4307 773 4370 dicitur
801 4305 957 4368 dies.
993 4305 1095 4368 Sic
1124 4322 1381 4387 quoque
1412 4323 1522 4367 sex
1550 4305 1689 4367 dies
1718 4312 1868 4368 sunt

358 4426 534 4469 unus
582 4405 741 4479 dies,
786 4421 913 4466 non
965 4401 1448 4485 quantitativuS,
1496 4409 1671 4464 motu
1714 4402 1866 4465 solis

360 4512 685 4578 causatus,
718 4503 828 4566 sed
868 4500 1067 4564 menti
1106 4501 1409 4582 angelicae
1448 4507 1865 4583 praesentatus

356 4601 721 4666 secundum
762 4619 873 4664 sex
914 4617 1129 4662 rerum
1170 4598 1636 4672 distinctioneS,
1671 4617 1865 4680 penes

358 4719 523 4783 quas
554 4704 947 4769 numeratur,
980 4697 1102 4760 hoc
1131 4704 1249 4770 cst,
1284 4695 1671 4759 illuminatio
1701 4696 1867 4760 facta

354 4796 607 4878 angelis
647 4797 723 4860 de
760 4814 873 4859 sex
910 4795 1163 4857 dierum
1201 4794 1526 4876 operibus,
1559 4795 1653 4857 sic
1696 4795 1866 4877 quod

357 4895 719 4960 secundum
760 4894 1013 4957 diversa
1060 4911 1275 4956 rerum
1324 4893 1721 4975 cognitarum
1765 4912 1867 4975 ge·

356 5011 528 5058 nera
568 4993 701 5055 dies
741 4991 853 5055 ille
894 4992 987 5054 sic
1028 4999 1417 5054 numeratur.
1466 4991 1568 5054 Sic
1611 5009 1865 5074 queque

360 5091 689 5155 successio
717 5090 829 5153 illa
855 5090 1107 5153 dierum
1138 5096 1204 5153 et
1240 5089 1395 5152 ordo
1425 5106 1551 5152 non
1582 5097 1680 5152 θεῖ
1708 5097 1865 5152 tem-

364 5189 570 5273 poris,
608 5189 716 5252 sed
761 5196 1023 5252 naturae.
1056 5187 1344 5270 Denique
1386 5187 1703 5270 expositio
1746 5187 1867 5251 ista

360 5287 623 5352 videtur
667 5287 897 5352 rationi
940 5286 1088 5371 plus
1130 5302 1430 5361 consona,
1477 5304 1677 5368 quum
1724 5284 1865 5350 Om-

1986 4303 2371 4385 positionem
2413 4303 2752 4385 Augustini
2795 4302 3136 4366 declinant.
3183 4303 3478 4366 Attamen

1978 4403 2036 4464 S.
2072 4402 2346 4465 Thomas
2389 4402 2646 4476 fatetur,
2677 4402 2848 4483 quod
2887 4401 2940 4463 si
2981 4401 3090 4464 lux
3134 4409 3198 4464 et
3236 4402 3372 4464 dies
3413 4401 3476 4465 in

1978 4500 2424 4582 spiritualibus
2484 4499 2916 4582 metaphorice
2973 4499 3289 4574 dicantur,
3349 4517 3476 4562 non

1978 4599 2260 4680 proprie,
2303 4599 2616 4680 expositio
2656 4597 2764 4659 illa
2799 4597 3138 4678 Augustini
3179 4599 3305 4661 dici
3349 4615 3476 4661 non

1979 4706 2195 4779 posset
2225 4697 2536 4769 litteralis,
2570 4696 2680 4758 sed
2712 4696 2998 4778 mystica.
3033 4695 3223 4759 Porro
3253 4697 3318 4758 in
3350 4695 3477 4778 pri-

1980 4815 2084 4857 ma
2123 4802 2300 4877 parte
2344 4796 2620 4857 Summae
2663 4792 2948 4874 alibique
2986 4801 3272 4868 testatur,
3306 4795 3477 4875 quod

1976 4911 2104 4956 non
2153 4893 2430 4975 proprie,
2473 4893 2583 4955 sed
2629 4891 3062 4974 metaphorice
3107 4891 3173 4954 in
3217 4893 3475 4973 spiritu-

1975 4991 2186 5055 alibus
2231 4991 2422 5053 rebus
2464 4991 2775 5053 dicantur.
2812 4990 2986 5053 Unde
3028 4989 3221 5052 alicui
3263 4999 3477 5072 posset

1978 5090 2204 5164 videri,
2241 5091 2410 5172 quod
2451 5096 2706 5152 sanctus
2737 5088 2966 5151 Doctor
3003 5088 3330 5171 sequendo
3368 5108 3476 5153 ex-

1976 5188 2360 5270 positionem
2394 5187 2731 5268 Augustini
2773 5194 3074 5269 tanquam
3108 5187 3470 5264 litteralem,

1975 5293 2166 5368 atque
2197 5287 2490 5362 dicendo,
2523 5286 2695 5369 quod
2727 5285 2858 5362 lux,
2891 5285 3193 5370 splendor
3231 5295 3296 5351 et
3334 5287 3471 5352 dies
