4300 6259
651 2271 712 2316 Dc
738 2272 880 2318 Divin.

615 2350 732 2380 nom.
759 2349 798 2380 c.
820 2351 877 2380 iv.

632 3257 738 3300 ibid.
760 3271 798 3302 c.
821 3271 879 3301 ιιι.

637 3560 698 3604 Dc
709 3560 882 3605 Coelcst.

619 3623 727 3666 bier.
751 3637 788 3667 c.
823 3638 883 3676 lv,

618 3699 707 3729 xm.

896 501 1020 569 332

1471 526 1550 572 121²:
1593 527 1820 572 LUMNE
1862 525 2245 572 cnms'rlANAE
2286 524 2588 582 mmmm,
2632 525 2809 572 mmm
2850 526 2891 572 1.
2934 543 3015 556 --
3056 526 3194 573 Aur.
3240 525 3424 571 mx!

979 693 1044 758 Si
1091 702 1304 758 autem
1350 695 1492 778 quis
1541 696 1751 770 instet,
1793 695 2098 778 quoniam
2141 695 2399 758 Proclus
2428 693 2479 756 A
2509 696 2745 778 paratis
2768 696 3089 760 causis.Et
3118 704 3262 780 post
3293 715 3510 778 pauca,
3534 694 3737 778 legem
3758 692 3977 756 ordinis

899 799 964 855 et
1003 800 1224 856 auctor
1267 793 1413 856 libri
1459 795 1538 856 de
1583 793 1800 857 Causis
1858 794 2082 857 dicunt
2125 793 2398 876 primam

897 909 1153 954 causam
1203 911 1364 967 esse,
1411 901 1475 954 et
1519 892 1790 975 operari,
1837 901 1901 955 et
1949 891 2224 955 influere
2271 909 2401 954 om-

899 989 1090 1052 nibus
1127 991 1482 1052 secundum
1525 1010 1717 1053 unam
1757 991 2263 1072 dispositionem.
2302 990 2401 1052 Di-

899 1087 1066 1148 citur
1113 1088 1353 1170 quippe
1402 1087 1466 1150 in
1515 1087 1680 1150 libro
1734 1087 2079 1152 Causarum
2133 1106 2147 1150 ε
2203 1088 2400 1152 Causa

898 1185 1108 1267 prima
1165 1193 1263 1248 est
1318 1185 1384 1247 in
1442 1186 1743 1248 omnibus
1801 1187 2154 1249 secundum
2206 1205 2399 1248 unam

900 1282 1385 1365 dispositionem
1413 1301 1578 1347 :non
1610 1292 1824 1347 autem
1858 1302 2223 1348 econverso.
2256 1285 2399 1347 Pro-

901 1381 1038 1443 cius
1070 1383 1333 1464 insuper
1371 1383 1464 1444 sic
1506 1384 1715 1464 arguit
1749 1400 1762 1444 :
1797 1383 2078 1446 Primum
2119 1383 2250 1463 agit
2287 1400 2402 1464 per

901 1499 1039 1543 esse
1099 1500 1288 1543 suum
1347 1481 1486 1544 sine
1545 1481 1920 1545 habitudine
1970 1482 2397 1563 superaddita,

899 1579 1139 1661 alioqui
1173 1598 1382 1661 neque
1421 1579 1704 1661 primum
1745 1598 1953 1663 neque
1991 1579 2267 1662 simplex
2308 1598 2403 1641 es-

899 1685 1012 1740 set.
1049 1678 1223 1750 Quod
1264 1685 1477 1740 autem
1519 1677 1610 1739 sic
1644 1673 1794 1758 agit,
1827 1679 1957 1758 agit
1994 1677 2403 1740 uniformiter

899 1781 964 1838 et
1003 1794 1278 1858 semper,
1325 1777 1627 1858 quoniam
1680 1795 1793 1857 per
1841 1776 2113 1859 propriae
2164 1783 2402 1839 naturae

2507 793 2909 878 formamque
2948 795 3376 859 distinctionis
3416 813 3631 858 rerum
3678 791 3979 856 sensibilis

2509 893 2732 954 mundi
2800 893 3213 956 manifestans
3277 893 3488 955 datam
3556 899 3620 954 ct
3680 898 3977 953 ostensam

2508 991 2631 1053 diis
2680 992 2945 1054 deorum
2996 1011 3033 1054 a
3082 992 3289 1073 prima
3337 1009 3549 1063 causa,
3610 991 3673 1052 in
3731 1006 3983 1072 persona

2507 1089 2763 1172 opificis
2795 1090 2986 1171 primi
3018 1090 3109 1152 sic
3141 1090 3420 1172 loquitur
3452 1089 3724 1152 :Horum
3752 1105 3985 1150 semen-

2506 1193 2637 1250 tem
2668 1205 2785 1268 ego
2814 1187 3395 1269 faciam,vobisque
3426 1187 3701 1264 tradam3
3724 1192 3986 1248 vestrum

2508 1294 2720 1348 autem
2780 1287 3042 1368 exsequi
3105 1305 3218 1369 par
3274 1284 3416 1348 erit.
3481 1286 3597 1348 Per
3652 1290 3987 1347 sementem

2511 1401 2722 1464 porro,
2755 1382 2993 1446 formas
3024 1391 3088 1446 et
3118 1383 3431 1446 bonitates
3469 1389 3860 1444 causatorum
3898 1381 3988 1442 in·

2510 1480 2847 1563 telligit,ut
2876 1481 3237 1545 Chalcidius
3270 1481 3549 1562 exponit.
3564 1481 3795 1544 Rursus
3824 1479 3991 1542 theo-

2510 1587 2751 1643 remate
2816 1579 3168 1642 centesimo
3237 1579 3723 1662 quadragesimo
3776 1585 3993 1660 quarto

2510 1679 2599 1741 ait
2638 1678 2893 1742 Proclus
2931 1697 2944 1740 :
2978 1679 3205 1742 Omnia
3246 1678 3420 1741 entia
3462 1684 3527 1740 et
3568 1677 3845 1740 omnium
3884 1695 3991 1738 en·

2511 1777 2673 1838 tium
2743 1777 3193 1859 dispositiones
3262 1777 3327 1839 in
3384 1784 3633 1838 tantum
3692 1793 3997 1858 processe·

901 1871 1252 1935 bonitatem
1312 1873 1682 1935 immediate
1731 1873 1900 1954 agit3
1950 1882 2014 1936 et
2060 1875 2151 1936 sic
2212 1872 2401 1935 indif—
2439 1878 2486 1940 B
2516 1883 2687 1950 runt,
2722 1876 2786 1937 in
2818 1883 3129 1957 quantum
3162 1883 3225 1938 et
3252 1876 3517 1938 deorum
3556 1874 3991 1938 ordinationes.

900 1970 1181 2034 ferenter
1229 1973 1420 2035 habet
1468 1992 1535 2034 se
1584 1973 1662 2034 ad
1711 1973 1927 2035 omnia
1973 1973 2000 2034 τ’
2035 1990 2163 2036 non
2212 1972 2404 2053 igitur

903 2068 1330 2133 distinctionis
1362 2078 1425 2133 et
1455 2071 1861 2140 diversitatis,
1890 2071 1955 2133 in
1987 2070 2221 2152 quibus
2252 2071 2405 2133 ordo

907 2167 1217 2240 consistit,
1269 2169 1502 2250 poterit
1559 2186 1698 2230 esse
1748 2186 1955 2230 causa.
2006 2168 2254 2242 Adhuc,
2305 2168 2404 2229 his

907 2264 1161 2326 videtur
1216 2265 1574 2328 consentire
1635 2264 1985 2348 Dionysius.
2046 2265 2149 2328 Ait
2207 2265 2403 2338 enim,

907 2364 1077 2445 quod
1109 2363 1274 2426 sicut
1311 2363 1404 2427 sol
1445 2363 1562 2426 iste
1602 2363 1950 2437 sensibilis,
1981 2363 2214 2426 divinae
2245 2363 2406 2425 lucis

905 2460 1170 2524 evidens
1203 2461 1433 2543 imag0,
1456 2469 1753 2544 totusque
1786 2462 2005 2524 lucens
2036 2469 2099 2525 et
2130 2462 2403 2535 luciduS,

905 2560 1007 2623 his
1039 2580 1180 2643 quae
1210 2579 1341 2625 suae
1382 2561 1824 2624 illustrationis
1863 2562 2195 2643 capaciora
2232 2569 2403 2635 sunt,

906 2658 1286 2740 ampliorem
1360 2659 1521 2720 lucis
1594 2658 1813 2720 influit
1883 2659 2405 2721 communicatio-

907 2774 1054 2818 nem
1091 2773 1104 2818 :
1139 2756 1232 2818 sic
1275 2755 1370 2819 sol
1410 2757 1517 2818 ille
1551 2756 1974 2838 intelligibilis
2005 2764 2233 2819 cuncta
2263 2757 2406 2818 illu·

905 2862 1134 2928 stranS,
1180 2855 1480 2917 omnibus
1531 2855 1938 2918 uniformiter
1978 2874 2405 2937 superexpan-

906 2953 1080 3015 ditur
1108 2960 1172 3015 et
1202 2953 1454 3032 influit3
1487 2954 1597 3016 sed
1629 2953 1986 3016 illuminata
2024 2971 2151 3016 non
2183 2953 2405 3017 eodem

2514 1975 2590 2037 Et
2621 1974 2687 2036 in
2718 1981 3081 2037 commento
3122 1973 3368 2036 addidit
3402 1991 3414 2035 :
3444 1973 3696 2036 Etenim
3724 1972 3809 2034 dii
3834 1971 4003 2034 entia

2515 2091 2730 2134 secum
2769 2072 3230 2155 produxerunt,
3262 2080 3327 2133 et
3356 2070 3517 2133 nihil
3551 2069 3849 2154 possibile
3874 2077 4007 2131 erat

2514 2169 2866 2232 subsistere
2896 2176 2961 2232 et
2992 2187 3359 2232 mensuram
3391 2175 3456 2231 et
3482 2169 3770 2231 ordinem
3798 2166 4003 2230 sortiri

2519 2275 2693 2330 extra
2744 2269 2914 2330 deos.
2975 2267 3307 2330 Manifeste
3367 2267 3580 2348 itaque
3638 2267 3835 2339 docet,
3878 2266 4003 2348 pri-

2516 2386 2693 2430 mum
2760 2384 2950 2447 agens
3018 2385 3157 2429 esse
3226 2365 3705 2449 primordialem
3768 2364 4003 2428 ordinis

2514 2464 2779 2528 fontem.

2595 2564 2862 2645 Insuper
2899 2568 3119 2624 auctor
3162 2561 3310 2623 libri
3354 2561 3699 2626 Causarum
3742 2561 3849 2634 ait,
3880 2560 4000 2642 pri—

2516 2679 2695 2723 mum
2744 2661 2960 2722 omnia
3008 2677 3247 2740 regere,
3299 2665 3369 2720 ut
3416 2679 3588 2722 nunc
3635 2659 3999 2742 praedictum
4029 2683 4215 2720 namt

2516 2766 2649 2821 est:
2676 2777 2899 2839 regens
2920 2775 3071 2820 vero
3100 2756 3350 2819 ordinat
3376 2765 3566 2820 recta.
3586 2758 3793 2828 Porr0,
3808 2775 4003 2838 quum

2516 2856 2783 2919 dixisset
2810 2856 3204 2929 Aristotcle8‚
3236 2856 3287 2918 A
3319 2856 3531 2938 primo
3567 2855 3825 2937 quidem
3862 2861 4003 2916 ente

2517 2954 2817 3018 omnibus
2875 2954 3236 3017 derivatum
3294 2961 3391 3016 est
3445 2972 3586 3016 esse
3642 2961 3706 3016 et
3762 2953 4004 3030 vivere3

911 3051 1098 3113 modo
1128 3050 1339 3132 ipsum
1374 3051 1777 3133 participant.
1811 3052 1947 3114 Non
1979 3069 2128 3133 ergo
2158 3071 2235 3114 ex
2269 3071 2407 3134 par·
2446 3055 2488 3117 C
2516 3053 2779 3125 addidit,
2841 3051 2948 3113 His
3007 3052 3268 3132 quidem
3327 3051 3583 3125 clarius,
3643 3051 3742 3114 his
3797 3059 4003 3112 autem

906 3156 970 3212 te
1014 3149 1229 3230 primi,
1275 3150 1384 3212 sed
1428 3149 1900 3231 recipientium,
1933 3151 2055 3212 erit
2095 3150 2407 3212 distincti-

907 3248 1050 3311 onis
1082 3248 1256 3310 ordo.
1274 3248 1518 3322 Adhuc,
1537 3248 1703 3309 idem
1733 3248 2070 3330 Dionysius
2099 3249 2189 3309 ait
2209 3249 2407 3310 Deum

908 3346 1210 3409 omnibus
1239 3365 1418 3428 aeque
1451 3346 1892 3408 immediatum
1924 3363 2084 3419 esse,
2105 3347 2253 3409 licet
2283 3365 2408 3408 non

911 3444 1126 3508 omnia
1172 3444 1299 3505 sint
1349 3443 1440 3506 illi
1485 3463 1666 3525 aeque
1712 3443 2097 3506 immediata.
2146 3445 2408 3518 RursuS,

910 3543 1272 3606 distantiam
1324 3543 1752 3605 secundorum
1793 3560 1830 3603 a
1873 3543 2083 3625 primo
2125 3542 2411 3604 vicissim

913 3641 1122 3703 innuit
1167 3640 1410 3702 ordinis
1470 3659 1686 3703 rerum
1746 3659 2002 3702 causam
2055 3659 2213 3703 esse.
2274 3641 2410 3703 Non

912 3739 1107 3820 igitur
1149 3739 1432 3821 primum
1471 3738 1593 3800 erit
1630 3738 1872 3801 ordinis
1915 3737 2174 3801 fontana
2210 3738 2409 3819 origo,

910 3837 1020 3900 sed
1065 3836 1492 3924 secundorum
1540 3836 2016 3918 possibilitates

988 3935 1082 3997 Ad
1114 3934 1580 4017 plenitudinem
1614 3952 1764 4016 ergo
1796 3934 2234 4015 intelligentiae
2266 3954 2415 4018 prae-

909 4033 1298 4105 habitorum,
1348 4032 1803 4094 declarandum
1853 4040 1950 4094 est
1999 4051 2077 4094 ex
2126 4033 2415 4095 doctrina

907 4131 1133 4204 Procli,
1185 4131 1492 4213 Dionysii,
1537 4131 1817 4193 auctoris
1869 4130 2016 4192 libri
2066 4131 2411 4194 Causarum

2518 3150 2855 3214 obscurius
2900 3167 2913 3211 :
2956 3150 3022 3211 in
3066 3167 3193 3231 quo
3242 3150 3465 3232 utique
3512 3150 3799 3212 datarum
3846 3149 4009 3212 ordi-

2519 3267 2666 3311 nem
2709 3248 3066 3310 bonitatum
3106 3247 3453 3310 confitetur
3481 3266 3518 3309 a
3548 3247 3759 3330 primo
3798 3265 4010 3330 proce-

2520 3347 2693 3410 dere.
2742 3346 3085 3409 Enimvero
3139 3346 3521 3408 duodecimo
3576 3345 4012 3428 Metaphysicae

2520 3446 2697 3519 dicit,
2760 3444 3073 3507 naturalia
3132 3443 3377 3506 entium
3444 3445 3756 3507 desideria
3812 3463 4009 3506 unum

2522 3543 2881 3626 principem
2926 3543 3179 3624 exigere
3213 3559 3227 3604 :
3263 3542 3433 3606 entia
3476 3560 3753 3624 namque
3789 3542 4015 3605 nolunt

2524 3642 2687 3704 male
2729 3641 3022 3722 disponi3
3074 3640 3404 3722 pluralitas
3452 3659 3602 3703 vero
3649 3641 4010 3723 principum

2523 3739 2706 3803 mala.
2741 3738 3064 3801 Naturalia
3092 3756 3243 3820 ergo
3273 3739 3521 3801 entium
3560 3738 3873 3802 desideria
3912 3758 4015 3801 na-

2520 3837 2811 3900 turaliter
2843 3837 3127 3900 converti
3169 3843 3462 3918 satagunt
3491 3844 3555 3900 et
3594 3837 3847 3900 student
3876 3855 4016 3899 con·-

2520 3936 2704 4017 jungi
2737 3935 2948 4018 primo
2978 3935 3317 4017 principio.
3352 3935 3474 3998 Sed
3516 3935 4017 4017 unumquodque

2522 4035 2599 4097 ad
2649 4034 2715 4096 id
2774 4033 3167 4096 convertitur
3217 4052 3254 4094 a
3313 4051 3439 4114 quo
3497 4033 3804 4114 procedit,
3852 4033 4019 4094 sicut

2525 4139 2852 4195 causatum
2901 4132 2978 4192 ad
3030 4149 3287 4192 causam
3342 4148 3355 4193 :
3409 4131 3758 4213 praesertim
3814 4150 4015 4213 quum

909 4237 974 4293 et
1003 4229 1358 4291 Aristotelis
1387 4236 1579 4310 atque
1617 4228 1916 4302 PlatoniS,
1954 4229 2225 4311 primam
2269 4249 2412 4292 cau·
2444 4237 2493 4298 D
2522 4239 2847 4294 ostensum
2882 4229 2985 4303 sit,
3020 4247 3121 4291 res
3159 4247 3285 4291 non
3328 4228 3689 4310 dependere
3715 4248 3754 4290 a
3782 4231 4016 4311 primo,
4044 4255 4215 4293 mnu.

911 4346 1048 4390 sam
1119 4327 1254 4389 sore
1325 4327 1570 4389 ordinis
1645 4327 2094 4389 universorum
2177 4327 2414 4391 fontale

912 4425 1306 4510 principium
1359 4434 1422 4487 et
1471 4425 1790 4488 causalem
1841 4425 2293 4488 institutorem.
2347 4428 2414 4489 ln

913 4530 1277 4588 commento
1306 4523 1601 4605 equidem
1637 4523 2049 4586 theorematis
2081 4525 2415 4587 centesimi

911 4622 1220 4695 tricesimi
1266 4623 1437 4684 tertii
1483 4622 1572 4684 ait
1616 4622 1873 4685 Proclus
1919 4639 1932 4683 ε
1978 4622 2229 4685 Etenim
2278 4640 2417 4705 pro-

913 4721 1148 4805 prietas
1197 4720 1414 4782 divina
1462 4720 1756 4781 distinxit
1805 4720 2081 4783 unitates
2131 4729 2195 4783 et
2244 4721 2421 4784 boni-

910 4827 1072 4882 tates
1121 4819 1408 4891 deorum,
1454 4826 1523 4880 ut
1568 4818 2010 4900 unusquisque
2059 4821 2415 4882 secundum

913 4917 1172 5000 aliquod
1213 4916 1513 4980 bonitatis
1550 4916 1787 4979 idioma
1828 4917 2045 4979 omnia
2083 4917 2414 4993 bonificet,

917 5024 1094 5100 puta,
1149 5016 1464 5098 perficiat,
1519 5015 1844 5077 contineat
1908 5022 2018 5078 aut
2077 5017 2412 5080 custodiat.

918 5115 1094 5177 Unde
1125 5121 1188 5176 et
1217 5114 1390 5176 Plato
1419 5112 1580 5175 dixit
1601 5130 1614 5174 :
1634 5113 1681 5175 Ο
1711 5113 1800 5175 dii
1831 5114 2119 5188 deorum,
2138 5132 2415 5198 quorum

853 5269 860 5278 .
921 5212 1091 5276 idem
1145 5218 1321 5294 pater
1369 5219 1436 5273 et
1479 5209 1697 5292 opifex
1746 5230 1880 5293 ego.
1933 5212 2188 5276 Inducit
2244 5214 2417 5276 enim

923 5326 1252 5372 summum
1297 5308 1498 5372 Deum
1542 5307 1914 5391 loquentem
1955 5311 2184 5394 primis
2224 5319 2289 5376 et
2324 5331 2417 5376 se-

2524 4346 2732 4411 neque
2780 4327 3139 4391 necessario
3198 4326 3485 4390 converti
3542 4327 3620 4388 ad
3679 4327 3917 4409 ipsum,
3966 4328 4019 4390 si

2524 4444 2652 4489 non
2692 4425 2770 4488 ab
2813 4425 2923 4488 illo
2964 4426 3074 4487 sed
3116 4443 3152 4487 a
3196 4443 3263 4487 se
3308 4424 3466 4507 ipsis
3512 4443 3652 4489 esse
3695 4425 4019 4488 habeant:

2526 4525 2694 4606 quod
2734 4524 2906 4587 enim
2948 4543 3049 4586 res
3087 4523 3281 4586 habet
3318 4542 3355 4585 a
3397 4542 3465 4585 se
3506 4523 3664 4605 ipsa,
3704 4527 4026 4606 quomodo

2526 4622 2768 4702 indiget
2808 4621 2935 4684 alio
2975 4621 3333 4684 extrinseco
3385 4637 3501 4702 pro
3550 4621 3702 4684 illo'l
3742 4622 4025 4684 Primum

2526 4737 2675 4801 ergo
2706 4720 2953 4782 entium
2983 4719 3299 4782 desideria
3328 4719 3622 4782 distinxit
3658 4727 3725 4782 et
3759 4721 4027 4802 impres-

2528 4819 2819 4882 sit.Unde
2850 4826 2913 4881 et
2944 4817 3225 4901 primum
3258 4835 3372 4880 ens
3404 4818 3563 4880 dicit
3590 4836 3731 4880 esse
3761 4818 4025 4884 finalem

2528 4935 2785 4980 causam
2831 4916 3084 4979 orbium
3134 4923 3198 4978 et
3247 4923 3540 4977 motuum
3589 4923 3781 4998 atque
3830 4928 4031 4981 moto-

2528 5036 2670 5078 rum
2704 5015 2977 5077 illorum.
2996 5013 3167 5076 Finis
3196 5021 3412 5076 autem
3442 5021 3540 5076 est
3568 5033 3759 5078 causa
3786 5017 4030 5078 ordinis

2529 5132 2749 5177 eorum
2795 5131 3069 5195 quorum
3113 5120 3211 5174 est
3250 5112 3425 5175 finis.
3469 5112 3759 5195 Denique
3802 5114 4033 5198 Diony·

2528 5213 2659 5275 sius
2703 5211 2791 5274 ait
2825 5228 2838 5272 :
2874 5211 3100 5273 Divina
3131 5209 3442 5292 sapientia
3473 5208 3499 5271 f
3504 5210 3639 5272 ines
3670 5211 4027 5294 primorum
4078 5239 4128 5282 ορ
4156 5235 4249 5278 nm

2531 5308 3009 5391 conjunguntur
3066 5307 3405 5390 principiis
3462 5309 3927 5386 secundorum,
3972 5319 4029 5373 et
4052 5309 4247 5345 ¹¹⁰³·‘·⁸¹⁹
