4300 6259
108 1367 261 1421 Ephe&
282 1381 343 1416 iv,

944 493 1025 542 1³13
1064 493 1291 540 mmm:
1330 491 1714 540 cnmsTIANAE
1754 492 2057 550 mmmm,
2104 493 2278 539 LIBER
2320 493 2384 539 11.
2429 511 2510 524 -··
2551 495 2688 540 ART.
2734 493 2923 540 xcvul

462 666 529 730 Si
572 667 783 731 denuo
824 666 969 750 quis
1008 666 1203 730 instet
1244 683 1257 728 :
1298 665 1533 748 primo,
1575 664 1877 748 quoniam
1908 663 1960 728 A
1990 664 2174 747 ejus;
2214 671 2277 729 et
2325 685 2546 730 rursus
2587 685 2601 729 :
2635 667 2860 730 Militia
2907 674 3004 730 est
3047 665 3314 748 (inquit)
3351 664 3482 728 vita
3510 687 3593 731 101>
3621 702 3694 738 vn.
3745 715 3758 730 .

134 783 208 822 m.
236 792 346 822 mv.
376 766 733 828 secundum
761 763 1217 849 praehabita,in
1248 762 1727 844 resurgentibus
1758 781 1879 826 non

378 864 785 946 permanebit
830 864 1061 927 horum
1120 862 1555 926 membrorum
1608 881 1719 925 seu
1777 881 1880 924 ve-

378 981 722 1026 nereorum
770 982 921 1025 usus
956 979 969 1024 :
1013 962 1250 1024 frustra
1290 979 1442 1042 ergo
1483 979 1881 1024 resumeren-

380 1069 505 1123 tur.
538 1096 619 1107 —
660 1062 987 1134 Praeterea,
1030 1079 1219 1122 sexus
1261 1059 1583 1122 femineus
1626 1067 1723 1122 est
1763 1059 1881 1121 im-

376 1159 693 1242 perfectio
734 1167 975 1222 naturae
1019 1166 1083 1221 et
1128 1158 1473 1221 infirmitas
1520 1159 1810 1240 quaedam
1860 1175 1873 1218 :

374 1258 532 1321 talia
576 1267 791 1321 autem
838 1276 967 1321 non
1017 1263 1207 1320 erunt
1257 1257 1323 1319 in
1372 1255 1871 1338 resurgentibus.

372 1393 459 1403 —
492 1358 753 1430 Rursus,
782 1355 1117 1439 Apostolus
1161 1356 1251 1417 ait
1284 1373 1299 1418 t
1331 1356 1541 1418 Donec
1589 1372 1879 1418 occurra-

372 1475 521 1517 mus
554 1472 776 1517 omnes
828 1455 894 1516 in
942 1453 1251 1516 unitatem
1299 1452 1455 1515 fidei
1504 1459 1569 1514 et
1614 1452 1879 1532 agnitio-

372 1554 477 1616 nis
536 1553 678 1616 Filii
735 1553 870 1626 Dei,
941 1552 1006 1613 in
1074 1551 1289 1614 virum
1356 1551 1739 1634 perfectum,
1810 1551 1874 1612 in

370 1670 743 1714 mensuram
826 1651 1031 1714 aetatis
1116 1649 1539 1732 plenitudinis
1618 1648 1871 1712 Christi.

366 1750 509 1813 Non
570 1748 764 1831 igitur
823 1749 889 1812 in
948 1767 1105 1812 sexu
1164 1747 1445 1810 femineo
1497 1747 1620 1810 erit
1672 1765 1877 1809 resur-

365 1848 661 1929 gentium
702 1864 1028 1911 occursus.

452 1947 575 2010 Sed
606 1946 1148 2029 respondendum,
1167 1945 1337 2028 quod
1368 1945 1421 2008 si
1454 1945 1647 2026 igitur
1676 1963 1875 2008 mem-

366 2044 485 2107 bra
526 2045 589 2107 in
630 2045 869 2128 quibus
908 2051 1005 2108 est
1042 2063 1254 2117 sexuS,
1289 2044 1355 2105 in
1396 2043 1877 2124 resurgentibus

370 2163 675 2206 mansura
730 2161 860 2206 non
920 2151 1089 2216 sunt,
1151 2143 1304 2224 quia
1370 2142 1657 2224 ipsorum
1723 2161 1875 2205 usus

367 2241 663 2313 cessabit,
677 2241 993 2304 conformi
1026 2241 1269 2304 ratione
1302 2259 1509 2322 neque
1542 2240 1649 2302 illa
1682 2258 1877 2302 mem-

367 2340 485 2402 bra
536 2339 965 2402 remanebunt
1016 2359 1157 2422 quae
1208 2340 1399 2402 modo
1457 2339 1601 2402 cibo
1648 2345 1712 2400 et
1766 2338 1875 2400 ali-

370 2439 609 2500 mentis
639 2438 1047 2502 deserviunt:
1076 2438 1289 2520 itaque
1322 2455 1447 2500 non
1481 2455 1679 2519 pauca
1709 2444 1876 2498 esset

368 2537 435 2598 in
487 2537 971 2617 resurgentibus
1018 2539 1305 2619 corporis
1352 2535 1713 2598 diminutio.
1761 2536 1873 2599 Re·

370 2635 730 2698 manebunt
778 2635 991 2716 igitur,
1035 2634 1215 2716 quasi
1255 2635 1333 2697 ad
1384 2641 1624 2696 naturae
1673 2633 1875 2716 perfe-

368 2734 653 2797 ctionem
693 2733 1141 2814 individuique
1186 2733 1610 2814 integritatem
1664 2732 1873 2814 requi-

368 2833 491 2895 sita
526 2849 541 2894 ε
577 2839 893 2913 quatenus
923 2838 987 2894 et
1028 2839 1180 2894 tunc
1220 2831 1375 2894 ordo
1406 2832 1469 2893 in
1501 2831 1871 2894 hominibus

369 2931 672 2993 reluceat.
720 2965 795 2976 -
840 2929 1015 3004 Quod
1065 2930 1347 2991 secundo
1396 2928 1728 2992 inductum
1776 2937 1873 2992 est

3358 475 3480 540 505

1989 763 2270 826 hominis
2319 783 2514 846 super
2561 773 2814 828 terram.
2870 766 2980 828 Est
3027 765 3221 847 igitur
3267 763 3483 826 anima

1990 882 2162 925 nunc
2211 863 2472 945 quidem
2531 864 2593 926 in
2653 871 2819 927 statu
2881 883 3108 946 pugnae
3165 871 3227 926 et
3285 871 3483 926 certa-

1990 961 2226 1040 minis;
2284 969 2483 1024 status
2541 970 2754 1026 autem
2813 971 2957 1046 post
3013 961 3480 1044 separationem

1988 1079 2023 1122 a
2062 1077 2350 1142 corpore,
2397 1069 2492 1124 est
2533 1068 2732 1123 status
2779 1061 3334 1133 remunerationiS‚
3369 1077 3484 1142 pro

1990 1157 2327 1239 illegitimo
2368 1159 2590 1241 utique
2631 1159 2728 1222 vel
2776 1158 3064 1241 legitimo
3111 1160 3477 1222 certamine.

1988 1257 2130 1319 Post
2172 1257 2368 1319 vitam
2415 1275 2566 1338 ergo
2606 1259 2788 1321 istam
2831 1277 2957 1320 non
2996 1256 3276 1340 amplius
3315 1275 3483 1320 com-

1991 1355 2344 1418 mutabitur
2399 1356 2679 1418 humana
2735 1357 3028 1419 voluntas
3085 1376 3121 1418 a
3178 1355 3346 1418 bono
3415 1356 3480 1418 in

1990 1454 2257 1529 malum,
2329 1462 2442 1517 aut
2518 1455 2896 1528 econtrari0,
2965 1454 3270 1537 quoniam
3343 1455 3484 1518 sine

1990 1553 2219 1615 merito
2267 1553 2366 1616 vel
2416 1553 2748 1626 demerito,
2799 1554 2920 1616 hoc
2972 1553 3182 1636 ipsum
3243 1554 3486 1617 contin-

1986 1669 2135 1732 gere
2179 1667 2306 1713 non
2337 1658 2592 1731 posset;
2624 1651 2734 1713 sed
2773 1650 3130 1713 remanebit
3167 1649 3381 1712 anima
3418 1651 3484 1712 in

1988 1769 2063 1812 ea
2114 1749 2460 1812 voluntatis
2509 1769 2640 1812 suae
2687 1749 3104 1831 dispositione
3154 1749 3219 1811 in
3267 1768 3392 1831 qua
3451 1768 3488 1812 a

1912 1849 1959 1911 B
1988 1865 2254 1929 corpore
2295 1855 2584 1930 separata
2625 1856 2743 1920 est,
2778 1856 2842 1910 et
2884 1848 2953 1910 in
2992 1866 3068 1911 eo
3111 1848 3243 1911 fixa
3288 1867 3488 1910 rema-

1986 1946 2166 2008 nebit
2195 1945 2273 2008 ad
2312 1947 2481 2027 quod
2521 1965 2589 2009 se
2628 1946 2920 2008 ultimate
2963 1945 3294 2009 convertit.
3330 1946 3485 2008 Prte-

1984 2052 2179 2117 terea‚
2213 2045 2380 2106 sicut
2410 2062 2477 2106 se
2507 2044 2699 2106 habet
2729 2043 3121 2127 principium
3165 2045 3230 2106 in
3262 2062 3486 2126 specu-

1986 2142 2312 2213 labilibus,
2345 2143 2438 2204 sic
2469 2161 2536 2204 se
2575 2142 2766 2204 habet
2804 2142 2956 2205 finis
2999 2144 3062 2204 in
3093 2141 3481 2226 appetitivis.

1984 2241 2142 2304 Nam
2213 2241 2755 2324 quemadmodum
2839 2241 2904 2303 in
2983 2240 3486 2323 speculabilibus

1986 2340 2474 2402 conclusionum
2520 2340 2823 2403 resolutio
2869 2339 2931 2401 in
2979 2340 3205 2422 primis
3255 2339 3487 2421 princi-

1986 2439 2112 2521 piis
2142 2439 2314 2501 sistit
2357 2446 2419 2500 et
2462 2457 2538 2500 ex
2587 2438 2712 2500 illis
2757 2439 3180 2512 deducuntur,
3212 2439 3304 2501 sic
3335 2438 3486 2500 finis

1986 2536 2051 2599 in
2096 2537 2467 2619 appetitivis
2512 2542 2610 2599 est
2653 2537 3044 2618 principium
3092 2537 3260 2618 quod
3298 2555 3487 2619 appe-

1983 2635 2140 2696 titur
2187 2642 2250 2696 et
2297 2635 2523 2697 ultimo
2571 2635 2934 2716 possidetur
2983 2643 3046 2698 et
3086 2635 3481 2716 adipiscitur.

1984 2733 2162 2796 Sicut
2192 2751 2342 2814 ergo
2372 2739 2596 2794 natura
2626 2733 2890 2795 humani
2925 2733 3285 2795 intellectus
3317 2731 3488 2794 circa

1982 2831 2193 2913 prima
2231 2831 2547 2912 principia
2591 2849 2802 2893 errare
2849 2849 2976 2893 non
3023 2837 3246 2912 potest,
3280 2849 3484 2913 quum

1982 2931 2111 2992 sint
2161 2930 2536 2992 naturaliter
2585 2929 2788 2991 indita
2829 2937 2894 2991 et
2937 2937 3128 3008 nota3
3172 2929 3264 2990 sic
3315 2930 3486 2991 circa

364 3028 642 3092 solvitur
674 3027 862 3110 :quia
892 3047 1081 3090 sexus
1111 3027 1431 3090 femineus
1462 3034 1557 3089 est
1589 3027 1870 3090 intentus
1901 3029 1943 3092 C
1980 3029 2370 3092 desiderium
2427 3029 2526 3090 sui
2588 3028 2801 3091 ultimi
2868 3028 3019 3091 finis
3073 3027 3234 3090 nihil
3295 3035 3484 3108 errat,

364 3147 401 3191 a
430 3135 683 3202 natura,
706 3126 954 3188 scilicet
983 3127 1353 3200 universali,
1380 3127 1530 3189 licet
1557 3146 1672 3208 per
1703 3145 1870 3190 com·

366 3225 768 3310 parationem
816 3225 895 3287 ad
942 3243 1167 3288 sexum
1229 3225 1507 3296 virilem,
1559 3226 1867 3289 rationem

367 3323 735 3407 imperfecti
778 3322 1027 3385 habeat.
1060 3357 1141 3368 —
1170 3323 1264 3384 Ad
1308 3323 1565 3385 tertium
1613 3323 1869 3398 dicitur,

366 3424 539 3506 quod
584 3421 927 3503 Apostolus
971 3420 1081 3494 ait,
1114 3421 1181 3482 In
1229 3420 1439 3484 virum
1488 3421 1869 3503 perfeetum,

366 3530 441 3584 ut
468 3520 773 3584 Ecclesiae
814 3519 1119 3582 virtutem
1154 3519 1740 3603 perfectionemque
1772 3521 1873 3582 de-

366 3620 581 3700 signet
634 3637 649 3681 ε
700 3625 831 3681 tota
890 3637 1170 3699 namque
1230 3619 1513 3681 Ecclesia
1567 3627 1871 3701 tanquam

366 3719 469 3780 vir
502 3737 671 3779 unus
700 3724 891 3800 atque
924 3715 1247 3798 perfectus
1278 3717 1525 3780 Christo
1559 3724 1869 3780 occurret.

453 3815 544 3878 Ex
584 3815 796 3878 verbis
838 3833 1094 3896 quoque
1123 3813 1409 3896 Apostoli
1458 3815 1874 3897 praeinductis

370 3913 739 3987 innotescit,
787 3913 957 3994 quod
1000 3913 1065 3975 in
1112 3932 1411 3976 mensura
1454 3914 1654 3976 aetatis
1698 3914 1873 3977 Chri-

368 4013 451 4075 sti
503 4020 840 4094 resurgent
888 4012 1191 4074 universi.
1241 4012 1309 4073 In
1360 4012 1493 4074 sola
1541 4013 1710 4075 enim
1755 4014 1875 4076 hac

368 4119 578 4185 aetate,
618 4118 862 4175 naturae
902 4110 1213 4192 perfectio
1252 4111 1563 4174 consistit.
1598 4112 1738 4193 Ipsa
1779 4119 1876 4174 est

1979 3129 2284 3211 quoniam
2337 3127 2840 3208 unumquodque
2884 3126 3257 3190 naturaliter
3302 3127 3484 3189 illum

1981 3227 2245 3310 appetit.
2283 3226 2404 3288 Sed
2441 3225 2608 3286 sicut
2647 3243 2722 3288 ex
2767 3224 3030 3307 speciali
3071 3225 3486 3308 dispositione

1984 3324 2350 3387 intellectus
2383 3323 2696 3404 contingit
2724 3323 3096 3405 quempiam
3128 3342 3340 3386 errare
3370 3323 3488 3385 cir-

1984 3441 2059 3484 ca
2115 3422 2224 3484 illa
2285 3440 2427 3503 quae
2476 3440 2554 3484 ex
2615 3421 2841 3503 primis
2899 3420 3237 3502 principiis
3295 3422 3487 3484 dedu-

1985 3529 2241 3594 cuntur,
2301 3520 2392 3582 sic
2451 3539 2528 3582 ex
2589 3519 3006 3601 dispositione
3065 3520 3326 3603 speciali
3386 3538 3490 3583 vo-

1986 3619 2249 3681 luntatis
2315 3617 2550 3679 accidit
2617 3635 2795 3680 error
2861 3619 2926 3680 in
2995 3617 3358 3700 particulari
3428 3626 3487 3680 et

1986 3717 2394 3780 exsecutione
2463 3716 2769 3779 naturalis
2836 3717 3158 3788 desiderii,
3229 3734 3355 3798 quo
3422 3716 3486 3778 in

1986 3815 2337 3878 universali
2389 3814 2657 3878 ultimus
2715 3814 2870 3877 finis
2917 3815 3256 3896 appetitur.
3312 3815 3488 3878 Unde

1986 3913 2272 3976 vicissim
2316 3913 2532 3976 evenit
2586 3914 2864 3975 animam
2920 3932 3152 3985 errare,
3204 3913 3490 3975 conside-

1986 4013 2186 4074 rando
2242 4019 2306 4074 et
2361 4011 2724 4093 appetendo
2783 4010 3027 4092 aliquid
3077 4010 3197 4072 sub
3243 4011 3488 4074 ratione

1988 4110 2200 4173 ultimi
2260 4109 2435 4182 finis,
2488 4117 2551 4170 et
2615 4109 2784 4172 sicut
2850 4109 3044 4171 finale
3093 4109 3358 4182 bonum,
3422 4101 3520 4172 in'

367 4215 523 4272 aetas
567 4208 901 4288 juvenilis,
937 4209 1103 4271 inter
1141 4208 1457 4291 puerilem
1499 4217 1563 4271 et
1608 4209 1873 4272 senilem
1906 4215 1955 4276 D
1987 4226 2115 4291 quo
2173 4216 2386 4270 tamen
2435 4207 2576 4288 ejus
2628 4207 2900 4270 felicitas
2949 4225 3078 4270 non
3130 4208 3419 4271 consistit
3468 4225 3483 4270 :

366 4307 584 4370 media
624 4307 965 4371 exsistens.

704 4569 1193 4635 ARTICULUS
1239 4571 1543 4636 XCVIII.

364 4713 467 4772 De
486 4711 1027 4771 immutabilitate
1058 4712 1417 4769 voluntatis
1437 4713 1509 4770 in
1530 4713 1877 4772 animabus

544 4807 689 4876 post
718 4799 1197 4874 separationem
1228 4819 1269 4857 a
1296 4801 1695 4876 corporibus,

528 4996 649 5059 hac
680 4995 921 5077 quippe
958 4995 1091 5058 vita
1128 5003 1225 5058 est
1264 5003 1462 5058 status
1503 4994 1873 5058 demerendi

474 5104 540 5160 et
598 5096 905 5158 merendi.
958 5095 1299 5177 Propterea
1358 5102 1722 5177 comparata
1780 5103 1876 5157 est

364 5195 500 5258 vita
556 5211 837 5276 praesens
898 5193 1163 5267 militiae,
1224 5201 1289 5256 et
1346 5192 1575 5256 diebus
1634 5212 1872 5256 merce-

128 5315 201 5359 ,ιω
214 5322 337 5370 um.
364 5292 557 5368 narii,
591 5290 759 5355 sicut
783 5292 898 5355 Job
928 5291 1017 5355 ait
1050 5309 1065 5354 :
1100 5292 1278 5356 Sicut
1322 5292 1697 5355 mercenarii
1736 5293 1871 5356 dies

1986 4308 2154 4370 sicut
2209 4307 2287 4369 de
2348 4306 2789 4389 intemperatis
2847 4315 2911 4369 et
2955 4308 3161 4369 avaris
3220 4315 3482 4370 constat.

1986 4407 2114 4469 Hoc
2154 4423 2306 4468 vero
2348 4405 2585 4468 accidit
2622 4425 2698 4468 ex
2744 4405 3006 4488 speciali
3046 4405 3484 4488 dispositione,

1986 4524 2127 4586 quae
2197 4505 2606 4587 superaddita
2663 4512 2760 4567 est
2829 4503 2924 4565 illi
2992 4504 3192 4586 ipsius
3259 4504 3487 4566 animai

1985 4603 2392 4684 dispositioni
2450 4622 2578 4685 qua
2637 4602 3010 4665 naturaliter
3066 4621 3282 4664 veram
3343 4602 3486 4665 bea-

1985 4701 2327 4764 titudinem
2379 4701 2732 4764 secundum
2795 4701 3054 4763 modum
3115 4708 3484 4782 praetactum

1984 4800 2319 4862 desiderat.
2377 4801 2496 4863 Sed
2549 4800 2683 4863 haec
2731 4800 3006 4862 recentis
3051 4799 3487 4881 dispositionis

1984 4898 2444 4980 superadditio,
2509 4897 2574 4960 in
2641 4896 2856 4959 anima
2925 4905 3215 4978 separata
3273 4897 3484 4960 locum

1984 4997 2265 5079 amplius
2316 5014 2442 5059 non
2495 4995 2688 5058 habet
2735 5013 2749 5056 :
2803 4996 3110 5077 quamdiu
3161 4996 3335 5058 enim
3392 5006 3486 5058 est

1984 5095 2200 5158 anima
2232 5096 2296 5157 in
2342 5113 2628 5176 corpore,
2666 5094 2904 5156 moveri
2939 5102 3146 5175 potest
3179 5113 3293 5176 per
3323 5095 3484 5158 acci-

1984 5195 2141 5256 dens
2177 5194 2530 5256 secundum
2565 5199 2808 5256 motum
2851 5193 3136 5274 corporis
3177 5192 3481 5274 aliquem,

1985 5293 2087 5356 vel
2121 5311 2234 5374 per
2281 5291 2640 5374 passionem
2687 5298 2797 5353 aut
2840 5290 3130 5354 habitum
3174 5309 3368 5374 quem
3417 5291 3484 5354 in
