4300 6259
871 502 952 567 56
1531 519 1954 568 ntnnnmflio
1996 519 2455 567 ruinosoech.
2500 537 2580 548 -
2621 518 2699 564 nn
2740 519 2941 565 Alvum
2982 519 3311 566 nummu

868 692 1041 755 tuale
1080 690 1204 755 sibi
1243 700 1580 774 cognatum
1623 690 1880 755 irradiat
1929 710 2122 773 super
2172 690 2366 773 phan-
2398 689 2448 753 A
2556 690 2820 772 Insuper
2849 688 3199 772 unicuique
3232 698 3535 755 creaturae
3565 690 3803 764 innata,
3836 696 3901 751 et
3936 706 3973 751 a

869 797 1169 865 tasma,et
1197 789 1508 853 abstrahit
1533 790 1614 854 ab
1645 790 1868 853 eodem
1900 787 2366 871 intelligibilem
2478 788 2686 870 primo
2729 805 2844 851 suo
2884 788 3185 851 effectivo
3234 789 3554 871 principio
3602 796 3699 853 est
3746 788 3973 852 collata

869 889 1150 972 speciem
1186 907 1200 951 :
1235 889 1321 952 ita
1352 889 1517 971 quod
1553 889 1753 971 ipsius
1787 888 2147 951 intellectus
2179 906 2367 969 agen-

867 988 950 1051 tis
1011 1005 1136 1050 non
1184 994 1280 1051 est
1330 988 1586 1071 proprie
1643 985 1999 1068 int-elligere
2059 986 2361 1060 elicitive,

868 1088 979 1150 sed
1048 1087 1258 1169 potius
1316 1086 1714 1168 dispositive,
1776 1085 1842 1148 in
1901 1093 2212 1167 quantum
2272 1085 2365 1147 sic

869 1185 1314 1267 praeparatorie
1357 1191 1738 1266 cooperatur
1766 1185 1841 1247 ad
1873 1191 2085 1246 actum
2133 1183 2366 1247 intelli-

867 1284 1056 1366 gendi
1087 1282 1458 1345 formaliter.
1496 1282 1739 1346 Dicitur
1776 1282 1970 1345 etiam
2010 1290 2361 1363 separatuS,

868 1380 1172 1463 quoniam
1204 1397 1330 1442 non
1351 1387 1448 1443 est
1467 1380 1765 1461 organica
1797 1379 2222 1443 materialisve
2242 1380 2365 1441 vir-

868 1487 1003 1557 tus3
1035 1486 1100 1541 et
1130 1478 1374 1553 itidem,
1408 1478 1560 1560 quia
1589 1486 1686 1541 est
1712 1485 1859 1540 actu
1889 1496 2025 1551 enS‚
2050 1497 2250 1559 quum
2283 1478 2365 1539 sit

869 1576 1146 1641 essentia
1174 1577 1463 1659 quaedam
1497 1576 1748 1658 corpori
1781 1592 1908 1639 non
1942 1576 2261 1639 immersa.

1208 1785 1727 1851 PROPOSITIO
1773 1786 2018 1849 XLIII.

945 1973 1239 2038 Anima
1275 1972 1625 2038 humana
1652 1985 1843 2037 vere
1874 1974 1998 2037 est
2025 1972 2366 2037 rationa-

864 2069 972 2137 lis
1021 2073 1103 2136 et
1147 2070 1656 2136 intellectiva
1705 2068 2174 2136 formaliter.

945 2168 1119 2242 Quod
1179 2176 1296 2241 est,
1359 2168 1659 2249 quoniam
1721 2168 1932 2229 omnis
1988 2186 2088 2230 res
2158 2174 2365 2229 creata

866 2266 1147 2349 speciem
1179 2266 1450 2347 suscipit
1494 2285 1528 2328 a
1573 2264 1964 2347 perfectione
2004 2285 2117 2328 sua
2156 2283 2365 2328 essen-

866 2366 1026 2439 tiali,
1061 2365 1428 2439 intrinseca,
1453 2364 1706 2447 propria
1739 2373 1802 2427 et
1831 2383 2150 2448 suprema,
2171 2383 2361 2446 quam

868 2463 1060 2527 habet
1112 2464 1178 2526 in
1228 2482 1342 2526 sua
1390 2471 1614 2525 natura
1665 2480 1678 2524 :
1725 2482 1866 2545 quae
1919 2462 2227 2545 perfectio
2270 2471 2365 2525 est

868 2562 1138 2643 species,
1190 2560 1249 2623 id
1297 2567 1394 2623 cst
1436 2560 1846 2642 pulchritudo
1902 2560 2044 2642 ejus
2102 2560 2367 2623 interior

867 2668 932 2722 et
975 2658 1332 2721 essentialis
1377 2666 1636 2721 ornatus
1682 2659 1992 2741 superior.
2027 2658 2229 2721 Homo
2258 2679 2366 2721 au-

866 2764 996 2821 tem
1058 2756 1378 2820 rationalis
1427 2764 1524 2819 est
1571 2765 1879 2831 creatura,
1930 2764 1990 2819 et
2061 2757 2367 2819 rationale

867 2864 964 2921 est
1023 2855 1391 2918 differentia
1456 2854 1647 2936 ejus3
1708 2862 1900 2938 atque
1957 2874 2034 2917 ex
2093 2856 2365 2918 naturali

869 2954 1071 3037 ipsius
1121 2954 1355 3015 virtute
1403 2953 1701 3016 convenit
1758 2954 1815 3016 ei
1865 2954 1962 3015 vis
2012 2954 2369 3016 discursiva

2475 887 2573 950 vis
2614 886 2950 950 exercendi
2999 887 3323 969 propriam
3368 888 3825 971 operationem,
3860 904 3976 968 per

2476 1004 2670 1068 quam
2715 984 3077 1067 pertingere
3125 994 3333 1068 potest
3379 988 3456 1049 ad
3509 986 3861 1049 naturalem
3912 991 3973 1046 et

2479 1083 2809 1165 proprium
2840 1101 3029 1145 suum
3070 1082 3295 1159 finem,
3330 1103 3589 1166 suaeque
3635 1082 3976 1146 institutio-

2478 1181 2577 1244 nis
2617 1187 2681 1244 et
2718 1182 3157 1263 productionis
3208 1182 3667 1265 perfectionem
3711 1182 3974 1244 finalem

2475 1298 2548 1342 ac
2593 1280 2734 1361 ejus
2780 1280 3157 1361 obJ'ectum:
3201 1282 3439 1365 alioqui
3485 1290 3711 1344 natura
3757 1281 3821 1343 in
3870 1298 3976 1342 ne-

2476 1378 2767 1441 cessariis
2816 1386 2985 1441 esset
3032 1379 3364 1442 deficiens.
3418 1381 3620 1444 Homo
3668 1377 3861 1460 igitur
3912 1378 3975 1439 in

2476 1495 2591 1539 sua
2646 1485 2870 1538 natura
2918 1477 3225 1559 specifica
3272 1478 3804 1559 substantialique
3855 1475 3977 1539 for-

2480 1594 2601 1649 ma,
2650 1574 2976 1637 rationalis
3018 1581 3083 1639 et
3127 1574 3577 1639 intellectualis
3621 1584 3719 1638 est
3761 1582 3977 1657 poten-

2476 1675 2610 1751 tiae3
2643 1682 2707 1737 et
2736 1682 2865 1736 tam
2897 1673 3293 1737 intellectum
3326 1682 3642 1756 agentem,
3666 1674 3853 1755 eujus
3884 1681 3977 1735 est

2477 1774 2723 1854 species
2774 1770 3213 1853 intelligibiles
3266 1772 3611 1845 denudare,
3656 1771 3979 1835 abstrahe·

2397 1868 2444 1931 B
2481 1889 2569 1941 re,
2623 1870 2964 1944 illustrare,
3019 1889 3212 1953 quam
3264 1869 3659 1932 intellectum
3712 1869 3981 1951 possibi-

2481 1968 2628 2043 lem,
2660 1967 2848 2050 cujus
2880 1977 2977 2031 est
3005 1987 3109 2031 eas
3143 1968 3449 2050 recipere,
3484 1986 3880 2040 conservare,
3903 1986 3977 2028 ac

2480 2086 2593 2150 per
2636 2086 2740 2130 eas
2785 2084 3190 2148 cognoscere,
3236 2067 3426 2130 habet
3471 2067 3535 2128 in
3581 2085 3670 2140 se,
3715 2075 3784 2128 ut
3828 2084 3976 2129 vere

2480 2166 2793 2247 ingenitas
2826 2166 2993 2227 vires
3027 2165 3091 2228 in
3132 2166 3406 2228 essentia
3446 2184 3575 2229 suae
3615 2165 3843 2227 animae
3883 2183 3978 2226 ra-

2480 2265 2719 2328 dicatas
2760 2272 2949 2347 atque
2991 2283 3069 2326 ex
3112 2283 3189 2327 ea
3232 2263 3531 2335 fluentes,
3566 2263 3977 2345 quemadmo-

2479 2364 2631 2426 dum
2666 2363 2829 2443 ignis
2861 2363 2924 2425 in
2956 2382 3070 2425 sua
3103 2369 3327 2424 natura
3359 2362 3633 2425 calorem
3678 2360 3867 2424 habet
3904 2380 3979 2423 ac

2482 2462 2823 2524 levitatem.
2867 2461 3026 2523 Hinc
3066 2461 3392 2533 elucescit,
3436 2461 3605 2543 quod
3648 2459 3980 2523 intellecti-

2478 2579 2630 2622 vum
2666 2560 3082 2641 principium,
3105 2559 3166 2621 id
3198 2567 3296 2621 est
3324 2560 3538 2622 anima
3569 2558 3893 2621 rationalis
3916 2567 3979 2621 et

2480 2657 2951 2730 intellectualiS‚
2985 2666 3081 2719 est
3111 2676 3257 2720 vere
3296 2657 3732 2720 substantialis
3773 2656 3977 2719 forma

2478 2756 2756 2819 hominis
2805 2756 3197 2839 humanique
3247 2756 3554 2839 corporiS,
3597 2756 3699 2818 cui
3748 2762 3813 2817 et
3862 2756 3975 2817 im-

2481 2854 2752 2917 mediate
2794 2854 3226 2935 conjungitur,
3259 2874 3459 2936 quum
3508 2854 3663 2916 illud
3708 2854 3786 2916 ad
3830 2853 3970 2935 ejus

2476 2952 2948 3035 susceptionem
3018 2952 3420 3016 sufficienter
3478 2952 3672 3015 fuerit
3733 2972 3969 3035 praepa·

867 3059 931 3114 et
976 3050 1424 3113 intellectualis
1471 3049 1771 3131 cognitio,
1814 3050 1943 3113 imo
1987 3058 2050 3113 et
2093 3051 2367 3133 simplex
2405 3049 2447 3112 C
2478 3059 2703 3114 ratum.

867 3148 1294 3232 apprehensio
1338 3149 1622 3211 veritatis
1674 3149 1738 3210 in
1797 3149 2035 3223 multis,
2087 3158 2371 3213 contem-

871 3249 1068 3332 platio
1126 3266 1380 3330 quoque
1429 3247 1796 3311 divinorum
1845 3254 1910 3310 et
1956 3256 2363 3321 aeternorum,

870 3367 945 3411 ac
975 3365 1234 3430 prorsus
1267 3347 1784 3410 immaterialium
1819 3366 2054 3409 rerum.
2081 3347 2365 3411 Certum-

872 3465 998 3529 que
1028 3454 1146 3520 est,
1179 3446 1348 3527 quod
1379 3446 1456 3508 ad
1489 3446 1716 3508 horum
1749 3445 2051 3508 intuitum
2093 3452 2158 3507 et
2194 3462 2365 3507 amo-

873 3565 1005 3608 rem
1041 3564 1154 3628 per
1186 3544 1426 3607 nullam
1467 3544 1831 3626 organicam
1865 3544 2226 3626 pertingere
2264 3562 2365 3605 va-

873 3644 961 3707 let
989 3644 1362 3726 potentiam,
1397 3662 1510 3725 per
1541 3643 1782 3706 nullam
1817 3644 1944 3707 vim
1979 3642 2363 3725 cognitivam

873 3741 1262 3816 sensitivam,
1326 3760 1437 3824 per
1503 3742 1744 3803 nullam
1805 3741 2199 3824 corporalem
2258 3748 2367 3803 aut

873 3840 1264 3903 materialem
1314 3840 1618 3902 virtutem
1676 3857 1690 3901 :
1747 3840 1843 3903 hae
1901 3839 2136 3901 etenim
2197 3838 2366 3902 vires

871 3938 1038 4001 ultra
1092 3938 1358 4019 gradum
1420 3938 1752 4020 proprium
1805 3944 2131 4019 nequeunt
2187 3937 2363 4017 erigi,

871 4054 1080 4118 neque
1121 4036 1199 4097 ad
1250 4034 1650 4098 insensibilia
1692 4035 1946 4099 elevari.
1997 4034 2175 4099 Ratio
2218 4052 2366 4116 ergo

873 4134 1238 4216 inorganica
1269 4141 1331 4197 et
1360 4133 1800 4196 immaterialis
1838 4142 1935 4197 est
1973 4134 2068 4195 vis
2095 4152 2110 4211 ;
2141 4134 2366 4196 simili-

2822 3258 3340 3326 PROPOSITIO
3386 3262 3625 3327 XLIV.

2557 3441 3002 3509 Rationalis
3030 3445 3297 3510 anima
3324 3460 3482 3512 non
3510 3448 3627 3513 sic
3656 3449 3777 3513 est
3805 3462 3973 3514 cor-

2478 3542 2695 3623 poris
2741 3540 3018 3615 forma,
3069 3544 3263 3622 quin
3310 3545 3555 3611 etiam
3603 3545 3809 3612 illud
3857 3548 3972 3612 in-

2476 3639 2885 3707 formando
2924 3641 3033 3705 sit
3074 3642 3391 3708 elevata
3431 3646 3512 3709 et
3549 3646 3633 3709 in
3670 3659 3753 3711 se
3793 3659 3969 3711 con-

2475 3740 2856 3818 gruenter
2903 3738 3366 3808 subsistens.

2556 3837 2731 3911 Quod
2790 3844 2905 3910 est,
2967 3838 3270 3919 quoniam
3330 3840 3633 3903 naturalis
3692 3841 3972 3923 potentia

2478 3953 2603 3998 non
2649 3943 2743 3999 est
2785 3935 3188 4009 eminentior,
3225 3936 3506 4013 liberior,
3542 3940 3972 4021 independen-

2478 4034 2621 4109 tior,
2655 4053 2845 4116 quam
2878 4035 3155 4097 essentia
3182 4054 3219 4097 a
3247 4054 3371 4117 qua
3405 4035 3571 4111 fluit,
3603 4045 3793 4121 atque
3824 4041 3971 4104 sub·

2478 4133 2709 4196 stantia
2737 4132 2839 4194 cui
2874 4132 3171 4195 innititur
3199 4140 3263 4196 et
3296 4134 3356 4196 in
3390 4153 3515 4215 qua
3554 4135 3967 4217 subjectatur.

871 4241 968 4294 ter
999 4232 1387 4295 intellectiva
1432 4232 1737 4314 potentia,
1773 4231 2233 4295 universalium
2275 4232 2366 4293 in·
2400 4222 2447 4291 D·
2478 4231 2684 4305 Quum
2730 4231 2919 4311 igitur
2953 4230 3135 4312 juxta
3179 4233 3463 4313 probata,
3500 4234 3860 4298 intellectus
3890 4237 3973 4297 sit

873 4331 1117 4395 tuitiva.
1155 4329 1440 4412 Suntque
1470 4330 1693 4392 eadem
1725 4330 1926 4392 virtus
1958 4330 2194 4403 innata,
2227 4349 2369 4412 quae
2479 4329 2575 4391 vis
2635 4328 3017 4410 inorganica,
3080 4330 3375 4413 simplex,
3439 4332 3598 4395 nulli
3658 4333 3970 4405 immixta,

874 4436 944 4491 ut
982 4428 1334 4491 discursiva
1375 4446 1454 4490 ex
1500 4427 1666 4491 notis
1708 4428 1788 4490 ad
1835 4428 2175 4509 incognita,
2210 4428 2369 4489 ratio
2477 4428 2557 4490 ad
2594 4428 3051 4490 altissimorum
3097 4428 3399 4492 intuitum
3440 4431 3704 4504 elevata,
3738 4451 3972 4515 nequa·

871 4527 1269 4611 appellatur3
1339 4527 1404 4589 in
1469 4534 1780 4609 quantum
1849 4544 1998 4589 vero
2067 4544 2366 4589 verorum

869 4624 1152 4707 simplici
1181 4623 1409 4687 mentis
1443 4625 1567 4686 ictu
1599 4624 1850 4687 interno
1881 4624 2361 4707 apprehensiva,

869 4724 1231 4787 intellectus
1284 4730 1562 4785 vocatur.
1618 4723 1904 4805 Denique
1955 4723 2124 4787 istud
2174 4744 2367 4787 unus·

867 4822 1140 4906 quisque
1171 4821 1481 4885 veraciter
1520 4821 1774 4903 sapiens
1821 4822 1886 4884 in
1926 4840 1994 4885 se
2033 4822 2172 4904 ipso
2210 4823 2364 4885 assi-

867 4922 991 4985 due
1023 4920 1370 5002 experitur,
1405 4920 1574 5001 quod
1606 4920 1826 5002 utique
1865 4939 1942 4984 ex
1984 4940 2099 4983 sua
2142 4928 2366 4983 natura

868 5037 1164 5082 exercere
1223 5024 1433 5101 potest
1486 5018 1856 5099 hujusmodi
1915 5027 2115 5091 actuS‚
2168 5027 2232 5081 et
2280 5020 2367 5082 ita

867 5136 934 5179 se
965 5116 1215 5179 elevare
1244 5116 1323 5178 ad
1353 5124 1642 5197 separata
1671 5123 1734 5178 et
1767 5117 2215 5179 immaterialia
2258 5117 2367 5180 illa

866 5214 1139 5296 objecta,
1191 5216 1320 5278 imo
1369 5233 1573 5296 usque
1628 5215 1707 5277 ad
1755 5216 2361 5298 contemplationem

869 5312 1525 5396 supersimplicissimi
1570 5313 1702 5377 Dei.

2478 4544 2671 4607 quam
2724 4524 2859 4607 ipsa
2902 4524 3256 4588 substantia
3300 4528 3529 4592 animae
3577 4530 3827 4611 corpori
3876 4540 3974 4593 est

2480 4624 2802 4694 immersa,
2836 4642 3043 4705 neque
3080 4622 3160 4685 ab
3202 4624 3343 4705 ipso
3372 4626 3649 4689 totaliter
3686 4646 3972 4712 compre·

2477 4723 2695 4796 hensa,
2746 4722 2855 4784 sed
2914 4740 3053 4784 esse
3111 4722 3251 4803 ejus
3301 4723 3366 4784 in
3419 4723 3554 4805 ipsa
3611 4736 3973 4807 perseverat

2479 4821 2685 4903 quoad
2708 4838 2895 4882 suum
2921 4838 3329 4901 supremum3
3353 4840 3470 4885 nee
3500 4823 3593 4885 sic
3625 4824 3783 4888 illud
3804 4844 3973 4889 com-

2478 4918 2761 4982 municat
2809 4918 3083 5000 corpori,
3125 4919 3282 5001 quin
3330 4928 3395 4983 et
3444 4920 3509 4984 in
3559 4924 3784 4986 eodem
3834 4926 3971 5007 ipsa

2478 5037 2590 5101 per
2628 5038 2697 5081 se
2736 5035 2883 5080 vere
2919 5016 3241 5079 subsistat.
3285 5019 3459 5092 Quod
3506 5028 3625 5095 est,
3667 5024 3969 5105 quoniam

2474 5116 2685 5179 anima
2716 5114 3041 5177 rationalis
3074 5116 3402 5178 universas
3435 5116 3671 5181 formas
3714 5120 3970 5185 inferio·

2478 5234 2575 5277 res
2621 5214 2685 5276 in
2735 5233 2802 5277 se
2852 5214 3208 5277 virtualiter
3252 5218 3757 5297 comprehendit,
3804 5221 3971 5283 sicut

2472 5331 2778 5376 numerus
2811 5312 3015 5393 major
3044 5310 3325 5375 minores
3354 5329 3370 5395 3
3406 5314 3647 5380 idcirco
3674 5318 3965 5382 substan-
