4300 6259
921 485 1000 532 DE
1039 485 1266 534 Lunum
1307 485 1690 534 cnms'rtauffi:
1731 486 2034 546 mltonm,
2079 490 2257 538 LIBER
2299 493 2341 538 1.
2386 509 2465 523 ··-·
2507 494 2647 542 Aur.
2693 494 2835 544 XCVI

331 649 748 715 coeliformem
784 653 1210 737 aequalitatem
1256 664 1319 719 et
1365 656 1643 720 coelestis
1687 673 1823 719 cor·
1851 656 1904 721 A

331 747 492 830 poris
549 751 893 831 puritatem
950 753 1226 816 maxime
1273 755 1520 817 accedit
1563 772 1578 816 τ
1625 762 1690 818 et
1736 755 1823 817 ita

330 863 402 907 ex
445 846 660 910 anima
705 857 770 912 et
819 850 1083 912 materia
1133 852 1398 914 resultat
1445 853 1822 934 praeparatio

331 963 448 1025 qua
501 945 696 1010 bomo
753 967 950 1030 capax
1007 957 1104 1012 est
1163 950 1326 1012 lucis
1384 950 1820 1032 intelligentiae

329 1044 585 1123 agentis,
645 1063 788 1126 quae
847 1045 1000 1108 facit
1057 1046 1490 1128 intelligibilia
1550 1049 1614 1111 in
1673 1057 1819 1112 actu

331 1159 476 1202 esse.

400 1239 700 1323 Denique,
715 1242 1096 1324 positionem
1133 1243 1312 1306 istam
1330 1243 1637 1308 Averroes
1667 1245 1820 1308 satis

329 1337 720 1420 reprobavit3
750 1348 814 1403 et
842 1348 938 1403 est
971 1341 1311 1406 manifeste
1342 1351 1562 1406 contra
1582 1344 1817 1407 Aristo-

327 1436 532 1510 telem,
568 1439 679 1520 qui
709 1458 786 1502 ex
821 1440 1174 1504 intentione
1205 1442 1598 1505 demonstrat
1637 1442 1819 1505 intel·

329 1537 551 1598 lectum
582 1537 952 1619 possibilem
984 1540 1340 1603 immixtum
1369 1549 1434 1602 et
1461 1549 1820 1623 separatum

331 1635 476 1708 fore,
526 1643 592 1698 et
646 1654 794 1699 cum
843 1638 1024 1702 nullo
1069 1639 1423 1722 quidquam
1475 1659 1818 1703 commune

331 1733 571 1797 habere.
625 1735 885 1818 Oportet
941 1737 1115 1799 enim
1175 1737 1494 1819 recipiens
1542 1739 1820 1802 denuda-

3308 479 3429 543 353

2294 719 2783 788 ARTICULUS
2830 723 3065 787 XCVI.

1928 877 2025 935 De
2051 876 2358 936 doctrina
2386 879 2741 939 sz'cennoe
2768 882 3207 956 Peripatetici
3240 891 3303 940 ec
3334 884 3431 942 in-

2009 967 2323 1024 secutor-is
2350 969 2495 1042 ejus
2512 970 2868 1045 Alyazelz'S,
2890 973 2971 1030 de
3000 971 3433 1032 intellectuali

2009 1053 2297 1113 hominis
2344 1057 2589 1118 anima.

2009 1247 2635 1316 NcoNvENlENTlA
2676 1253 2871 1336 igitur
2909 1273 3050 1336 quae
3080 1255 3339 1318 Averroi
3369 1264 3433 1320 et

2035 1347 2393 1412 Alexandro
2443 1357 2506 1412 et
2552 1351 2904 1434 Avempote
2952 1361 3017 1415 et
3060 1353 3433 1418 Abubather

1931 1445 2337 1527 contigerunt
2391 1449 2657 1524 evitanS‚
2714 1451 3039 1514 Avicenna
3087 1452 3244 1514 dicit
3290 1453 3429 1516 ani·

1931 1561 2102 1606 mam
2151 1544 2497 1608 humanam
2548 1565 2625 1608 ex
2679 1548 2935 1630 propria
2984 1550 3198 1630 specie
3247 1550 3431 1613 intel-

1933 1639 2269 1705 lectualem
2321 1663 2393 1706 ac
2443 1645 2728 1727 corporis
2768 1647 3213 1710 entelechiam.
3248 1649 3433 1710 Intel-

1929 1739 2163 1802 lectum
2194 1760 2443 1823 quoque
2472 1743 2844 1824 possibilem
2874 1745 3031 1807 dicit
3062 1745 3127 1807 in
3158 1747 3433 1810 essentia

333 1839 454 1894 tum
501 1851 644 1896 esse
692 1853 727 1895 a
777 1843 1002 1898 natura
1051 1843 1114 1897 et
1160 1836 1467 1917 qualitate
1511 1839 1750 1920 recepti
1799 1843 1895 1906 :B
1927 1839 2157 1901 animae
2203 1839 2499 1918 fundari3
2544 1841 2653 1904 sed
2702 1842 3098 1905 intellectum
3142 1853 3429 1925 agentem

331 1931 622 2012 quoniam
679 1933 734 1994 si
795 1933 1042 2015 pupilla
1101 1933 1382 1997 colorata
1439 1943 1627 2010 esset,
1689 1954 1815 1998 non

333 2029 636 2112 reciperet
663 2048 887 2094 omnes
918 2031 1318 2095 differentias
1350 2033 1600 2097 coloris.
1636 2034 1817 2097 Nunc

329 2135 530 2190 autem
569 2137 838 2204 constat,
880 2131 1048 2212 quod
1089 2131 1453 2194 intellectus
1492 2132 1818 2215 possibilis

330 2233 418 2288 est
461 2227 526 2288 in
575 2229 861 2310 potentia
895 2229 974 2292 ad
1013 2246 1238 2292 omnes
1287 2229 1548 2306 formaS,
1591 2231 1816 2294 saltem

330 2326 721 2390 sensibilium
779 2346 793 2390 :
844 2336 940 2391 est
985 2347 1138 2410 ergo
1195 2329 1547 2404 immixtus,
1597 2331 1820 2392 imma-

331 2425 580 2500 terialis,
623 2435 690 2488 et
731 2445 924 2509 snpra
967 2428 1301 2490 materiam
1345 2429 1653 2491 elevatuS.
1695 2429 1816 2492 Ad-

330 2524 468 2598 huc,
538 2533 1131 2609 quantumcumque
1197 2527 1460 2590 humani
1533 2529 1818 2610 corporis

329 2623 652 2687 harmonia
691 2626 772 2687 ad
812 2625 1238 2707 {equalitatem
1280 2626 1622 2708 redigatur,
1657 2647 1818 2690 nun-

331 2741 510 2803 quam
550 2730 764 2785 tamen
803 2724 1060 2806 penitus
1097 2725 1348 2786 excedit
1385 2725 1815 2788 conditionem

333 2821 624 2896 materiae,
675 2840 884 2904 neque
939 2823 1225 2886 efficitur
1273 2841 1472 2907 capax
1521 2823 1814 2887 immate-

329 2919 574 2982 rialium
618 2921 1000 3003 specierum.
1049 2921 1413 2984 Intellectus
1456 2931 1668 2985 autem
1723 2941 1816 2984 re·

1926 1937 2016 1998 ait
2045 1955 2185 2000 esse
2215 1937 2634 2002 substantiam
2667 1941 3010 2022 quamdam
3052 1950 3427 2024 separatam.

1927 2035 2118 2098 Porro
2166 2036 2447 2098 animam
2499 2037 2925 2102 immortalem
2987 2040 3435 2122 multipliciter

1930 2133 2229 2206 ostendit,
2263 2141 2329 2196 et
2360 2135 2757 2198 intellectum
2790 2137 3165 2220 possibilem
3206 2139 3434 2221 probat

1931 2230 2395 2312 inorganicum,
2431 2233 2940 2309 immaterialem,
2982 2243 3045 2298 et
3086 2255 3123 2297 a
3165 2253 3431 2318 corpore

1928 2329 2466 2412 independentem
2534 2340 2597 2394 et
2656 2351 2916 2414 prorsus
2982 2335 3427 2416 separabilem.

1929 2427 2048 2490 Sed
2099 2436 2169 2490 ut
2211 2437 2359 2492 ante
2403 2430 2481 2492 de
2525 2449 2601 2493 eo
2645 2431 2981 2494 recitatum
3026 2441 3143 2506 cst,
3186 2433 3431 2496 animas
3458 2453 3615 2494 arax:

1927 2526 2239 2588 humanas
2299 2527 2579 2608 ponebat
2626 2529 2705 2590 ab
2758 2529 3181 2611 intelligentia
3228 2531 3431 2594 creari

1927 2643 2068 2706 quae
2097 2633 2327 2706 praeest
2354 2626 2617 2708 sphaerae
2646 2627 3004 2690 activorum
3045 2636 3109 2690 et
3151 2629 3429 2711 passivo-

1927 2741 2092 2796 rum,
2140 2725 2495 2787 secundum
2546 2744 2717 2788 eum.
2765 2727 2895 2788 Hoc
2939 2745 3088 2790 vero
3132 2727 3430 2792 inconve-

1925 2821 2179 2884 nienter
2220 2821 2463 2884 dictum
2508 2830 2653 2886 est:
2688 2842 2835 2886 nam
2881 2825 3089 2888 causis
3130 2826 3429 2888 secundis

1927 2936 2053 2980 non
2100 2920 2401 2981 convenit
2438 2921 2641 2984 virtus
2686 2923 2984 2997 creativa‚
3018 2923 3128 2986 sed
3174 2923 3290 2986 soli
3333 2923 3427 2986 in-

329 3018 478 3101 cipit
540 3018 780 3082 formas
844 3019 983 3084 sine
1053 3020 1332 3083 materiae
1388 3021 1810 3104 appendiciiS,
1843 3020 1888 3085 C
1930 3017 2130 3080 sinitae
2180 3025 2244 3079 et
2292 3017 2627 3082 illimitatae
2686 3021 3003 3102 potestati,
3054 3021 3223 3084 sicut
3268 3022 3429 3084 mul-

329 3135 460 3197 quae
487 3125 638 3180 sunt
668 3116 774 3181 hic
801 3125 867 3180 et
895 3135 1086 3180 nunc.
1123 3119 1265 3182 Haec
1295 3137 1550 3201 quoque
1581 3120 1814 3202 positio

323 3215 652 3277 Alexandri
703 3235 912 3298 neque
961 3215 1190 3279 Stoicis
1236 3226 1346 3280 aut
1393 3217 1656 3292 Platoni,
1703 3237 1810 3282 ne·

321 3331 436 3393 que
476 3313 910 3396 Peripateticis
947 3320 1058 3376 aut
1084 3311 1407 3377 Aristoteli
1448 3317 1804 3378 concordat.

317 3409 538 3474 Omnes
577 3411 750 3474 enim
789 3411 1191 3476 intellectum
1232 3413 1455 3475 dicunt
1495 3414 1806 3477 indestru-

317 3508 616 3582 ctibilem,
655 3510 848 3572 etiam
903 3509 996 3572 illi
1047 3510 1160 3592 qui
1209 3509 1482 3573 formam
1527 3512 1808 3576 hominis

315 3607 784 3689 corruptibilem
855 3615 1098 3690 putant.
1173 3609 1524 3690 Degenerat
1593 3610 1806 3692 itaque

315 3703 658 3768 Alexander
707 3705 770 3768 in
821 3706 940 3769 hac
1000 3706 1318 3788 positione
1375 3726 1411 3769 a
1471 3707 1804 3770 nobilitate

315 3801 892 3885 Peripateticorum,
915 3811 978 3866 et
1012 3803 1474 3887 Epicureorum
1505 3824 1805 3887 quorum-

315 3901 448 3961 dam
492 3901 835 3964 ruditatem
879 3909 1135 3964 secutus
1177 3909 1292 3965 est.

387 3998 710 4074 Praeterea,
755 3999 923 4081 quod
969 3998 1326 4062 Alexander
1370 3999 1528 4062 dicit
1569 4000 1648 4064 de
1691 4021 1804 4084 pu-

317 4095 490 4160 ritate
561 4105 628 4158 et
693 4097 1058 4178 coeliformi,
1107 4099 1468 4180 aequalitate
1537 4099 1799 4164 humani

1925 3117 2112 3178 toties
2161 3114 2583 3198 praehabitum
2630 3124 2746 3180 est.
2782 3119 3003 3181 Denuo
3044 3119 3222 3193 dicit,
3254 3119 3425 3201 quod

1923 3221 2213 3276 cessante
2257 3213 2489 3276 actuali
2537 3213 2993 3290 intellectione,
3042 3216 3287 3299 species
3335 3217 3429 3280 in-

1920 3311 2293 3394 telligibiles
2351 3331 2481 3376 non
2540 3321 2911 3376 remaneant
2970 3314 3033 3376 in
3094 3315 3425 3378 intellectu

1921 3410 2237 3492 possibili,
2272 3411 2383 3474 sed
2415 3411 2951 3494 quandocumque
2990 3413 3069 3475 de
3112 3431 3277 3476 novo
3316 3422 3427 3476 aut

1919 3517 2211 3572 recenter
2240 3508 2395 3590 quid
2438 3509 2883 3590 intelligimuS,
2918 3511 2983 3572 in
3026 3511 3422 3574 intellectum

1920 3607 2293 3688 possibilem
2344 3606 2552 3669 fluant
2593 3607 2815 3671 formae
2860 3609 3299 3691 intelligibiles
3340 3610 3422 3672 ab

1919 3704 2249 3766 intellectu
2295 3713 2541 3785 agente,
2576 3706 2687 3786 qui
2734 3725 2990 3788 semper
3028 3707 3272 3769 animas
3312 3709 3421 3772 bo-

1919 3802 2169 3864 minum
2220 3803 2517 3876 illustrat,
2571 3811 2641 3864 ut
2688 3804 2795 3865 ait.
2851 3803 3047 3885 Cujus
3108 3805 3419 3870 rationem

1915 3900 2532 3982 assignat,quoniam
2566 3901 2869 3982 quamdiu
2908 3910 3167 3964 manent
3198 3903 3419 3969 formae

1914 3999 2331 4081 apprehensae
2364 4000 2427 4060 in
2472 3999 2754 4082 potentia
2785 4000 3275 4082 apprehensiva‚
3309 4022 3417 4085 ap-

1915 4098 2401 4181 prehenduntur
2429 4105 2575 4160 actu
2611 4115 2625 4160 :
2659 4098 2865 4160 forma
2894 4099 3067 4161 enim
3106 4107 3203 4164 est
3248 4102 3418 4183 prin·

316 4197 616 4278 corporiS,
681 4195 946 4260 omnino
1015 4215 1250 4258 vanum
1323 4206 1438 4258 est.
1499 4197 2159 4279 VidemusDcipium
2217 4202 2281 4259 et
2338 4196 2497 4259 ratio
2556 4195 2827 4277 agendi;
2887 4205 2952 4260 et
3008 4217 3087 4260 ex
3151 4199 3273 4262 hoc
3336 4200 3418 4263 fit

315 4294 478 4357 enim
508 4313 775 4378 corpora
805 4313 944 4358 rara
973 4301 1037 4356 et
1065 4294 1328 4357 subtilia
1360 4296 1667 4378 majorem
1697 4298 1802 4361 ha·

315 4391 454 4455 bere
499 4395 1012 4457 convenientiam
1057 4411 1206 4457 cum
1251 4395 1592 4476 perspicuo
1629 4397 1797 4472 coeli,

313 4509 494 4572 quam
525 4509 792 4575 corpora
820 4493 1018 4556 densa
1045 4501 1110 4554 et
1148 4493 1488 4556 terminata
1521 4511 1534 4556 :
1569 4512 1800 4578 corpus

310 4597 516 4652 autem
575 4591 856 4654 bominis
913 4592 1186 4654 densum
1247 4599 1344 4654 est
1391 4600 1454 4655 et
1503 4593 1799 4656 termina-

309 4695 457 4752 tum.
507 4690 756 4764 Adhuc,
807 4690 984 4754 nulla
1032 4691 1316 4772 potentia
1373 4693 1802 4773 cognoscitiva

308 4790 619 4870 organica,
677 4797 776 4852 est
839 4789 1151 4853 reflexiva
1215 4809 1408 4872 supra
1464 4791 1796 4874 proprium

310 4896 540 4962 actum,
592 4888 756 4950 sicut
815 4887 1041 4971 probat
1097 4886 1488 4962 Aristoteles,
1539 4896 1603 4951 et
1659 4897 1802 4972 post

311 4987 674 5050 ostendetur
732 5004 749 5049 :
809 4986 1172 5049 intellectus
1229 4994 1444 5049 autem
1503 4988 1802 5068 intelligit

313 5105 376 5148 se
405 5086 780 5168 intelligere.
815 5085 1010 5148 Multa
1045 5093 1258 5149 autem
1298 5087 1422 5149 alia
1463 5087 1627 5150 hanc
1667 5087 1800 5171 opi-

315 5187 568 5248 nionem
655 5185 1012 5260 destruunt,
1096 5203 1239 5267 quae
1326 5186 1534 5248 adhuc
1611 5187 1800 5249 indu·

317 5291 556 5348 centur.

562 5415 628 5468 Τ.
663 5419 746 5470 33.

1911 4313 2136 4357 sensus
2168 4295 2233 4358 in
2264 4294 2598 4377 actu,quia
2629 4301 2726 4357 est
2756 4294 2925 4358 idem
2957 4314 3105 4359 cum
3138 4305 3411 4364 sensato.

1909 4394 2124 4456 Virtus
2182 4393 2425 4475 quippe
2474 4392 2904 4474 cognoscitiva
2950 4394 3187 4457 dicitur
3244 4397 3413 4462 idem

1911 4511 2059 4555 cum
2109 4493 2386 4573 cognito,
2442 4492 2505 4554 in
2556 4499 2870 4574 quantum
2918 4493 3189 4557 formam
3239 4496 3411 4560 illins

1909 4594 2112 4657 habet.
2129 4593 2432 4675 Sequitur
2461 4610 2612 4674 ergo
2641 4593 2811 4673 quod
2842 4602 3125 4656 cessante
3153 4602 3295 4658 actu
3325 4596 3416 4658 in·

1912 4692 2225 4765 tellectus,
2260 4691 2509 4774 species
2548 4707 2675 4753 non
2717 4699 3177 4754 conserventur
3214 4693 3279 4756 in
3312 4713 3405 4757 ee.

1987 4791 2277 4872 Insuper,
2319 4789 2489 4852 vires
2538 4809 2679 4872 quae
2724 4790 2971 4871 species
3016 4793 3411 4872 cognoscibi-

1912 4889 2003 4952 les
2043 4895 2393 4962 reservant,
2428 4904 2555 4950 non
2595 4886 3117 4968 apprehensivas,
3150 4889 3261 4952 sed
3304 4909 3412 4974 ap-

1909 4986 2438 5071 prehensivarum
2470 4984 2707 5048 virium
2736 4984 3069 5048 thesauros
3099 4988 3403 5052 nominat.

1909 5089 2038 5150 Hoc
2097 5093 2335 5158 autem,
2385 5084 2555 5167 quod
2623 5083 2794 5145 vires
2850 5084 3143 5165 quaedam
3200 5087 3407 5152 solum

1913 5193 2239 5250 reservent
2266 5183 2535 5267 species,
2567 5181 2805 5244 babent
2845 5184 3199 5248 secundum
3238 5188 3409 5269 quod

1910 5284 2223 5367 organicae
2273 5289 2443 5356 sunt,
2488 5297 2723 5363 organa
2760 5279 3067 5344 habentes
3107 5299 3411 5367 corporea

3096 5416 3157 5469 23

3620 2465 3705 2496 xlv.
