4300 6259
829 470 910 535 52
1137 490 1560 539 RIAEMENTATIO
1605 490 2062 539 PHILOSOPfflCA.
2109 508 2191 519 —
2230 490 2309 535 ΒΕ
2352 489 2783 536 SUBSTANTIALI
2828 488 3148 538 CORPORUH
3192 489 3630 538 couPosrrmNE

827 658 909 721 ab
952 677 1028 724 eo
1071 660 1256 742 cujus
1301 670 1414 726 est.
1453 662 1529 726 Et
1571 682 1698 745 qua
1736 662 1978 726 ratione
2019 666 2220 724 statur
2262 660 2327 723 in
2359 660 2410 723 A
2440 660 2688 723 Creator
2715 660 3049 724 essentiam
3080 661 3303 725 saltem
3336 660 3771 742 intelligentiae
3802 678 3944 723 con-

832 776 959 819 una
1016 760 1294 823 essentia
1349 768 1412 823 et
1471 761 1534 823 in
1594 762 1736 843 ejus
1795 779 1955 835 esse,
2018 760 2124 822 ita·
2162 759 2331 841 quod

830 875 1032 919 unum
1063 865 1127 920 et
1157 858 1324 922 idem
1357 866 1526 933 sunt,
1542 860 1761 923 eadem
1799 860 2038 922 ratione
2070 858 2133 920 in
2166 858 2328 921 aliis.

831 953 1156 1030 Praeterea,
1219 976 1357 1020 esse
1417 958 1575 1021 illud
1631 966 1742 1021 aut
1799 966 1894 1021 est
1953 956 2329 1029 substantia,

830 1061 940 1116 aut
981 1055 1296 1119 accidens.
1333 1056 1396 1119 Si
1447 1056 1825 1131 substantia,
1867 1075 2018 1137 ergo
2059 1064 2171 1119 aut
2214 1054 2333 1117 ior-

834 1171 959 1227 ma,
1018 1161 1129 1215 aut
1187 1155 1474 1229 materia,
1533 1162 1642 1217 aut
1701 1156 1855 1237 quid
1913 1174 1990 1217 ex
2061 1163 2331 1236 utraque

833 1251 1260 1333 compositum
1312 1270 1326 1315 :
1387 1253 1608 1335 sieque
1664 1262 1831 1316 esset
1887 1252 2165 1317 essentia
2221 1259 2332 1313 aut

835 1366 979 1429 pars
1037 1348 1196 1430 ejus.
1261 1349 1325 1413 Si
1390 1350 1710 1426 accidens,
1769 1369 1918 1433 ergo
1975 1348 2331 1413 substantia

833 1445 1025 1509 habet
1081 1466 1220 1511 esse
1280 1467 1395 1531 per
1449 1450 1747 1513 accidens
1805 1468 2018 1523 suum,
2083 1456 2146 1511 et
2202 1465 2329 1511 non

833 1562 948 1625 per
987 1564 1053 1608 se
1093 1564 1212 1609 nec
1251 1547 1484 1629 primo,
1519 1547 1649 1610 imo
1688 1548 1984 1610 accidens
2029 1546 2188 1608 illud
2221 1564 2335 1629 per

832 1643 1003 1724 quod
1045 1643 1238 1707 habet
1272 1663 1435 1720 esse,
1476 1646 1677 1727 magis
1716 1654 1813 1709 est
1854 1664 1968 1709 ens
2008 1664 2122 1727 per
2163 1664 2228 1707 se
2272 1652 2335 1707 et

833 1739 1045 1822 primo
1090 1761 1281 1824 quam
1327 1744 1682 1807 substantia
1716 1761 1730 1805 :
1765 1744 1933 1826 quod
1979 1751 2075 1806 est
2117 1750 2335 1805 contra

2440 777 2691 822 servare
2725 759 2788 821 in
2822 779 3034 823 rerum
3076 768 3321 834 natura,
3356 760 3493 823 sine
3532 759 3764 823 actuali
3804 776 3943 821 esse

2442 876 2554 919 seu
2612 858 2981 921 exsistentia
3038 859 3202 940 ejus.
3254 859 3417 940 Ergo
3466 858 3585 921 hoc
3633 856 3801 920 sacto
3848 875 3943 918 es-

2443 957 2649 1018 sentia
2706 956 3142 1038 intelligentiae
3200 956 3535 1020 actualiter
3592 956 3731 1029 erit,
3792 962 3947 1037 puta

2446 1072 2827 1135 permanens
2862 1055 2925 1116 in
2958 1074 3170 1118 rerum
3214 1064 3478 1133 natura;
3512 1062 3575 1117 et
3613 1053 3949 1117 actualiter

2447 1170 2573 1214 non
2623 1154 2765 1226 erit,
2812 1154 2964 1235 quia
3011 1153 3092 1216 ab
3141 1153 3375 1217 actuali
3432 1152 3804 1217 exsistentia
3854 1170 3946 1213 re-

2446 1252 2631 1313 aliter
2674 1260 2961 1334 separata
3005 1270 3019 1313 :
3067 1252 3287 1335 sicque
3332 1250 3821 1316 contradictoria
3866 1252 3949 1313 si-

2450 1347 2583 1410 mul
2626 1348 2901 1411 stabunt.
2944 1350 3206 1423 RursuS,
3248 1348 3524 1412 essentia
3566 1368 3644 1411 ex
3689 1348 3948 1430 propria

2449 1447 2689 1509 ratione
2720 1454 2816 1509 est
2854 1466 3143 1509 recessus
3180 1466 3217 1509 a
3256 1464 3382 1510 non
3414 1465 3575 1521 esse,
3609 1455 3673 1510 et
3702 1447 3944 1529 aliquid

2449 1544 2795 1625 positivum
2840 1552 3015 1607 extra
3060 1544 3480 1619 intellectum,
3514 1563 3586 1607 ac
3630 1544 3944 1607 terminus

2450 1643 2883 1725 productionis
2923 1644 3110 1705 realis
3155 1651 3226 1706 ut
3268 1644 3403 1707 haec
3448 1662 3559 1706 seu
3606 1643 3671 1705 in
3710 1660 3944 1725 suppo-

2446 1741 2589 1815 sit0‚
2642 1740 2773 1803 imo
2822 1760 2936 1823 per
2983 1761 3050 1804 se
3100 1742 3239 1805 sine
3290 1742 3441 1805 reali
3498 1742 3823 1823 adjuncto,
3880 1742 3943 1802 in

830 1855 1085 1902 omnem
1128 1841 1600 1924 philosophiam
1655 1860 1727 1905 ac
1773 1843 2106 1905 rationem.
2155 1841 2231 1903 Et
2278 1842 2333 1903 si
2370 1837 2419 1901 B
2447 1839 2959 1922 separatiszergo
2987 1840 3125 1903 sine
3155 1840 3329 1903 omni
3360 1839 3769 1923 superaddito
3798 1857 3944 1903 con·

831 1944 928 1999 est
975 1938 1295 2014 accidenS,
1342 1940 1444 2002 dic
1505 1940 1570 2002 in
1633 1958 1760 2024 quo
1817 1940 2329 2023 praedicamento.

920 2036 1246 2111 Praeterea‚
1309 2038 1492 2118 juxta
1560 2038 1917 2101 Aristotelis
1991 2039 2335 2101 documen-

833 2142 916 2208 ta,
975 2134 1186 2198 omnis
1248 2136 1480 2199 entitas
1532 2137 1805 2219 positiva
1857 2137 2066 2212 realis,
2116 2145 2214 2200 est
2270 2136 2335 2199 in

833 2231 1049 2313 aliquo
1106 2232 1327 2296 decem
1387 2235 2052 2316 praedicamentorum,
2112 2243 2337 2317 estque

834 2330 936 2392 vel
979 2329 1355 2406 substantia,
1391 2340 1504 2395 aut
1543 2334 1863 2407 accidenS,
1908 2352 2024 2396 nec
2069 2342 2167 2396 est
2212 2351 2339 2396 me-

833 2428 1032 2491 dium.
1099 2428 1175 2491 Et
1222 2430 1276 2492 si
1335 2430 1574 2493 dixeris
1624 2433 1794 2515 quod
1843 2450 1982 2495 esse
2032 2432 2222 2495 habet
2270 2451 2338 2494 se

835 2529 1046 2592 medio
1076 2530 1265 2593 modo
1299 2530 1465 2593 inter
1493 2532 1786 2595 accidens
1816 2540 2008 2614 atque
2047 2533 2338 2596 substan-

830 2627 1008 2701 tiam,
1042 2628 1296 2691 videtur
1325 2629 1445 2693 hoc
1478 2648 1618 2693 esse
1657 2630 2043 2712 figmentum
2083 2649 2122 2693 a
2160 2630 2338 2693 nullo

830 2728 1347 2792 authenticorum
1418 2731 1754 2813 prolatum.
1819 2732 1943 2793 Aut
2001 2732 2175 2793 enim
2242 2738 2339 2793 est

831 2846 947 2910 per
977 2847 1044 2891 se
1075 2828 1456 2903 subsistenS,
1485 2838 1594 2893 aut
1621 2830 1980 2894 essentialis
2013 2850 2159 2913 pars
2190 2830 2335 2893 sub-

832 2926 1138 3001 sistentis,
1190 2934 1254 2989 et
1312 2927 1399 2989 ita
1455 2928 1577 2991 erit
1635 2928 2032 3009 substantia3
2083 2936 2191 2992 aut
2242 2937 2338 2991 est

2448 1938 2625 2001 venit
2664 1938 2723 2001 ei
2766 1956 2923 2002 esse.

2528 2038 2787 2101 Interim
2834 2038 3319 2112 advertendum,
3372 2040 3523 2122 quia
3573 2046 3643 2100 ut
3694 2038 3757 2100 in
3808 2036 3941 2100 sine

2448 2136 2655 2218 quinti
2697 2136 3140 2220 Metaphysicae
3183 2157 3314 2200 suae
3358 2137 3641 2219 loquitur
3678 2136 3943 2199 Avicen-

2448 2253 2549 2309 na,
2576 2236 2811 2318 duplex
2842 2242 2939 2298 est
2967 2253 3107 2298 esse
3138 2242 3464 2309 creaturae,
3488 2236 3789 2298 videlicet
3812 2252 3826 2297 ε
3848 2254 3942 2297 es-

2447 2352 2514 2395 se
2553 2334 2865 2408 essentiae,
2897 2335 3065 2415 quod
3104 2341 3200 2397 est
3240 2353 3379 2398 esse
3419 2334 3937 2416 quidditativum,

2446 2432 2615 2512 quod
2665 2432 2969 2513 exprimit
3017 2432 3309 2497 definitio
3359 2433 3472 2505 rei,
3522 2440 3587 2495 et
3642 2432 3942 2496 convenit

2447 2530 2505 2592 ei
2536 2549 2612 2593 ex
2644 2529 2903 2612 propria
2933 2532 3175 2594 ratione
3200 2532 3403 2615 :quod
3431 2549 3651 2594 omnes
3684 2548 3943 2594 concor-

2447 2628 2611 2691 diter
2654 2628 2935 2692 fatentur
2980 2630 3233 2694 realiter
3276 2631 3447 2694 idem
3492 2650 3631 2693 esse
3676 2630 3797 2713 ipsi
3848 2649 3942 2693 es·

2446 2727 2683 2791 sentiae.
2717 2727 2907 2791 Aliud
2938 2736 3034 2791 est
3062 2747 3203 2792 esse
3232 2729 3497 2791 actualis
3530 2728 3938 2804 exsistentiae,

2448 2836 2819 2910 competens
2867 2829 2997 2890 enti
3050 2836 3120 2890 ut
3164 2835 3260 2891 est
3307 2828 3579 2892 effectus
3628 2828 3942 2892 Creatoris

2446 2933 2510 2989 et
2556 2926 2869 2989 terminus
2920 2926 3355 3007 productionis
3399 2926 3585 2988 realis
3632 2943 3647 2988 :
3693 2926 3772 2988 de
3815 2944 3943 3007 quo

835 3023 1151 3087 inhaerens
1209 3025 1522 3108 alterique
1581 3026 1885 3100 innitens,
1936 3044 2061 3090 non
2117 3027 2335 3089 valens
2365 3029 2408 3092 C
2446 3044 2585 3087 esse
2633 3032 2730 3087 est
2790 3044 3067 3107 praesens
3126 3025 3574 3088 controversia.
3628 3024 3786 3088 Hinc
3842 3026 3943 3105 (ut

833 3130 1000 3185 stare
1041 3122 1106 3185 in
1148 3142 1215 3185 se
1256 3141 1464 3206 neque
1505 3142 1620 3205 per
1660 3143 1750 3199 se,
1793 3133 1856 3187 et
1903 3124 1995 3189 sic
2039 3124 2336 3188 accidens

833 3228 1018 3283 esset.
1045 3220 1300 3296 Rursus,
1324 3221 1488 3284 nihil
1515 3222 1644 3303 agit
1673 3223 1798 3286 nisi
1829 3230 1900 3285 ut
1929 3223 1994 3285 in
2024 3230 2194 3297 actu,
2219 3242 2336 3287 nee

834 3327 1042 3401 potest
1083 3319 1326 3402 aliquid
1369 3322 1620 3403 operari
1665 3322 1790 3383 nisi
1835 3322 2090 3384 realiter
2125 3330 2336 3384 actua-

834 3416 1106 3501 literque
1153 3418 1508 3482 consistens
1562 3437 1575 3481 :
1628 3428 1890 3502 propte-r
1937 3420 2105 3502 quod
2154 3428 2333 3482 actus

831 3516 1148 3579 secundus
1177 3517 1413 3580 dicitur
1443 3536 1935 3607 praesupponere
1965 3526 2177 3582 actum
2211 3519 2335 3602 pri-

837 3634 1038 3690 mum,
1070 3617 1371 3680 videlicet
1412 3636 1576 3681 esse.
1618 3618 1679 3681 Si
1727 3636 1876 3701 ergo
1919 3621 2194 3683 essentia
2238 3638 2331 3682 re-

829 3714 1017 3777 aliter
1058 3714 1279 3778 differt
1320 3734 1358 3777 a
1399 3734 1516 3778 suo
1555 3735 1719 3790 esse,
1755 3716 1893 3799 ipsa
1933 3735 2060 3780 non
2100 3718 2335 3799 poterit

831 3831 1145 3887 exercere,
1179 3812 1473 3887 effluere,
1499 3815 1872 3897 producere,
1907 3834 2190 3891 causare,
2222 3824 2331 3879 aut

831 3909 1122 3975 conferre
1154 3911 1366 3993 ipsum
1397 3930 1557 3975 esse.
1595 3912 1882 3995 Insuper,
1912 3933 2048 3977 esse
2077 3922 2172 3977 est
2204 3915 2328 3997 pri-

833 4028 1010 4072 mum
1043 4010 1208 4073 inter
1237 4018 1468 4085 creata,
1493 4018 1556 4073 et
1587 4010 2137 4087 formalissimum,
2163 4031 2331 4075 com-

837 4108 1293 4172 munissimum
1364 4098 2002 4192 actualissimumque
2082 4129 2328 4185 eorum,

2445 3130 2713 3185 testatur
2758 3124 2988 3187 Doctor
3047 3124 3357 3205 solennis)
3407 3142 3605 3186 unum
3654 3131 3719 3186 et
3768 3124 3938 3186 idem

2446 3222 2511 3282 in
2544 3239 2610 3283 re
2640 3229 2903 3284 vocatur
2930 3229 2995 3285 et
3032 3229 3130 3284 est
3168 3222 3465 3295 essentia,
3500 3228 3938 3303 comparatum

2442 3320 2522 3382 ad
2552 3321 2750 3383 Deum
2788 3321 3257 3383 consideratum
3298 3320 3417 3383 sub
3458 3321 3701 3383 ratione
3733 3338 3939 3384 eausae

2444 3418 2827 3501 exemplaris
2872 3417 3161 3482 formalis
3201 3419 3559 3495 formantis,
3606 3420 3715 3503 qui
3756 3420 3939 3500 juxta

2445 3518 2713 3580 idealem
2774 3536 2905 3579 suae
2962 3517 3197 3579 mentis
3255 3526 3636 3599 conceptum
3698 3518 3940 3600 praesti-

2442 3617 2585 3691 tuit,
2638 3614 2915 3678 instituit
2970 3624 3035 3677 et
3092 3614 3368 3697 praerixit
3435 3615 3785 3698 unicuique
3844 3615 3936 3677 rei

2441 3714 2783 3778 essentiam
2828 3720 2891 3777 et
2934 3722 3223 3777 naturam
3264 3713 3677 3796 specificam3
3718 3722 3782 3777 et
3816 3714 3937 3778 hoc

2442 3814 2610 3876 idem
2653 3820 2913 3875 vocatur
2948 3819 3012 3875 et
3050 3820 3147 3875 est
3184 3812 3395 3894 ipsum
3434 3831 3574 3875 esse
3614 3832 3724 3875 seu
3764 3821 3939 3875 actu-

2440 3912 2559 3975 alis
2601 3912 2993 3985 exsistentia,
3043 3918 3234 3993 prout
3280 3919 3687 3993 comparatur
3734 3918 3796 3974 et
3843 3930 3938 3974 re-

2440 4010 2643 4073 fertur
2670 4010 2748 4072 ad
2780 4010 2982 4072 Deum
3010 4016 3346 4092 acceptum
3378 4010 3499 4073 sub
3531 4010 3773 4073 ratione
3804 4029 3940 4073 cau-

2440 4128 2525 4174 sae
2583 4107 2955 4183 efficientiS,
3016 4108 3202 4189 cujus
3260 4116 3357 4171 est
3425 4127 3559 4171 rem
3616 4110 3694 4172 ad
3760 4118 3937 4173 extra

836 4214 904 4268 ut
934 4207 999 4268 in
1031 4206 1198 4270 libro
1227 4208 1305 4271 de
1337 4208 1555 4272 Causis
1593 4209 1898 4271 asseritur
1931 4227 1945 4270 ε
1980 4210 2150 4272 unde
2190 4210 2330 4292 ipso
2358 4215 2406 4278 D
2442 4207 2816 4288 producere.

833 4304 1103 4379 sublato,
1125 4305 1215 4367 nil
1247 4313 1532 4369 remanet
1561 4306 1855 4380 aliorum,
1879 4325 2028 4388 ergo
2059 4326 2179 4371 nec
2208 4308 2330 4371 sor-

834 4422 938 4465 ma
965 4402 1438 4466 substantialis:
1475 4404 1605 4467 imo
1633 4423 1754 4468 nec
1782 4405 1990 4468 forma
2019 4414 2326 4489 separata,

831 4510 902 4564 ut
960 4501 1400 4583 intelligentia,
1460 4511 1748 4567 remanet
1812 4504 1966 4588 q'uid
2033 4506 2098 4568 in
2156 4513 2325 4579 actu,

830 4600 971 4683 ipso
1013 4620 1154 4665 esse
1200 4600 1468 4664 sublato.
1523 4601 1645 4665 Sed
1690 4601 1894 4665 forma
1942 4622 2018 4665 ex
2067 4604 2327 4687 propria

827 4706 1017 4781 atque
1067 4700 1413 4763 intrinseca
1462 4700 1703 4763 ratione
1753 4709 1848 4763 est
1891 4710 2068 4765 actus
2117 4722 2130 4765 :
2178 4721 2327 4785 ergo

828 4797 949 4860 hoc
993 4798 1052 4861 ei
1099 4798 1320 4880 nequit
1361 4798 1598 4861 auferri
1643 4818 1760 4881 per
1795 4799 2181 4865 ablationem
2223 4822 2329 4865 ex-

827 4896 1112 4971 trinseci,
1159 4897 1383 4960 saltem
1432 4896 1656 4961 formae
1706 4900 1958 4962 realiter
2005 4920 2040 4962 a
2090 4921 2156 4964 se
2204 4901 2327 4963 dis-

827 4994 1058 5058 tinctae.
1095 4996 1440 5070 Postrem0‚
1484 4997 1741 5059 realiter
1782 4998 2082 5061 distincta
2119 5008 2330 5081 potest

825 5092 1244 5174 Omnipotens
1292 5112 1607 5175 separare,
1659 5096 2129 5178 separatimque
2181 5116 2327 5160 con-

833 5208 1108 5265 servare,
1142 5192 1474 5273 potissime
1504 5192 1658 5255 dum
1689 5192 1940 5256 nullum
1980 5211 2203 5257 eorum
2233 5204 2330 5258 est

829 5288 1148 5366 accidenS,
1191 5309 1310 5353 nec
1353 5310 1512 5373 pura
1555 5292 1838 5375 potentia
1880 5309 1893 5354 ε
1929 5300 2138 5376 potest
2180 5312 2328 5375 ergo

2521 4306 2631 4367 Est
2660 4323 2811 4386 ergo
2839 4304 3083 4368 Alberti
3113 4314 3177 4367 et
3196 4305 3449 4368 Henrici
3485 4307 3737 4389 positi0,
3762 4308 3931 4389 quod

2440 4422 2581 4467 esse
2628 4412 2819 4487 atque
2862 4404 3138 4466 essentia
3187 4422 3314 4466 non
3361 4404 3675 4468 differunt
3724 4406 3790 4468 in
3839 4424 3929 4481 re,

2440 4504 2549 4565 sed
2608 4502 2873 4577 ratione,
2935 4503 3305 4576 intentione,
3367 4503 3762 4579 habitudine,
3823 4524 3935 4569 seu

2440 4601 2744 4665 relatione
2792 4619 2805 4663 ε
2858 4602 2943 4664 ita
2992 4602 3161 4683 quod
3208 4620 3347 4665 esse
3394 4603 3564 4684 quod
3612 4612 3708 4665 est
3754 4610 3935 4665 actus

2437 4700 2752 4775 essentiae,
2814 4700 3084 4762 relatum
3152 4699 3230 4761 ad
3296 4701 3639 4763 essentiam
3706 4720 3743 4763 a
3809 4720 3935 4783 qua

2437 4798 2608 4873 fluit,
2642 4807 2903 4861 vocatur
2945 4816 3086 4861 esse
3131 4797 3467 4876 essentiae3
3512 4798 3577 4859 in
3621 4806 3929 4879 quantum

2438 4916 2590 4961 vero
2639 4898 3059 4980 participatur
3106 4896 3185 4959 ab
3234 4914 3309 4959 eo
3367 4897 3538 4977 quod
3584 4905 3702 4971 est,
3763 4898 3933 4979 quod

2438 4996 2672 5077 accipit
2703 5014 2841 5058 esse
2873 4996 3225 5058 secundum
3268 4996 3438 5077 quod
3476 4996 3757 5077 tangitur
3788 5015 3936 5060 cau-

2439 5093 2683 5157 salitate
2713 5094 2985 5175 quadam
3026 5112 3232 5155 causae
3270 5092 3640 5167 efficientiS,
3671 5102 3945 5157 vocatur-

2439 5211 2578 5255 esse
2634 5190 2902 5253 actualis
2960 5191 3363 5253 exsistentiae.
3414 5190 3575 5253 Hinc
3623 5191 3931 5257 Henricus

2439 5291 2688 5354 decimo
2713 5290 2919 5353 fassus
2940 5297 3036 5352 est
3054 5288 3430 5364 Quodlibeto
3453 5305 3469 5352 t
3490 5290 3777 5355 Essentia
3798 5311 3930 5355 cre·
3982 5323 4148 5372 quast.
4174 5322 4217 5362 τ.
