4300 6259
841 515 962 581 132

1508 537 1930 583 unumunurm
1970 533 2367 581 THEOLOGICA.
2413 549 2494 561 ····
2536 531 2614 579 DE
2657 533 2775 579 ΒΕΘ
2816 531 2937 578 uNo
2977 531 3054 577 m·
3093 531 3277 580 mmo

843 702 990 768 liter
1016 725 1097 770 ex
1125 713 1353 770 natura
1378 707 1471 770 rei
1501 707 1868 770 distinctam
1901 726 1938 769 a
1965 725 2052 768 se.
2084 740 2168 751 —
2191 706 2339 767 Am·
2369 701 2422 766 A
2454 701 2802 785 perfectius
2846 719 2919 765 ac
2947 702 3191 784 ‘purius
3229 701 3358 764 tale
3400 707 3518 773 est,
3550 704 3792 781 quanto
3837 695 3964 758 im-

843 805 1038 887 plius,
1089 806 1631 888 quemadmodum
1688 805 2001 888 sapientia
2047 804 2160 867 Dei
2209 821 2340 866 om-

843 921 993 966 nem
1026 905 1259 967 mentis
1291 913 1515 968 creatae
1553 905 1967 987 capacitatem
1998 911 2061 966 et
2089 920 2344 966 omnem

844 1008 1118 1065 creatam
1180 1002 1559 1084 sapientiam
1619 1002 1875 1065 infinite
1926 1001 2199 1073 excedit,
2250 1000 2344 1062 sic

844 1107 909 1162 et
949 1099 1329 1182 simplicitas
1374 1101 1505 1162 Dei.
1556 1101 1719 1181 Ergo
1762 1101 2003 1163 directe
2052 1099 2112 1161 ei
2156 1117 2342 1180 repu-

843 1204 995 1278 gnat
1049 1198 1261 1262 omnis
1317 1216 1447 1261 non
1504 1198 1823 1273 identitaS,
1875 1205 1939 1261 et
1996 1197 2206 1260 omnis
2265 1215 2343 1268 ex

844 1302 1071 1357 natura
1114 1296 1207 1359 rei
1256 1296 1602 1369 distincti0,
1655 1315 1855 1377 quum
1904 1295 2113 1360 omnis
2164 1313 2344 1356 mens

845 1390 1011 1456 bene
1065 1393 1375 1476 disposita
1431 1393 1629 1456 dictet
1685 1411 1759 1454 ac
1825 1399 2214 1474 protestetur
2281 1391 2344 1452 id

844 1509 987 1554 esse
1015 1491 1399 1573 simpliciuS,
1422 1491 1489 1553 in
1520 1508 1648 1573 quo
1676 1491 1854 1554 nulla
1883 1498 1979 1553 θεῖ
2009 1508 2136 1553 non
2169 1489 2346 1551 iden-

844 1589 1014 1663 titas,
1064 1607 1183 1653 nec
1241 1589 1373 1652 ulla
1428 1607 1506 1652 ex
1564 1608 1681 1652 sua
1726 1597 1951 1664 natura
1997 1587 2345 1660 distincti0,

846 1706 1039 1769 quam
1085 1687 1147 1751 id
1195 1687 1261 1750 in
1305 1707 1434 1771 quo
1478 1695 1575 1750 θεῖ
1615 1686 1830 1769 aliqua
1873 1705 2001 1750 non
2051 1685 2350 1748 identitas

846 1792 912 1848 θῖ
940 1785 1269 1849 distinctio
1296 1805 1376 1848 ex
1408 1793 1652 1848 natura.
1686 1821 1767 1832 —-
1794 1784 2121 1858 Praeterea,
2157 1783 2348 1846 inter-

2454 800 2834 883 permixtius
2894 817 3010 862 suo
3066 799 3365 883 opposito
3426 816 3440 860 ε
3501 799 3670 861 sicut
3723 795 3966 858 aurum

2454 906 2628 962 tanto
2695 905 2790 961 est
2857 897 3106 980 puriuS,
3177 905 3416 979 quanto
3481 896 3706 958 minus·
3765 892 3970 956 habet

2454 997 2830 1077 adjunctum
2889 996 2967 1058 de
3023 995 3234 1059 alieno
3304 993 3581 1057 metallo.
3643 991 3772 1056 Nec
3842 991 3970 1052 ista

2456 1101 2625 1157 stant
2671 1093 2890 1168 simul,
2931 1093 3101 1175 quod
3149 1093 3394 1175 aliquid
3443 1093 3528 1154 sit
3574 1107 3838 1172 prorsus
3891 1105 3970 1150 ac

2457 1210 2616 1274 pure
2680 1190 3085 1254 albissimum
3153 1199 3262 1254 aut
3327 1208 3558 1260 aurum
3617 1185 3971 1249 mundissi-

2459 1309 2658 1364 mum,
2693 1298 2758 1352 et
2795 1298 3008 1352 tamen
3052 1289 3296 1370 aliquid
3335 1287 3532 1351 alieni
3580 1284 3810 1349 coloris
3851 1291 3972 1345 aut

2460 1387 2699 1451 metalli
2747 1387 3011 1450 alterius
3061 1387 3462 1451 contineatur
3511 1385 3578 1447 in
3623 1401 3718 1448 eo.
3763 1380 3973 1444 Multo

2458 1505 2713 1568 quoque
2757 1485 3223 1568 impossibilius
3267 1492 3365 1548 est
3405 1482 3650 1572 aliquid
3693 1499 3835 1544 esse
3877 1480 3970 1542 al-

2459 1584 2822 1654 bissimum,
2873 1590 2938 1647 θῖ
2992 1591 3210 1646 tamen
3269 1579 3776 1645 innumerabiles
3834 1577 3974 1640 dis-

2459 1681 2688 1743 tinctas
2719 1681 3116 1744 coloreitates
3155 1699 3271 1743 seu
3310 1697 3440 1744 non
3477 1677 3974 1740 albedineitates

2461 1779 2586 1841 sibi
2643 1797 2783 1842 esse
2837 1779 3190 1859 adjunctas.
3245 1776 3672 1841 Conformiter
3726 1775 3973 1856 impos-

846 1882 1157 1946 minabile
1194 1901 1334 1946 esse
1378 1883 1513 1957 Dei,
1547 1891 1645 1946 θεῖ
1683 1902 1798 1946 sua
1842 1882 2156 1944 immensa
2199 1881 2349 1943 sim·
2383 1881 2428 1944 B
2464 1877 2654 1940 sibile
2710 1877 2974 1941 omnino
3021 1877 3298 1950 videtur,
3351 1875 3418 1938 in
3477 1872 3976 1956 simplicissimo

846 1981 1121 2064 plicitaS,
1166 2001 1280 2044 sua
1319 1980 1947 2064 infinita—perfectiO,
1980 1988 2046 2044 θῖ
2082 1999 2200 2042 sua
2239 1978 2354 2042 im-

850 2097 1073 2142 mensa
1126 2079 1457 2161 opulentia
1512 2098 1774 2161 prorsus
1824 2079 2143 2142 illimitata
2198 2096 2212 2139 :
2265 2079 2353 2143 ita

848 2177 1019 2259 quod
1048 2177 1266 2240 omnia
1305 2177 1424 2240 ista
1462 2196 1540 2239 ex
1587 2184 1812 2239 natura
1840 2177 1952 2240 Dci
1994 2184 2145 2239 sunt
2183 2196 2352 2238 sum-

852 2293 956 2336 ma
998 2293 1071 2336 ac
1115 2275 1658 2357 superpurissima
1702 2274 1933 2348 unitaS,
1980 2275 2176 2337 totius
2223 2291 2350 2336 non

849 2371 1199 2435 identitatis
1238 2391 1466 2455 expers
1512 2390 1586 2434 ac
1634 2372 1888 2450 nescia3
1930 2380 1992 2435 ct
2038 2371 2352 2454 quidquid

850 2469 915 2531 in
974 2487 1050 2532 ea
1106 2477 1223 2544 est,
1276 2469 1344 2532 in
1400 2469 1743 2532 omnifaria
1798 2469 2210 2552 simplicitate
2257 2477 2355 2530 est

846 2567 1162 2642 absolute,
1211 2575 1497 2630 extreme
1553 2587 1628 2630 ac
1686 2567 1941 2630 infinite
1992 2566 2350 2648 perfectum

846 2672 912 2728 et
954 2665 1541 2747 opulentissimum,
1597 2665 1775 2729 nullo
1817 2683 1944 2728 non
1990 2665 2216 2728 eodem
2263 2665 2353 2726 in-

849 2763 1097 2845 digena,
1148 2782 1268 2826 nec
1315 2763 1473 2846 quid
1521 2763 1647 2826 tale
1702 2763 2065 2827 admittens.
2118 2763 2351 2844 Sicque

846 2879 987 2924 esse
1027 2860 1347 2936 divinum,
1379 2868 1690 2926 aeternum
1735 2868 1799 2925 et
1842 2861 2221 2934 increatum,
2255 2868 2351 2923 est

848 2959 915 3021 in
962 2978 1030 3022 se
1074 2959 1215 3041 ipso
1256 2959 1565 3042 perfectio
1612 2966 1922 3042 separata,
1971 2959 2350 3033 subsistenS,

2461 1995 2601 2039 esse
2632 1977 2851 2040 divino
2879 1975 3383 2039 innumerabiles
3427 1991 3556 2037 non
3599 1971 3974 2036 identitates

2460 2083 2571 2136 aut
2618 2074 2918 2138 formales
2967 2093 3045 2138 ex
3093 2074 3186 2137 rei
3237 2081 3463 2137 natura
3519 2070 3976 2162 distinctiones

2463 2173 2828 2236 consistere.
2863 2208 2944 2218 —
2982 2173 3292 2254 Denique,
3344 2179 3506 2235 teste
3554 2167 3974 2250 Philosopbo,

2464 2290 2665 2333 unum
2713 2272 2776 2333 in
2817 2269 3174 2333 substantia
3214 2269 3368 2333 facit
3407 2269 3620 2347 idem3
3663 2267 3729 2329 in
3771 2285 3982 2349 quan-

2463 2369 2666 2443 titate,
2701 2368 2942 2450 aequale
2968 2387 2983 2448 ;
3019 2368 3084 2430 in
3115 2367 3445 2450 qualitate,
3477 2365 3716 2429 simile.
3739 2365 3979 2438 Quem·

2463 2468 2808 2530 admodum
2867 2485 3017 2548 ergo
3085 2466 3149 2529 in
3209 2466 3338 2530 Deo
3405 2466 3472 2528 in
3538 2463 3849 2528 absolutis
3911 2470 3983 2526 et

2466 2564 2913 2628 essentialibus
2957 2573 3053 2628 est
3093 2583 3346 2628 summa
3387 2571 3579 2646 atque
3625 2561 3982 2645 purissima

2467 2663 2701 2738 unitas,
2765 2665 2851 2725 ita
2906 2670 2971 2726 θῖ
3028 2663 3506 2745 proportionata
3561 2659 3976 2744 simplicitas.

2543 2759 2704 2822 Hinc
2748 2760 2952 2824 fertur
2995 2763 3060 2824 in
3105 2761 3270 2825 libro
3299 2761 3377 2824 de
3407 2759 3647 2834 Causis,
3683 2758 3750 2822 in
3795 2775 3981 2820 com·

2465 2867 2683 2922 mento
2713 2867 2950 2942 quartae
2979 2859 3433 2943 propositionis
3469 2876 3483 2920 :
3513 2859 3583 2920 In
3627 2875 3770 2922 esse
3813 2873 3982 2938 puro

2464 2966 2528 3021 ct
2558 2975 2708 3021 vero
2739 2959 2938 3040 (quod
2970 2966 3068 3020 est
3100 2958 3295 3038 Deus)
3327 2975 3456 3021 non
3486 2965 3586 3019 est
3625 2954 3982 3018 multitudo

849 3055 1191 3132 illimitata,
1225 3057 1290 3118 in
1322 3057 1692 3120 omnimoda
1730 3057 2143 3140 simplicitate
2185 3075 2354 3120 com·
2384 3055 2428 3120 C
2462 3056 2826 3139 aliquorum
2860 3058 3214 3120 modorum.
3251 3055 3450 3119 Multo
3479 3055 3695 3119 minus
3737 3060 3837 3117 est
3879 3052 3981 3116 ibi

850 3154 1277 3238 prehenden8‚
1340 3155 1472 3218 imo
1529 3155 1741 3237 potius
1798 3174 1950 3219 vere
2008 3155 2356 3238 supersub-

850 3253 1227 3317 stantialiter
1292 3272 1366 3316 ac
1432 3253 1913 3336 simplicissime
1973 3253 2350 3328 consistenS,

850 3351 1165 3434 quidquid
1216 3351 1536 3433 pertinere
1590 3359 1797 3434 potest
1842 3359 1951 3414 aut
2007 3351 2352 3432 excogitari

846 3450 928 3512 ad
960 3448 1419 3532 perfectionem
1455 3467 1469 3512 ε
1505 3450 1592 3512 ita
1629 3451 1799 3532 quod
1838 3450 1976 3513 sine
2014 3451 2192 3512 omni
2233 3450 2355 3512 dis-

850 3547 1159 3610 tinctione
1207 3554 1272 3610 θῖ
1318 3548 1458 3610 sine
1506 3549 1682 3610 omni
1732 3566 1853 3611 non
1900 3548 2232 3611 identitate
2275 3566 2355 3610 ex

847 3645 942 3707 rei
974 3652 1221 3720 natura,
1254 3653 1350 3708 θεῖ
1393 3645 1649 3709 infinita
1689 3645 1993 3728 potentia,
2039 3647 2356 3709 immensa

849 3743 1187 3825 sapientia,
1234 3743 1731 3806 interminabilis
1778 3743 2213 3826 pulchritudO,
2261 3743 2354 3805 in-

847 3841 1277 3923 comparanda
1325 3841 1618 3914 dulcedo,
1671 3843 1875 3904 virtus
1922 3850 1985 3904 et
2027 3842 2352 3916 sanctitas,

738 3971 745 3978 ·
848 3937 1200 4015 beatitudo,
1259 3938 1585 4014 nobilitaS,
1644 3945 1709 4000 et
1766 3939 2078 4020 quidquid
2134 3939 2358 4019 hujus·

852 4037 1026 4100 modi
1079 4038 1313 4119 poterit
1372 4037 1646 4119 concipi.
1698 4073 1779 4084 -
1833 4036 2057 4100 Adhuc
2113 4045 2354 4110 autem,

855 4135 975 4198 ista
1022 4153 1152 4198 non
1202 4143 1369 4198 stant
1417 4134 1636 4209 simul,
1687 4135 1859 4216 quod
1908 4135 1974 4197 in
2023 4134 2240 4216 aliqua
2289 4152 2357 4197 re

2465 3154 2953 3219 innumerabilis
2993 3155 3338 3219 multitudo
3383 3171 3510 3217 non
3560 3152 3982 3216 identitatum

2465 3272 2538 3316 ac
2567 3253 2937 3317 formalium
2967 3271 3047 3316 ex
3075 3261 3302 3316 natura
3330 3252 3422 3315 rei
3453 3251 3977 3314 distinctionum.

2465 3353 2700 3414 Iterum
2743 3352 2805 3414 in
2847 3352 3073 3414 eodem
3102 3351 3409 3414 asseritur
3438 3349 3604 3413 libro
3637 3367 3651 3412 :
3683 3347 3982 3412 Primum

2467 3457 2565 3513 est
2606 3449 2783 3513 dives
2829 3469 2943 3532 per
2991 3467 3059 3512 se
3105 3450 3319 3532 ipsum
3363 3455 3427 3511 et
3464 3449 3644 3510 dives
3686 3447 3752 3509 in
3799 3446 3980 3522 aliia,

2467 3555 2532 3611 θῖ
2567 3548 2956 3628 significatio
2993 3548 3187 3629 hujus
3228 3554 3325 3610 est
3363 3546 3574 3610 unitas
3611 3545 3755 3626 ejus
3790 3563 3806 3608 ε
3841 3563 3983 3608 non

2467 3647 2618 3729 quia
2665 3646 2873 3708 unitas
2922 3644 3064 3727 ejus
3111 3645 3195 3709 sit
3243 3665 3464 3728 sparsa
3511 3645 3578 3708 in
3626 3645 3790 3727 ipso,
3839 3644 3985 3708 imo

2466 3745 2678 3806 unitas
2709 3744 2850 3825 ejus
2881 3752 2977 3808 est
3007 3763 3189 3827 pura,
3221 3743 3526 3826 quoniam
3565 3749 3664 3806 est
3691 3741 3982 3824 simplex

2469 3841 2533 3903 in
2577 3841 2712 3905 fine
2754 3841 3205 3924 simplicitatis.
3240 3841 3513 3930 Additur
3551 3857 3812 3922 quoque
3852 3838 3983 3902 ibi-

2468 3939 2614 4002 dem
2649 3957 2663 4002 :
2697 3940 2762 4003 Si
2793 3940 2938 4023 quis
2967 3939 3108 4002 vult
3135 3939 3301 4002 scire
3337 3939 3508 4021 quod
3539 3957 3730 4002 causa
3761 3937 3987 4020 prima

2467 4044 2564 4100 est
2619 4038 2796 4100 dives
2845 4039 2910 4101 in
2959 4057 3050 4112 se,
3103 4037 3400 4120 projiciat
3450 4043 3732 4100 mentem
3783 4053 3982 4099 suam

2467 4155 2661 4219 super
2705 4155 2806 4200 res
2854 4136 3262 4219 compositaS,
3309 4143 3373 4198 et
3421 4136 3700 4218 inquirat
3744 4134 3824 4198 de
3873 4136 3980 4199 eis

854 4252 935 4294 ex
973 4251 1089 4294 sua
1127 4239 1373 4306 natura,
1416 4232 1500 4294 sit
1540 4251 1813 4306 summa,
1858 4231 2163 4314 perfecta,
2197 4249 2357 4313 pura
2389 4232 2438 4295 D
2469 4235 2882 4317 inquisitione
2952 4242 3365 4317 perscrutata.
3438 4235 3728 4298 Inveniet
3791 4234 3980 4298 enim

858 4330 1155 4393 identitas
1215 4330 1360 4392 talis
1416 4349 1489 4392 ac
1549 4338 1723 4392 tanta
1779 4331 1947 4411 quod
1998 4329 2202 4410 major
2260 4347 2358 4392 co-

855 4428 1041 4509 gitari
1074 4444 1201 4491 non
1234 4427 1458 4501 valeat,
1484 4428 1613 4490 imo
1645 4427 1897 4489 infinite
1930 4427 2134 4506 maj0r
2163 4446 2355 4509 quam

855 4525 1119 4607 cogitari
1147 4533 1259 4587 aut
1286 4525 1537 4607 concipi
1572 4532 1782 4607 queat,
1816 4532 1879 4586 et
1908 4523 2111 4588 nihilo
2141 4526 2356 4589 minus

853 4625 938 4689 sit
981 4623 1047 4686 in
1089 4641 1166 4686 ea
1208 4642 1286 4686 ex
1330 4641 1446 4686 sua
1485 4629 1711 4684 natura
1745 4640 1870 4685 non
1913 4622 2210 4686 identitas
2248 4622 2357 4685 ali·

852 4741 979 4806 qua
1022 4729 1134 4785 aut
1183 4721 1469 4785 formalis
1518 4721 1861 4784 distinctio.
1908 4757 1989 4768 -
2034 4722 2350 4804 AmpliuS,

850 4841 1052 4905 quum
1092 4819 1773 4903 supersimplicissimo
1804 4820 1933 4883 Deo
1972 4820 2357 4882 conveniant

851 4919 1106 4983 infinita
1135 4926 1244 4981 aut
1274 4925 1447 4981 certe
1488 4916 1985 4980 innumerabilia
2023 4917 2350 4993 attributa,

850 5025 1063 5083 essent
1120 5019 1185 5082 in
1244 5034 1322 5082 eo
1369 5017 1644 5081 infinitas
1691 5024 1801 5078 aut
1850 5017 2354 5080 innumerabiles

850 5138 978 5183 non
1024 5119 1386 5182 identitates
1424 5136 1437 5180 ε
1471 5136 1613 5198 quai
1654 5117 1764 5179 uni
1799 5117 2162 5199 purissimae
2206 5116 2354 5178 sim·

854 5217 1123 5301 plicitati
1152 5235 1225 5279 ac
1257 5214 1755 5297 simplicissimae
1789 5215 2015 5277 unitati
2049 5231 2176 5276 non
2208 5231 2353 5277 con-

851 5324 1108 5397 gruunt.
1160 5351 1239 5360 —
1296 5314 1558 5387 RursuS,
1614 5311 2118 5394 unumquodque
2177 5319 2351 5375 tanto

2466 4351 2656 4396 omne
2688 4333 3117 4415 compositum
3155 4351 3296 4396 esse
3325 4333 3740 4408 diminutum,
3771 4351 3848 4395 ac
3877 4333 3981 4395 in·

2465 4431 2688 4512 digens
2719 4439 2828 4493 aut
2855 4431 2982 4494 alio
2999 4438 3111 4494 aut
3130 4431 3322 4495 rebus
3342 4450 3420 4495 ex
3441 4421 3678 4514 quibus
3709 4448 3980 4514 compo·

2465 4530 2660 4592 nitur.
2695 4529 2814 4592 Res
2856 4537 3070 4592 autem
3113 4529 3386 4611 simplex
3417 4548 3560 4612 quae
3589 4537 3686 4593 est
3715 4528 3979 4592 bonitas

2465 4645 2646 4710 pura,
2688 4634 2786 4690 θεῖ
2833 4645 2959 4689 una
3002 4634 3066 4690 et
3110 4627 3344 4690 unitas.
3375 4663 3456 4674 —
3493 4627 3656 4689 Hinc
3702 4627 3976 4690 demum

2465 4726 2531 4788 in
2553 4725 3057 4789 Elementatione
3089 4725 3444 4807 theologica
3461 4725 3668 4789 Procli
3699 4725 3978 4789 Platoni·

2463 4825 2522 4886 ci
2565 4823 2931 4887 continetur
2963 4842 2976 4886 :
3011 4823 3212 4887 Omne
3257 4825 3534 4898 unitum,
3567 4823 3840 4887 alterum
3870 4832 3978 4888 est

2462 4940 2498 4983 a
2528 4940 2643 5004 per
2679 4940 2748 4984 εθ
2788 4939 2934 4984 uno.
2983 4920 3184 4984 Omne
3223 4939 3504 5002 namque
3543 4921 3798 4984 unitum
3829 4941 3978 5005 par-

2464 5019 2688 5102 ticipat
2726 5019 3090 5101 aliqualiter
3119 5036 3247 5082 uno
3284 5037 3300 5082 t
3338 5019 3482 5083 ideo
3523 5037 3726 5083 unum
3764 5029 3864 5083 est
3907 5029 3976 5084 et

2462 5135 2589 5180 non
2638 5136 2861 5179 unum.
2907 5117 3085 5191 Quod
3129 5134 3284 5180 vero
3332 5136 3449 5200 per
3489 5137 3558 5181 se
3603 5136 3804 5182 unum
3845 5126 3972 5190 est,

2463 5233 2865 5296 nequaquam
2899 5233 3101 5277 unum
3131 5222 3227 5277 est
3265 5223 3330 5278 et
3367 5233 3497 5279 non
3527 5234 3730 5278 unum
3763 5233 3781 5278 ε
3811 5216 3976 5297 quia

2461 5321 2560 5375 est
2597 5331 2798 5374 unum
2828 5331 3089 5394 purum,
3123 5312 3189 5374 in
3220 5329 3350 5395 quo
3379 5312 3544 5376 nihil
3573 5331 3703 5377 non
3733 5331 3966 5382 unum.
