4300 6259
139 2757 198 2796 πί,
215 2767 304 2797 xcix.

911 501 990 546 ΒΕ
1033 499 1260 546 Lutum
1301 498 1684 546 cnmsTuNAE
1723 497 2026 554 THEORIAE,
2071 499 2249 546 Lmen
2292 499 2331 544 1.
2378 518 2459 528 —
2500 500 2637 546 Ans.
2681 499 2787 547 clu

3290 484 3413 548 365

317 688 407 732 ma
445 669 717 733 brutalis
765 688 894 734 non
945 679 1160 735 movet
1205 669 1328 734 nisi
1377 687 1492 753 per
1538 687 1799 732 sensum
1830 669 1880 732 A
1913 669 1976 732 in
2009 669 2331 753 principio
2361 671 2459 733 sui
2491 678 2590 734 est
2617 671 2795 734 velut
2820 670 3041 734 tabula
3068 690 3229 746 rasa,
3262 670 3412 733 hinc

316 775 370 830 et
413 769 798 850 appetitum,
847 770 986 832 sine
1043 786 1308 852 corpore
1365 768 1614 851 operari
1673 785 1801 830 non

317 873 528 950 potest.
1729 873 1736 878 '

383 965 678 1028 Rationes
714 967 994 1049 denique
1032 966 1308 1030 Platonis
1349 965 1414 1028 in
1457 962 1804 1047 aequivocis

315 1064 678 1126 consistunt.
710 1064 954 1128 Animae
991 1065 1165 1127 enim
1206 1071 1304 1126 est
1341 1081 1598 1126 movere
1637 1062 1806 1124 sicut

319 1162 524 1224 iormae
569 1169 670 1224 est
711 1181 851 1226 esse
886 1181 900 1225 :
933 1180 1063 1225 non
1096 1163 1278 1245 quasi
1311 1179 1570 1225 movere
1613 1160 1696 1222 sit
1735 1160 1800 1222 in

315 1261 536 1335 anima,
577 1262 688 1324 sed
735 1261 950 1324 anima
988 1269 1086 1324 est
1123 1260 1516 1344 principium
1561 1277 1688 1341 quo
1728 1258 1805 1321 fit

317 1369 532 1422 motus.
576 1360 754 1434 Quod
803 1361 1069 1442 insuper
1107 1360 1285 1434 dicit,
1339 1377 1596 1422 movere
1637 1359 1802 1420 inse-

316 1457 586 1540 parabile
632 1477 795 1531 esse,
841 1459 994 1541 quia
1039 1458 1463 1522 essentialiter
1505 1456 1806 1520 convenit

314 1557 550 1630 animae,
583 1565 831 1618 certum
872 1563 970 1618 est
1007 1557 1178 1639 quod
1216 1556 1432 1618 anima
1470 1554 1642 1617 bruti
1688 1572 1801 1635 per

315 1654 594 1716 accidens
635 1655 1069 1738 corrumpitur
1102 1673 1116 1716 :
1150 1654 1302 1737 quia
1339 1653 1692 1716 secundum
1737 1671 1804 1714 se

315 1761 496 1814 totam
537 1772 735 1835 super
776 1753 1306 1836 compositionem
1346 1752 1553 1815 delata
1591 1759 1708 1824 est,
1741 1758 1804 1814 et

1909 766 2131 848 utique
2164 767 2717 850 phantasmatibus
2748 776 2813 831 et
2839 769 3164 832 sensitivis
3196 775 3415 852 poten-

1910 865 2017 927 tiis
2049 865 2311 947 indiget,
2346 874 2417 928 ut
2452 867 2777 930 scibilium
2820 869 3066 950 species
3105 875 3170 931 et
3200 886 3413 930 rerum

1913 963 2146 1026 formas
2187 964 2600 1047 adipiscatur.
2633 967 3088 1030 Verumtamen
3130 967 3281 1049 quia
3324 966 3419 1028 in-

1912 1062 2206 1126 tellectus
2240 1063 2571 1127 immixtus
2601 1071 2699 1127 est
2726 1070 2789 1126 et
2828 1065 2967 1128 sine
3004 1082 3239 1147 organo
3269 1082 3421 1146 ope·

1914 1179 2083 1234 ranS,
2127 1161 2505 1243 separabilis
2550 1171 2663 1225 est.
2709 1162 2811 1225 Sic
2858 1162 3051 1244 igitur
3091 1163 3418 1226 Avicenna

1916 1268 1979 1322 et
2036 1258 2286 1340 Algazel
2348 1267 2807 1335 contestantur,
2860 1262 3029 1344 quod
3090 1260 3417 1324 rationalis

1914 1357 2127 1420 anima
2176 1359 2383 1440 quoad
2433 1359 2531 1420 sui
2582 1377 2721 1422 esse
2781 1359 3235 1441 inceptionem,
3290 1378 3416 1422 non

1914 1465 2128 1519 autem
2175 1458 2383 1539 quoad
2424 1457 2661 1540 incepti
2703 1477 2843 1522 esse
2886 1460 3415 1542 permanentiam,

1913 1556 1996 1617 sit
2025 1556 2515 1637 dependentiam
2550 1555 2791 1619 habens
2822 1557 2899 1619 ad
2933 1557 3416 1640 corpus.Enim-

1913 1671 2086 1726 vero,
2122 1655 2661 1735 quemadmodum
2702 1655 2833 1735 jam
2880 1655 3119 1717 dudum
3170 1656 3632 1719 diceba-amc·-

1915 1761 2042 1825 tur,
2091 1751 2312 1816 formae
2361 1771 2577 1815 rerum
2628 1753 3036 1828 naturalium,
3082 1753 3308 1835 figuris
3354 1762 3419 1818 et

316 1851 392 1912 ita
437 1870 552 1934 per
595 1851 895 1914 accidens
945 1859 1150 1915 cessat
1207 1869 1485 1915 movere.
1538 1851 1799 1924 RursuS,
1841 1851 1888 1914 B
1919 1850 2205 1912 numeris
2252 1850 2709 1912 assimilantur.
2760 1851 3064 1933 Superior
3107 1853 3279 1915 enim
3328 1860 3417 1916 to·

317 1949 638 2013 essentiale
669 1957 767 2012 est
795 1952 856 2014 ei
889 1969 1168 2024 movere,
1203 1951 1294 2012 sic
1329 1958 1398 2013 ut
1425 1949 1508 2012 sit
1537 1948 1806 2012 formale

317 2049 720 2131 principium,
753 2068 1024 2112 causans
1069 2057 1133 2112 et
1171 2049 1474 2112 emittens
1505 2047 1806 2110 virtutem

320 2148 604 2210 movendi
637 2149 702 2210 in
745 2149 958 2231 ipsum
1000 2156 1228 2212 totum.
1264 2149 1392 2210 Hoc
1431 2155 1644 2208 tamen
1676 2146 1808 2209 elu-

320 2246 497 2308 cescit
541 2253 607 2308 et
645 2247 1152 2310 consideratione
1191 2246 1458 2327 dignum
1489 2251 1606 2318 est,
1638 2244 1809 2326 quod

321 2345 406 2406 hae
434 2345 708 2408 rationes
737 2345 1010 2409 Platonis
1042 2343 1442 2407 sufficienter
1469 2344 1812 2406 ostendunt

323 2442 852 2507 immortalitatem
881 2444 1112 2506 animae
1143 2441 1491 2514 rationaliS,
1524 2459 1602 2504 eo
1638 2441 1809 2522 quod

326 2541 420 2602 illa
458 2543 541 2604 sit
587 2561 664 2604 ex
715 2561 782 2605 se
835 2543 972 2624 ipsa
1019 2561 1210 2604 causa
1249 2541 1694 2623 operationum
1747 2547 1811 2602 et

323 2639 791 2720 gubernationis
859 2639 958 2702 sui
1030 2638 1339 2721 corporiS,
1399 2639 1568 2702 sicut
1635 2657 1808 2700 nunc

329 2738 778 2819 praeinductum
823 2745 938 2801 est.

706 3009 1196 3076 ARTICULUS
1245 3010 1418 3074 CIII.

325 3162 401 3220 Ec
441 3167 532 3218 est
575 3160 954 3234 emplanatio
997 3159 1312 3237 quomodo
1356 3159 1582 3218 anima
1621 3159 1810 3218 intel-

395 3247 688 3307 lectualis
751 3248 957 3322 possit
1013 3265 1144 3306 esse
1205 3248 1498 3324 corporis
1564 3247 1810 3323 forma,

396 3355 592 3415 quum
645 3344 864 3397 tamen
911 3336 998 3395 sit
1047 3337 1372 3396 veraciter
1424 3337 1498 3396 in
1545 3355 1610 3396 se
1665 3337 1808 3396 sub-

395 3427 642 3486 sistens.

439 3622 637 3687 ORRO
667 3622 872 3686 forma
901 3631 964 3686 et
1004 3623 1266 3686 materia
1305 3600 1810 3686 substantialiter

467 3729 530 3784 et
576 3721 942 3784 immediate
991 3721 1318 3784 uniuntur.
1371 3721 1812 3785 Substantiali-

327 3827 414 3880 ter
439 3821 602 3894 dico,
633 3821 938 3902 quoniam
983 3839 1174 3882 unam
1215 3820 1634 3903 eamdemque
1673 3838 1815 3903 spe—

329 3919 480 3980 ciem
525 3925 588 3981 et
637 3925 930 3980 naturam
970 3919 1405 3998 constituunt3
1447 3919 1812 3982 immediate

329 4034 486 4088 vero,
519 4017 822 4100 quoniam
867 4023 1046 4080 actus
1091 4023 1154 4078 et
1196 4017 1478 4098 potentia
1523 4017 1700 4080 nullo
1741 4037 1816 4080 ea

329 4116 650 4196 colligante
717 4115 1213 4196 conjunguntur.
1279 4114 1588 4197 Denique,
1649 4117 1815 4178 sicut

1917 1955 2044 2010 tam
2077 1955 2453 2030 potestatem
2494 1956 2559 2011 et
2597 1949 3055 2031 perfectionem
3097 1949 3421 2014 inferioris

1917 2046 2421 2128 comprehendit.
2486 2048 2608 2110 Sed
2671 2048 3099 2130 perfectiones
3165 2049 3421 2113 inferio-

1917 2164 2060 2206 rum
2111 2146 2463 2208 sormarum
2514 2153 2666 2208 sunt
2714 2147 2779 2208 in
2822 2147 3136 2229 superiori
3190 2146 3417 2222 forma,

1918 2261 2046 2305 non
2085 2244 2441 2306 secundum
2485 2245 2745 2307 modum
2784 2245 3141 2328 proprium,
3174 2247 3283 2308 sed
3326 2265 3422 2309 se-

1919 2342 2201 2404 eundum
2236 2342 2623 2423 exigentiam
2654 2342 2873 2406 sormae
2912 2345 3281 2426 superioris.
3318 2345 3421 2408 Sic

1920 2459 2155 2522 nempe
2198 2441 2626 2521 vegetativum
2672 2449 2735 2505 et
2776 2442 3179 2516 sensitivum‚
3214 2451 3277 2506 et
3320 2463 3420 2506 ce-

1922 2546 2203 2601 terarum
2255 2538 2606 2602 formarum
2656 2539 3103 2622 perfectioneS,
3156 2549 3305 2603 sunt
3352 2543 3419 2604 in

1920 2637 2136 2699 anima
2167 2637 2459 2701 rationali
2491 2639 2845 2700 secundum
2878 2640 3138 2701 modum
3179 2648 3423 2706 naturas

1921 2735 2263 2798 rationalis.
2284 2735 2541 2799 Constat
2568 2736 2867 2818 equidem
2898 2754 3123 2800 omnes
3153 2739 3421 2802 virtutes

1920 2833 2275 2896 formarum
2320 2834 2728 2907 naturalium,
2762 2835 2919 2898 citra
2964 2835 3419 2900 intellectivam

1919 2939 2169 3014 partem
2199 2931 2429 2995 animas
2460 2952 2586 3015 qua
2618 2932 2756 3014 ipsa
2786 2933 2923 2996 vult
2962 2940 3026 2995 et
3066 2935 3253 3016 sapit,
3289 2955 3422 2998 ma·

1849 3031 1890 3096 C
1925 3031 2177 3094 teriales
2234 3037 2298 3094 et
2353 3050 2389 3094 a
2439 3031 2705 3094 materia
2754 3031 3214 3114 inseparabiles
3262 3035 3424 3098 exsi-

1923 3135 2108 3190 stere.

2002 3226 2321 3290 Elucescit
2362 3244 2533 3308 ergo,
2578 3227 2784 3309 ipsam
2827 3227 3110 3292 animam
3154 3229 3424 3293 rationa-

1924 3324 2072 3398 lem,
2107 3325 2172 3388 in
2222 3326 2500 3388 essentia
2548 3345 2679 3408 prae
2728 3327 2957 3390 ceteris
3009 3326 3234 3391 formis
3282 3347 3421 3392 esse

1922 3423 2495 3506 simplicissimam,
2532 3424 2597 3487 in
2629 3423 2974 3489 virtutibus
3005 3445 3158 3491 vero
3188 3435 3251 3490 et
3278 3445 3425 3510 ope-

1923 3522 2276 3585 rationibus
2336 3522 2613 3584 maxime
2672 3523 3119 3606 multiplicem.
3171 3527 3239 3588 ln
3299 3543 3425 3608 quo

1922 3620 2116 3684 etiam
2184 3620 2518 3682 verissime
2585 3621 2942 3683 ostenditur
3010 3641 3149 3686 esse
3216 3623 3425 3705 imago

1923 3719 2124 3781 divini
2188 3719 2568 3782 intellectus,
2622 3719 2963 3803 Dionysius
3023 3723 3262 3784 etenim
3309 3725 3419 3798 ait,
3451 3737 3513 3846 ἕο
3538 3739 3715 3784 eolo-t.

3496 3816 3560 3846 01⁸.
3581 3817 3620 3847 Β.
3646 3817 3677 3848 t.

1923 3818 2215 3880 divinum
2261 3817 2478 3880 lumen
2522 3837 2635 3880 seu
2682 3827 3019 3900 paternum
3051 3821 3322 3894 radium,
3356 3822 3421 3884 in

1923 3917 2201 3978 essentia
2228 3935 2367 3978 esse
2398 3915 2982 3997 simplicissimum,
3016 3926 3079 3980 et
3112 3918 3176 3980 in
3207 3919 3426 3981 effica-

1924 4015 2022 4076 cia
2064 4014 2705 4096 multiplicissimum.
2754 4015 2935 4078 Nunc
2985 4034 3134 4096 ergo
3184 4017 3427 4080 innote-

1924 4112 2066 4186 scit,
2090 4113 2362 4194 qualiter
2390 4113 2747 4176 secundum
2778 4114 3084 4195 quasdam
3110 4116 3427 4196 potentias

327 4215 408 4275 ait
443 4214 832 4287 AristoteleS,
877 4214 1314 4296 susceptivum
1361 4233 1487 4277 non
1533 4221 1629 4276 est
1671 4232 1814 4277 con·
1841 4213 1890 4275 D
1925 4220 1989 4274 et
2025 4212 2426 4293 operationes
2470 4212 2729 4293 ponitur
2772 4212 2983 4274 anima
3027 4214 3425 4296 separabilis,

327 4311 566 4392 tingens
613 4331 626 4374 :
673 4319 852 4375 actus
897 4311 1071 4374 enim
1117 4311 1454 4394 requirunt
1500 4313 1813 4395 potentias

327 4410 443 4472 sibi
500 4411 1050 4494 proportionatas;
1100 4417 1164 4472 et
1211 4410 1354 4472 ideo
1401 4429 1662 4474 necesse
1719 4419 1816 4474 est

329 4507 483 4570 inter
539 4508 808 4571 sormam
869 4507 1227 4590 quamlibet
1274 4515 1336 4570 et
1383 4527 1566 4571 suam
1625 4517 1818 4572 mate·

329 4606 499 4681 riam,
573 4606 1060 4670 convenientem
1133 4605 1578 4669 habitudinem
1651 4627 1812 4681 esse,

326 4713 628 4785 quatenus
671 4723 789 4788 per
832 4705 1164 4767 materiam
1211 4704 1416 4767 forma
1465 4722 1814 4786 congruen-

327 4811 416 4864 ter
441 4805 686 4886 operari
721 4803 940 4886 possit.
959 4803 1192 4866 Eadem
1229 4803 1438 4884 itaque
1470 4802 1816 4866 conformis

328 4909 416 4962 est
456 4901 760 4965 habitudo
800 4901 1022 4964 sormae
1059 4902 1139 4964 ad
1181 4903 1537 4977 materiam,
1572 4902 1637 4965 in
1677 4922 1816 4966 esse

327 5007 384 5060 et
413 5000 474 5061 in
507 5018 688 5082 agere
723 5019 736 5062 :
773 5021 915 5083 quae
946 4999 1121 5063 enim
1152 5001 1217 5062 in
1251 5001 1428 5062 nulla
1457 5001 1556 5062 sui
1600 5019 1818 5084 opera-

325 5096 488 5160 tione
519 5107 658 5179 eget
687 5097 974 5170 materia,
1006 5115 1133 5160 non
1173 5097 1444 5180 requirit
1483 5099 1814 5162 materiam

330 5196 388 5256 in
443 5197 729 5271 essendo,
784 5214 994 5278 neque
1044 5196 1214 5258 uniri
1265 5195 1323 5258 ei
1376 5203 1602 5278 potest.
1656 5196 1815 5270 Quo-

327 5293 494 5360 niam
537 5295 796 5379 quidem
839 5300 1054 5356 autem
1095 5293 1414 5358 humanus
1455 5294 1816 5358 intellectus

1926 4311 2280 4374 secundum
2315 4311 2621 4392 quasdam
2656 4328 2805 4374 vero
2836 4310 3121 4374 minime.
3157 4312 3425 4396 Quippe,

1925 4409 2092 4471 sicut
2141 4409 2355 4471 lucere
2405 4416 2501 4470 est
2547 4417 2727 4472 actus
2778 4409 2963 4485 luciS,
3010 4410 3103 4473 sic
3148 4431 3286 4474 esse
3332 4420 3430 4476 est

1925 4517 2104 4570 actus
2149 4507 2443 4570 essentiae
2478 4523 2491 4568 :
2525 4515 2590 4569 et
2632 4507 2715 4569 ob
2750 4507 2835 4582 id,
2869 4527 3010 4571 esse
3057 4510 3429 4591 parificatur

1927 4606 2220 4668 essentiae
2289 4605 2352 4667 in
2423 4604 2836 4687 simplicitate
2904 4626 3034 4670 suae
3100 4609 3427 4671 actualita-

1925 4706 2008 4768 tis
2066 4713 2129 4767 et
2191 4705 2663 4788 multiplicitate
2732 4705 3041 4769 efficaciae
3110 4727 3240 4770 suae
3305 4709 3428 4770 vir-

1926 4805 2100 4865 tutis.

2007 4902 2269 4974 Rursus,
2311 4901 2485 4974 unio,
2534 4901 2979 4983 propinquitas
3022 4911 3088 4966 et
3128 4904 3428 4968 distantia

1928 4999 2279 5062 formarum
2346 4999 2425 5061 ad
2494 4999 2849 5071 materiam,
2912 5001 3146 5083 quibus
3204 5001 3427 5068 formae

1926 5099 2213 5180 quaedam
2260 5097 2563 5159 dicuntur
2602 5097 2883 5161 materiae
2930 5099 3270 5164 viciniores
3319 5111 3429 5167 aut

1926 5197 2005 5260 ab
2025 5215 2101 5260 ea
2123 5196 2323 5278 magis
2352 5204 2677 5278 separatae,
2692 5198 3090 5262 attendendae
3119 5219 3244 5263 non
3278 5209 3429 5264 sunt

1927 5315 2121 5380 penes
2154 5295 2420 5359 localem
2458 5294 3077 5379 approximationem
3115 5299 3219 5363 vel
3256 5300 3429 5366 elon-
