4300 6259
943 505 1024 550 DE
1065 503 1290 550 mmNss
1333 503 1716 550 cflms'rlANAE
1757 503 2060 560 'ramma-3,
2107 505 2283 552 LIBER
2326 507 2363 550 1.
2409 525 2489 535 —
2533 508 2671 552 ΛΒΤ.
2718 509 2865 554 xxv1

3332 489 3447 554 261

357 688 484 733 non
540 691 680 734 esse
729 692 982 737 causam
1033 692 1246 736 rerum
1295 672 1686 746 effectivam,
1737 673 1847 736 sed
1878 674 1929 737 Α
1961 672 2295 756 linquitur,
2320 677 2825 760 unumquodque
2855 677 2935 740 ab
2966 695 3042 740 eo
3071 676 3305 740 habere
3334 676 3457 739 vir-

356 772 856 834 conservativam
891 773 1254 852 dumtaxat;
1281 772 1416 853 jam
1459 770 1578 834 hoc
1608 772 1849 834 destru-

357 877 530 931 ctum
559 875 674 932 est.
709 870 980 951 intelligi
1027 870 1200 932 enim
1247 885 1372 934 non
1419 877 1646 953 potest,
1679 870 1848 952 quod

355 967 596 1049 aliquid
635 969 1000 1031 destruatur
1039 969 1149 1031 illo
1188 975 1434 1032 remoto
1462 987 1500 1031 a
1529 987 1658 1050 quo
1687 968 1848 1031 nihil

355 1065 450 1127 sui
497 1084 638 1128 esse
693 1085 806 1128 seu
865 1075 1106 1129 naturae
1165 1086 1294 1130 suae
1351 1067 1580 1149 recipit
1630 1085 1644 1128 :
1695 1086 1852 1148 prae—

356 1163 570 1224 sertim
617 1164 670 1225 si
709 1183 786 1226 ex
829 1183 898 1228 se
935 1183 1074 1228 esse
1123 1165 1371 1238 habeat,
1414 1165 1595 1228 nullo
1639 1165 1848 1248 requi-

357 1263 472 1326 sito
501 1265 862 1327 extrinseco
901 1271 1202 1327 causante
1234 1271 1304 1325 ut
1331 1264 1414 1325 sit
1456 1263 1689 1346 ipsum.
1731 1261 1852 1324 Ad-

357 1362 500 1434 huc,
550 1363 720 1444 quod
781 1381 884 1426 res
941 1362 1134 1426 habet
1189 1381 1266 1426 ex
1317 1380 1406 1434 se,
1449 1360 1639 1423 habet
1704 1377 1847 1443 pro-

359 1460 490 1541 pria
535 1460 772 1522 virtute
809 1478 822 1521 ε
866 1477 994 1524 non
1033 1477 1185 1542 ergo
1224 1459 1464 1542 indiget
1507 1457 1738 1520 alieno.
1770 1459 1850 1520 At

359 1575 502 1620 vero
557 1565 890 1621 ostensum
949 1566 1065 1632 est,
1117 1577 1232 1621 ens
1289 1557 1540 1620 nullum
1593 1555 1850 1638 propria

358 1663 418 1718 et
445 1657 834 1719 connaturali
869 1657 1258 1740 perfectione
1285 1675 1512 1738 expers
1543 1673 1682 1717 esse
1714 1672 1852 1736 pos-

359 1773 440 1817 se.
491 1755 732 1837 ltaque,
793 1756 960 1818 sicut
1017 1773 1094 1818 ex
1153 1774 1222 1817 se
1280 1761 1484 1837 potest
1541 1772 1705 1824 esse,
1757 1753 1848 1814 sic

1957 781 2161 836 tutem
2204 773 2431 854 agendi
2478 783 2541 837 et
2583 777 3062 858 permanentiae,
3108 795 3145 838 a
3187 793 3316 858 quo
3360 781 3458 837 est

1959 871 2173 954 ipsum
2224 891 2413 934 suum
2464 891 2623 936 6556.

2041 970 2382 1033 Enimvero
2414 973 2731 1034 secundus
2774 990 3111 1055 processus
3148 973 3223 1034 ad
3263 971 3456 1052 hujus

1960 1067 2413 1142 ostensionem,
2456 1088 2534 1131 ex
2575 1069 2715 1151 ipso
2749 1089 2959 1132 rerum
3002 1070 3224 1133 ordine
3263 1068 3457 1131 susci-

1960 1165 2151 1246 pitur.
2189 1166 2438 1228 Etenim
2479 1167 2771 1230 ordinem
2802 1169 3101 1230 intimum
3133 1186 3274 1230 6556
3302 1167 3459 1228 enti-

1961 1262 2104 1337 bus,
2157 1271 2222 1326 et
2278 1265 2593 1347 optimum
2646 1266 2952 1340 universi,
3002 1267 3183 1328 aiunt
3222 1264 3457 1328 Aristo-

1960 1361 2118 1424 teles
2173 1370 2235 1423 et
2292 1363 2631 1444 Dionysius
2687 1379 2700 1424 :
2755 1362 2991 1425 habent
3048 1382 3117 1426 se
3182 1379 3459 1444 namque

1958 1461 2058 1537 (ut
2088 1459 2443 1540 cernimus)
2471 1460 2717 1541 species
2760 1480 2976 1524 rerum
3015 1468 3317 1542 tanquam
3348 1479 3462 1520 nu·

1961 1558 2164 1634 meri3
2216 1565 2281 1618 et
2330 1565 2399 1619 ut
2446 1558 2617 1620 Isaac
2668 1559 2733 1620 in
2786 1558 2951 1622 libro
2996 1559 3459 1621 Definitionum

1960 1655 2239 1738 scripsit,
2282 1674 2536 1737 semper
2585 1657 2937 1718 secundum
2979 1657 3183 1719 oritur
3220 1656 3285 1717 in
3326 1675 3461 1718 um-

1961 1753 2074 1814 bra
2114 1753 2331 1834 primi,
2374 1761 2439 1816 et
2484 1755 2742 1816 tertium
2792 1755 2853 1816 in
2900 1753 3127 1816 umbra
3168 1753 3457 1816 secundi.

361 1853 586 1935 poterit
633 1873 712 1916 ex
763 1872 832 1916 se
879 1871 1064 1934 agere
1123 1861 1188 1915 et
1246 1870 1638 1936 permanere.
1693 1851 1848 1914 Prae-
1885 1853 1932 1914 B
1961 1851 2125 1914 Ordo
2176 1851 2453 1934 denique
2502 1851 2675 1913 aliud
2727 1870 2855 1915 non
2904 1861 3021 1926 est,
3075 1871 3264 1934 quam
3314 1869 3474 1914 con-·

361 1959 542 2024 terea,
596 1969 976 2034 permanere
1025 1951 1090 2013 in
1139 1969 1302 2024 esse,
1354 1968 1483 2013 non
1533 1957 1629 2012 est
1675 1949 1848 2010 aliud

361 2068 539 2130 quam
599 2067 742 2112 esse
801 2049 1154 2111 secundum
1214 2048 1384 2129 quod
1431 2055 1604 2109 stans
1654 2053 1718 2108 et
1775 2045 1850 2107 fi-

357 2166 520 2208 xum.
583 2146 734 2220 Quae
800 2145 958 2208 fixio
1015 2146 1176 2208 nihil
1245 2145 1412 2208 reale
1481 2144 1852 2226 superaddit

356 2243 471 2326 ipsi
501 2261 646 2306 esse
681 2261 694 2304 :
729 2245 882 2306 dum
913 2243 1086 2306 enim
1128 2244 1236 2306 lux
1276 2243 1588 2305 diffusum
1632 2243 1848 2304 lumen

356 2351 704 2414 conservat,
763 2343 926 2404 nihil
993 2341 1222 2404 lumini
1290 2340 1722 2424 superinfinit.
1787 2341 1849 2402 Si

359 2439 542 2519 igitur
600 2457 704 2500 res
765 2437 1024 2521 propria
1081 2439 1316 2500 virtute
1363 2445 1481 2510 est,
1533 2455 1661 2500 non
1709 2445 1852 2516 eget

360 2543 770 2599 conservante
803 2553 818 2597 τ
851 2536 904 2598 si
938 2537 1112 2598 enim
1153 2536 1486 2617 indigeret,
1520 2542 1688 2598 esset
1726 2536 1851 2596 vir-

359 2643 484 2696 tute
520 2634 755 2709 aliena,
787 2653 988 2717 quum
1037 2651 1162 2696 non
1209 2633 1293 2696 sit
1333 2633 1506 2696 aliud
1551 2652 1690 2696 esse
1735 2633 1848 2706 rei,

361 2741 418 2793 et
463 2733 668 2815 ipsius
715 2751 856 2796 esse
904 2733 1361 2814 permanentia.
1417 2731 1506 2794 Ex
1555 2731 1654 2792 his
1701 2748 1852 2810 ergo

362 2830 714 2904 innotescit,
757 2849 948 2892 omne
989 2830 1156 2911 quod
1200 2837 1298 2892 est
1340 2829 1497 2892 citra
1543 2829 1848 2910 primum,

361 2928 434 2989 ab
474 2946 548 2990 eo
592 2927 1000 3011 profluxisse.

1959 1949 2177 2011 ventio
2209 1949 2497 2030 quaedam
2530 1956 2593 2011 et
2623 1948 2929 2013 habitudo
2960 1970 3073 2012 seu
3112 1968 3459 2012 concursus

1962 2045 2244 2128 plurium
2276 2046 2354 2108 ad
2387 2066 2610 2109 unum.
2644 2049 2769 2110 Aut
2798 2066 2949 2129 ergo
2986 2049 3141 2111 ordo
3176 2047 3460 2110 universi

1960 2144 2037 2205 ad
2081 2143 2362 2226 primum
2404 2144 2675 2206 casualis
2712 2153 2829 2218 est,
2864 2163 3120 2208 causam
3164 2145 3461 2208 videlicet

1963 2241 2207 2304 nullam
2252 2242 2531 2320 habens3
2576 2251 2684 2304 aut
2734 2250 2903 2305 certe
2942 2244 3357 2326 praeintentus
3402 2252 3464 2305 et

1963 2347 2257 2402 causatus
2306 2348 2403 2402 est
2449 2339 2529 2402 ab
2576 2340 2811 2423 aliquo.
2858 2341 3319 2404 inconveniens
3367 2349 3463 2403 est

1961 2445 2175 2500 autem
2236 2437 2449 2499 dicere
2518 2438 2689 2519 quod
2760 2439 2843 2500 sit
2908 2438 3201 2512 casualiS,
3259 2457 3460 2520 quum

1961 2535 2044 2597 sit
2091 2535 2433 2598 uniformis
2481 2543 2545 2598 et
2601 2543 2971 2618 perpetuuS,
3024 2544 3087 2598 et
3142 2536 3459 2618 optimum

1961 2633 2116 2715 quid
2168 2634 2231 2694 in
2285 2633 2493 2695 rebus.
2546 2633 2655 2694 Est
2698 2652 2849 2715 ergo
2897 2634 3159 2696 omnino
3202 2651 3459 2696 causam

1962 2731 2204 2793 habens
2249 2738 2313 2794 et
2356 2731 2793 2812 praeintentuS.
2846 2731 3094 2814 Quippe
3134 2730 3291 2794 ordo
3333 2748 3460 2793 non

1961 2829 2084 2890 nisi
2116 2847 2153 2890 a
2185 2847 2375 2890 causa
2405 2829 2765 2910 sapientiali
2805 2847 2944 2892 esse
2975 2838 3202 2912 potest,
3236 2830 3289 2890 si
3322 2847 3464 2891 cau-

1962 2947 2096 2988 sam
2131 2927 2322 2988 habet
2355 2945 2367 2988 :
2404 2928 2710 3008 sapientis
2740 2945 2973 3009 nempe
3011 2936 3109 2988 est
3146 2927 3457 2990 ordinare.

433 3027 533 3088 11ae
563 3027 832 3107 proinde
863 3026 1138 3089 rationes
1170 3044 1364 3107 super
1394 3033 1676 3088 naturam
1707 3043 1852 3088 con·
1882 3027 1925 3090 C
1961 3025 2125 3088 Ordo
2164 3024 2465 3106 equidem
2501 3033 2867 3087 naturarum
2900 3025 3207 3098 universi,
3240 3043 3463 3086 secun·

361 3124 659 3186 versionis
708 3125 1138 3186 secundorum
1180 3123 1258 3185 ad
1303 3124 1608 3204 primum,
1664 3123 1852 3184 stabi-

362 3222 476 3284 litae
519 3228 666 3284 sunt
702 3240 718 3283 :
753 3231 816 3284 et
857 3229 1200 3303 assumptae
1243 3229 1392 3282 sunt
1437 3221 1712 3283 rationes
1753 3221 1851 3282 hae

362 3338 430 3380 ex
472 3321 656 3382 dictis
706 3319 1006 3391 PlatoniS,
1039 3327 1104 3380 et
1134 3319 1636 3381 Elementatione
1681 3319 1852 3381 theo-

365 3417 554 3498 logica
598 3417 856 3479 subtilis
900 3415 1102 3479 Procli
1146 3416 1474 3478 Platonici.
1509 3417 1851 3479 Enimvero

363 3517 510 3578 ratio
539 3516 637 3577 his
668 3514 906 3597 apponi
939 3522 1170 3597 potest,
1203 3534 1344 3597 quae
1385 3514 1674 3576 omnium
1706 3533 1852 3576 con-

361 3615 630 3676 firmatio
659 3621 758 3676 est
787 3613 1348 3695 praeinductorum.
1367 3613 1430 3674 Si
1461 3613 1630 3674 enim
1659 3613 1849 3673 alicui

361 3721 588 3774 naturae
618 3711 959 3775 conveniat
995 3711 1238 3792 aliquid
1281 3729 1393 3792 per
1433 3729 1498 3771 se
1537 3719 1600 3772 et
1637 3729 1850 3772 neces-

361 3813 534 3884 sario,
593 3819 750 3872 tunc
808 3809 1020 3873 eidem
1083 3809 1440 3872 necessario
1499 3817 1562 3871 et
1619 3827 1734 3891 per
1781 3828 1848 3871 se

362 3911 648 3972 convenit
696 3909 760 3970 id
809 3909 978 3989 quod
1032 3907 1388 3970 necessario
1435 3907 1849 3989 consequitur

361 4009 430 4070 ad
477 4008 656 4070 illud.
709 4006 774 4070 Si
825 4005 998 4068 enim
1057 4005 1139 4068 ab
1185 4006 1403 4087 aliquo
1449 4005 1843 4078 conveniret,

361 4114 502 4170 tunc
545 4124 674 4168 non
719 4103 1083 4167 necessario
1135 4122 1344 4185 neque
1395 4122 1509 4186 per
1555 4122 1624 4165 se
1676 4120 1846 4165 com-

1961 3124 2116 3185 dum
2188 3121 2637 3184 substantiales
2705 3141 2850 3184 suas
2918 3123 3303 3204 quidditates
3370 3123 3463 3184 eis

1961 3221 2262 3284 convenit
2296 3237 2309 3281 :
2346 3220 2591 3302 species
2623 3239 2901 3302 namque
2932 3239 3045 3302 per
3074 3240 3219 3283 suas
3251 3239 3461 3283 essen-

1960 3319 2140 3381 tiales
2190 3317 2588 3380 differentias
2640 3319 2931 3381 ordinem
2984 3319 3236 3380 habent.
3287 3319 3461 3381 Unde

1960 3416 2121 3478 nihil
2154 3415 2525 3497 superaddit
2555 3415 2881 3497 specificis
2922 3436 3136 3478 rerum
3168 3415 3461 3479 essentiis

1960 3515 2112 3577 ordo
2158 3514 2321 3576 iste:
2369 3513 2673 3594 quoniam
2719 3515 2893 3576 omni
2939 3514 3315 3576 accidentali
3353 3533 3461 3576 en-

1959 3615 2135 3675 titate
2197 3613 2465 3685 seclusa,
2528 3612 2733 3692 adhuc
2796 3621 3036 3676 naturae
3094 3621 3157 3674 et
3214 3613 3460 3694 speeies

1961 3713 2114 3794 ipsae
2155 3710 2443 3773 ordinem
2488 3711 2893 3774 essentialem
2930 3729 3187 3792 prorsus
3218 3718 3453 3773 tenent.

1959 3811 2086 3872 Hoc
2117 3816 2213 3872 est
2244 3826 2391 3888 ergo
2423 3808 2795 3870 naturaliter
2824 3817 2887 3869 et
2918 3808 3275 3889 specierum
3310 3827 3455 3870 cau-

1958 3925 2046 3977 sa,
2109 3907 2277 3988 quod
2340 3905 2583 3967 ordinis
2642 3923 2833 3966 causa
2890 3912 3007 3977 est,
3067 3923 3266 3986 quum
3326 3906 3455 3966 sint

1959 4004 2146 4066 idem.
2200 4003 2481 4066 Primum
2541 4010 2751 4064 autem
2813 4009 2909 4064 est
2966 4020 3154 4064 causa
3212 4004 3454 4066 ordinis

1957 4103 2401 4164 universorum
2454 4117 2467 4162 :
2529 4119 2728 4182 quum
2790 4099 2951 4161 nihil
3010 4099 3181 4162 aliud
3240 4101 3321 4163 ab
3379 4118 3454 4164 eo

363 4212 608 4285 peteret.
659 4203 836 4266 Unde
880 4202 934 4264 si
981 4201 1227 4263 homini
1272 4219 1388 4282 per
1433 4221 1502 4264 se
1549 4201 1847 4263 convenit
1878 4200 1927 4263 D
1959 4200 2040 4262 sit
2101 4199 2281 4280 prius
2339 4197 2438 4259 his
2497 4217 2637 4279 quae
2697 4199 2759 4258 in
2825 4197 3048 4260 ordine
3103 4199 3222 4261 hoc
3283 4217 3453 4261 com-

361 4321 488 4365 esse
529 4301 1068 4372 ratiocinativum,
1111 4309 1262 4360 tunc
1305 4299 1364 4362 ei
1409 4318 1526 4382 per
1567 4319 1634 4361 se
1677 4316 1848 4361 com-

363 4401 507 4481 petit
553 4418 694 4462 esse
743 4396 1257 4480 disciplinabile3
1311 4405 1374 4459 et
1429 4397 1480 4459 si
1530 4396 1850 4458 admirati-

363 4517 526 4571 vum,
559 4517 700 4562 esse
743 4495 1008 4558 risibile.
1042 4495 1244 4576 Agere
1274 4503 1488 4558 autem
1531 4502 1594 4557 et
1638 4513 1844 4577 posse,

365 4606 426 4657 ut
461 4604 784 4659 ostensum
827 4602 944 4668 est,
977 4593 1338 4656 necessario
1377 4600 1732 4676 sequuntur
1769 4593 1846 4654 ad

365 4713 511 4768 esse,
562 4712 764 4777 quum
815 4693 954 4754 sine
1005 4691 1132 4754 illis
1183 4691 1346 4753 nihil
1395 4710 1534 4754 esse
1585 4691 1784 4774 possit
1831 4709 1843 4752 :

365 4794 520 4874 quod
558 4810 709 4874 ergo
751 4810 828 4853 ex
873 4809 940 4852 se
985 4797 1047 4852 et
1092 4790 1350 4872 propria
1393 4798 1617 4851 natura
1661 4788 1847 4852 habet

365 4910 514 4964 esse,
565 4889 930 4954 necessario
989 4907 1250 4970 prorsus
1297 4897 1360 4952 et
1409 4907 1486 4950 ex
1535 4907 1602 4950 se
1661 4887 1850 4950 habet

367 5007 538 5070 posse
579 4995 645 5050 et
687 5005 893 5068 agere.
941 4986 1258 5068 Amplius,
1304 5005 1420 5068 per
1462 5003 1530 5048 56
1576 5004 1852 5067 praesup-

369 5087 535 5167 ponit
579 5086 660 5148 de
707 5084 908 5158 omni,
961 5083 1127 5146 sicut
1176 5082 1386 5166 primo
1432 5084 1848 5146 Posteriorum

369 5184 590 5246 dicitur
639 5201 654 5245 ε
705 5181 876 5266 quod
925 5200 1074 5263 ergo
1121 5201 1198 5244 ex
1244 5201 1312 5244 se
1360 5189 1424 5244 et
1465 5199 1580 5264 per
1621 5199 1690 5242 se
1733 5186 1850 5252 est,

371 5301 613 5365 semper
671 5290 768 5346 est
823 5301 899 5343 ex
955 5299 1042 5344 se.
1095 5281 1211 5343 Pro
1266 5280 1459 5342 firmo
1518 5279 1711 5360 igitur
1759 5297 1850 5340 re-

1960 4297 2461 4379 prehenduntur.
2516 4295 2815 4358 Omnium
2877 4314 3028 4377 ergo
3086 4316 3297 4360 rerum
3360 4305 3455 4359 est

1958 4396 2124 4457 Deus
2170 4411 2381 4466 causa,
2415 4411 2491 4456 eo
2530 4393 2699 4476 quod
2738 4411 2998 4456 necesse
3040 4395 3121 4456 sit
3163 4395 3449 4458 ordinem

1961 4511 2171 4555 rerum
2221 4499 2550 4553 causatum
2596 4509 2754 4553 esse.

2039 4591 2102 4653 Si
2135 4590 2394 4662 dixeriS,
2424 4589 2667 4651 ordinis
2699 4587 2892 4669 hujus
2923 4589 3162 4652 nullam
3196 4609 3451 4654 causam

1961 4709 2122 4762 esse,
2176 4705 2301 4750 non
2352 4695 2563 4749 tamen
2613 4706 2752 4749 esse
2801 4687 3063 4749 omnino
3109 4691 3450 4764 casualem,

1960 4787 2068 4849 sed
2120 4784 2496 4856 naturalem,
2547 4784 2857 4864 adjiciens
2910 4786 3079 4866 quod
3138 4787 3305 4850 sicut
3352 4809 3456 4851 na·-

1959 4893 2116 4946 turae
2166 4882 2593 4945 secundorum
2644 4882 2879 4943 habent
2921 4901 3059 4945 esse
3107 4902 3183 4946 ex
3228 4906 3317 4958 se,
3364 4886 3458 4950 sic

1959 4990 2022 5046 et
2065 4980 2354 5043 ordinem
2400 4980 2570 5041 hunc
2617 4977 2870 5041 hahent.
2920 4979 3039 5042 Sed
3088 4982 3455 5058 dicendum,

1961 5081 2128 5162 quod
2190 5085 2429 5140 naturae
2487 5095 2565 5139 eo
2624 5077 2763 5158 ipso
2820 5095 2948 5159 quo
3006 5079 3098 5141 sic
3153 5081 3457 5147 ordinatae

1964 5185 2133 5250 sunt,
2195 5176 2667 5237 convincuntur
2734 5181 3001 5238 causatae
3058 5175 3213 5242 fore.
3272 5179 3459 5244 Plura

1965 5276 2138 5340 enim
2200 5281 2263 5336 et
2320 5293 2461 5355 quae
2518 5271 2817 5334 distincta
2872 5281 3041 5348 sunt,
3098 5278 3453 5342 secundum
