4300 6259
498 3937 580 3975 art.
595 3944 790 3984 mxxxvm,

501 4009 568 4038 xc.

815 475 938 541 346

1427 497 1508 544 DE
1549 497 1777 544 mmm!
1817 496 2200 544 cums'rlarm
2238 495 2539 554 THEORIAE,
2584 497 2760 543 LIBER
2801 497 2839 543 1.
2888 515 2967 526 —-
3005 497 3144 544 ΛΒΤ.
3188 497 3315 544 xcu

821 667 916 730 uti
945 668 1246 732 solemus.
1277 669 1434 733 Nam
1480 670 1966 750 intelligentiam
2011 670 2100 732 ait
2141 676 2319 733 aeter-
2348 665 2400 731 A
2426 675 2554 744 tur,
2598 671 2866 733 multam
2914 670 3099 733 valde
3137 670 3372 733 habere
3410 669 3901 735 conformitatem

821 786 971 829 nam
1013 768 1134 831 hoc
1179 768 1388 832 modo.
1437 768 1777 832 Sensibilia
1821 786 1994 844 vero,
2041 787 2317 851 quorum

816 865 1041 930 formai
1071 867 1518 949 corruptibiles
1549 875 1718 942 sunt,
1754 868 1816 930 in
1849 887 1987 931 esse
2027 875 2090 930 et
2132 885 2319 948 agere

819 965 1094 1046 tempori
1137 964 1426 1027 subsunt.
1460 965 1805 1029 Rationalis
1835 973 2047 1029 autem
2079 965 2315 1039 anima,

818 1063 1172 1125 secundum
1203 1063 1624 1127 substantiam
1656 1065 1778 1137 sui,
1812 1072 2068 1146 tempus
2102 1083 2320 1146 super-

819 1162 1124 1242 greditur,
1148 1163 1258 1224 sed
1283 1163 1347 1224 in
1369 1163 1846 1245 operationibus
1877 1171 2166 1245 tempore
2188 1182 2319 1226 me-

821 1260 993 1321 titur.
1028 1260 1461 1343 Congruenter
1493 1261 1688 1342 igitur
1718 1263 1978 1344 ponitur
2011 1261 2315 1342 ligamen-

817 1365 957 1419 tum
988 1357 1340 1421 sormarum
1381 1360 1644 1422 omnino
1684 1359 2219 1422 intellectualium
2255 1368 2318 1422 et

817 1455 1172 1520 formarum
1203 1458 1647 1520 sensibilium:
1674 1465 1737 1520 et
1771 1458 1911 1520 ideo
1930 1459 2315 1539 (secundum

816 1554 1240 1636 Avicennam)
1281 1556 1448 1618 sicut
1505 1575 1573 1618 se
1632 1556 1824 1618 habet
1872 1556 2047 1620 color
2093 1558 2172 1619 ad
2223 1557 2316 1619 lu·

818 1671 989 1727 men,
1009 1653 1102 1716 sic
1132 1673 1198 1717 se
1229 1654 1420 1717 habet
1449 1655 1662 1717 anima
1691 1655 1768 1718 ad
1801 1655 2313 1737 intelligentiam.

897 1752 1222 1826 Praeterea,
1265 1752 1430 1816 inter
1477 1753 1897 1816 substantiam
1947 1753 2316 1817 omnimode

2430 787 2578 830 cum
2638 769 2918 833 homine.
2971 770 3427 832 Verumtamen
3488 770 3662 832 nulla
3710 770 3910 834 forma

2429 875 2573 950 post
2610 867 2889 932 animam
2930 867 3302 931 rationalem
3345 869 3729 932 universales
3762 887 3909 932 con-

2429 966 2756 1048 ceptiones
2797 967 3032 1030 habere
3071 974 3298 1050 potest.
3344 967 3704 1030 Intellectus
3740 968 3911 1030 enim

2428 1072 2525 1127 est
2560 1066 2672 1147 qui
2706 1065 2860 1128 facit
2890 1067 3435 1128 universalitatem
3477 1066 3543 1128 in
3582 1066 3781 1140 rebuS,
3810 1084 3912 1128 se-

2427 1165 2709 1226 cundum
2739 1163 3027 1226 Boetium
3058 1171 3123 1226 et
3149 1165 3515 1227 Averroem.
3549 1164 3700 1226 Nam
3738 1163 3913 1226 nulla

2427 1262 2630 1325 virtus
2691 1262 3034 1324 materialis
3080 1270 3145 1324 et
3190 1263 3487 1342 organica
3544 1279 3913 1344 cognoscere

2426 1361 2527 1423 vel
2578 1360 2830 1443 operari
2881 1368 3089 1443 potest
3141 1360 3281 1422 sine
3327 1360 3434 1423 hic
3483 1368 3549 1423 et
3594 1380 3773 1423 nunc.

2506 1458 2641 1521 Non
2674 1466 2769 1521 est
2811 1458 3007 1539 igitur
3043 1458 3305 1532 mirum,
3338 1458 3391 1521 si
3432 1458 3499 1521 in
3540 1458 3914 1540 quibusdam

2426 1556 2813 1618 animalibus
2883 1556 3221 1619 videantur
3287 1556 3569 1619 actiones
3635 1557 3915 1639 quaedam

2425 1655 2719 1717 humanis
2787 1655 3266 1737 operationibus
3325 1655 3601 1717 multum
3660 1655 3921 1737 paritor-

2428 1771 2565 1815 mes
2600 1770 2613 1814 :
2650 1753 2768 1815 hoc
2811 1753 2986 1815 enim
3028 1753 3184 1815 ordo
3224 1753 3585 1835 specierum
3624 1753 3915 1835 postulat.

818 1849 1267 1924 immortalem,
1302 1850 1702 1914 immobilem
1734 1859 1798 1914 et
1825 1851 2315 1914 immaterialem
2348 1854 2395 1917 B
2430 1851 2551 1914 Sed
2606 1870 2681 1914 ex
2729 1851 2849 1914 hoc
2894 1869 3022 1914 non
3071 1858 3168 1913 est
3214 1851 3536 1914 sortienda
3590 1870 3925 1932 argumen-

815 1968 930 2012 seu
974 1949 1130 2012 foris
1175 1957 1560 2024 manentem,
1603 1957 1666 2012 et
1702 1950 2124 2013 substantiam
2176 1969 2317 2031 quae

817 2064 1077 2128 prorsus
1117 2046 1423 2120 mortaliS,
1459 2047 1715 2111 mobilis
1744 2055 1810 2111 et
1838 2049 2182 2130 conjuncta
2221 2056 2317 2110 est

815 2162 929 2206 seu
981 2145 1258 2207 materiae
1316 2145 1638 2220 immersa,
1689 2148 1929 2228 optime
1987 2147 2317 2210 ordinatur

815 2240 1173 2304 substantia
1237 2262 1378 2324 quae
1437 2244 1790 2305 secundum
1848 2244 2155 2326 quasdam
2214 2243 2313 2306 sui

816 2339 1267 2422 dispositiones
1300 2341 1677 2404 immortalis
1709 2350 1827 2416 est,
1861 2342 2212 2406 immobilis
2252 2350 2316 2405 et

817 2439 884 2501 in
915 2458 984 2501 se
1013 2446 1208 2512 stans,
1241 2440 1596 2502 secundum
1629 2443 1936 2522 quasdam
1968 2460 2120 2505 vero
2154 2461 2317 2504 mor-

817 2536 981 2611 talis,
1015 2536 1272 2600 mobilis
1303 2545 1368 2600 et
1397 2538 1732 2602 inhaerenS.
1769 2539 1935 2601 Talis
1966 2547 2181 2602 autem
2220 2548 2318 2602 est

815 2635 1093 2697 humana
1148 2636 1379 2698 anima.
1431 2636 1799 2699 Intellectus
1848 2638 2022 2701 enim
2073 2638 2315 2701 nullius

814 2734 1100 2816 corporis
1130 2741 1310 2796 actus
1349 2742 1465 2807 est,
1499 2735 1853 2798 secundum
1883 2736 2313 2811 Aristotelem,

813 2833 923 2896 sed
956 2840 1285 2914 separatur
1313 2853 1349 2895 a
1379 2834 1683 2897 sensitivo
1723 2835 1890 2897 sicut
1929 2843 2314 2917 perpetuum

813 2950 850 2993 a
882 2931 1304 3014 corruptibili.
1339 2931 1570 2994 Omnes
1601 2951 1752 2994 vero
1791 2933 2102 3013 organicae
2145 2933 2315 2994 vires

2426 1949 2601 2024 tatio,
2635 1950 2806 2032 quod
2846 1949 3171 2012 rationalis
3207 1949 3423 2012 anima
3452 1968 3580 2012 una
3608 1968 3752 2011 cum
3789 1949 3924 2011 illis

2427 2047 2888 2111 destructibilis
2932 2047 3015 2110 sit
3053 2055 3313 2130 propter
3344 2048 3509 2110 hanc
3543 2047 3927 2110 convenien-

2425 2147 2601 2209 tiam.
2637 2147 2898 2228 Propter
2936 2146 3055 2208 hoc
3087 2145 3152 2208 in
3182 2165 3465 2209 errorem
3505 2146 3925 2209 rudissimum

2426 2245 2782 2308 Alexander
2829 2244 3058 2307 ductus
3110 2253 3227 2318 est,
3268 2253 3339 2306 ut
3384 2253 3697 2307 assereret
3741 2245 3927 2307 intel-

2428 2343 2767 2408 lectualem
2796 2343 3079 2405 animam
3112 2343 3319 2426 perire
3360 2351 3669 2425 pereunte
3706 2361 3929 2426 corpo-

2428 2460 2515 2504 re.
2565 2441 2703 2504 Non
2752 2441 2926 2503 enim
2975 2439 3423 2514 consideravit,
3464 2441 3635 2522 quod
3680 2442 3929 2523 species

2428 2539 2721 2622 superior
2779 2538 2843 2600 in
2894 2539 3170 2620 quodam
3224 2538 3479 2620 penitus
3534 2539 3933 2621 supergredi-

2425 2647 2533 2700 tur
2562 2645 2853 2700 naturam
2894 2637 3271 2700 inferiorum
3311 2645 3703 2699 naturarum.
3737 2637 3931 2719 Quip-

2428 2755 2508 2819 pe
2567 2735 2990 2818 Philosophus
3042 2735 3280 2798 formas
3341 2753 3554 2796 rerum
3604 2745 3935 2818 comparat

2427 2833 2713 2896 numeris
2746 2840 2809 2895 et
2838 2833 3065 2915 figuris
3102 2849 3115 2894 :
3151 2832 3320 2895 sicut
3356 2833 3598 2895 etenim
3637 2834 3937 2915 superior

2428 2951 2735 2994 numerus
2795 2930 3166 2993 inferiorem
3234 2931 3540 3004 continet,
3600 2939 3664 2993 et
3718 2931 3935 3012 figura

814 3030 1233 3092 destruuntur
1290 3049 1550 3112 corpore
1605 3030 1950 3093 destructo.
2002 3031 2082 3093 At
2140 3049 2313 3106 vere,
2352 3031 2395 3096 C
2427 3049 2554 3093 una
2600 3030 2665 3091 in
2708 3029 2832 3091 alia
2876 3035 3172 3090 contenta
3219 3036 3337 3103 est,
3380 3036 3450 3090 ut
3491 3029 3557 3091 in
3604 3036 3937 3110 tetragono

815 3128 979 3190 sicut
1011 3136 1156 3210 post
1185 3128 1581 3192 intellectum
1613 3129 1725 3210 qui
1758 3147 1956 3210 purus
1987 3137 2166 3192 actus
2196 3137 2313 3202 est,

813 3226 978 3289 bene
1025 3227 1357 3289 ordinatur
1403 3226 1767 3289 intellectus
1819 3227 1929 3308 qui
1980 3243 2106 3289 non
2157 3245 2315 3309 pure

812 3324 1081 3387 actualis
1137 3332 1256 3398 est,
1311 3325 1421 3387 sed
1481 3325 1712 3407 partim
1765 3325 1830 3386 in
1882 3325 2166 3407 potentia
2213 3325 2312 3387 vel

814 3423 1027 3506 potius
1079 3425 1141 3486 in
1192 3424 1455 3502 habitu3
1499 3425 1590 3487 sic
1634 3431 1776 3506 post
1825 3425 1996 3486 hunc
2046 3425 2314 3506 pulchre

814 3523 1076 3604 ponitur
1106 3522 1467 3584 intellectus
1500 3523 1754 3604 penitus
1798 3522 2180 3604 potentialis
2217 3522 2316 3583 Di-

814 3621 1004 3683 vinus
1034 3628 1246 3683 autem
1278 3621 1641 3683 intellectus
1686 3640 1845 3702 pure
1887 3620 2155 3683 actualis
2196 3628 2309 3682 est.

814 3719 1256 3800 intelligentiae
1323 3738 1473 3782 vero
1531 3719 1894 3782 intellectus
1956 3719 2188 3801 partim
2247 3719 2313 3780 in

819 3819 1102 3900 potentia
1164 3825 1280 3893 est,
1340 3818 1883 3898 quemadmodum
1944 3817 2317 3899 frequenter

818 3915 1164 3976 deductum
1195 3921 1292 3977 est
1329 3921 1495 3976 ante.
1531 3914 1674 3976 Post
1710 3933 1858 3976 eum
1901 3914 2115 3995 itaque
2153 3915 2317 3977 ordi-

819 4021 966 4076 nate
1007 4014 1389 4076 constitutus
1431 4021 1528 4075 est
1567 4013 1886 4075 humanus
1928 4013 2315 4088 intellectus,

818 4111 931 4193 qui
981 4111 1334 4174 secundum
1394 4110 1876 4192 Philosophum,
1930 4110 1994 4172 in
2055 4111 2318 4174 exordio

818 4209 915 4272 sui
962 4227 1220 4291 prorsus
1265 4209 1592 4291 possibilis
1635 4216 1750 4271 est.

898 4307 1214 4389 Amplius,
1248 4325 1448 4389 quum
1494 4307 1576 4368 sit
1617 4314 1789 4368 tanta
1828 4306 2159 4370 declivitas
2201 4306 2317 4368 hu-

821 4405 991 4466 mani
1042 4404 1404 4467 intellectus
1453 4405 1518 4466 in
1566 4406 1900 4468 ordinibus
1961 4406 2318 4469 intellectu-

816 4503 1018 4566 alium
1075 4503 1520 4578 essentiarum,
1571 4505 1932 4567 necessario
1979 4505 2207 4567 finitur
2254 4505 2317 4566 in

820 4602 1034 4665 anima
1075 4601 1368 4664 rationali
1415 4600 1858 4665 intellectuum
1906 4604 2064 4665 ordo
2107 4621 2120 4664 :
2165 4621 2320 4685 quo-

819 4698 993 4761 niam
1043 4699 1201 4760 citra
1251 4697 1649 4760 intellectum
1699 4717 1857 4780 pure
1907 4699 2322 4780 potentialem

821 4796 1091 4860 inferior
1122 4797 1272 4879 poni
1305 4815 1432 4859 non
1465 4804 1692 4878 potest.
1717 4797 1896 4871 Nam,
1923 4806 1993 4860 ut
2021 4798 2110 4860 ait
2131 4799 2323 4861 Aver-

821 4915 961 4960 roes
993 4896 1181 4960 tertio
1211 4897 1290 4959 de
1319 4896 1570 4969 Anima,
1606 4896 1773 4958 sicut
1803 4915 1871 4958 se
1899 4897 2091 4959 habet
2122 4907 2321 4963 mate-

822 4997 916 5058 ria
961 4995 1169 5079 prima
1218 4994 1283 5058 in
1325 4994 1739 5057 universitate
1788 4995 2059 5068 entium,
2111 4995 2205 5058 sic
2256 5016 2323 5059 se

819 5093 1013 5156 habet
1044 5093 1407 5155 intellectus
1437 5100 1653 5154 noster
1683 5092 1748 5153 in
1781 5092 2116 5156 ordinibus
2147 5092 2328 5156 intel-

822 5191 1198 5254 lectualium
1231 5197 1622 5251 naturarum.
1661 5189 1750 5252 Ex
1780 5190 1881 5252 his
1921 5208 2181 5254 necesse
2222 5192 2321 5266 fit,

825 5289 1106 5371 speciem
1146 5307 1288 5370 quae
1326 5286 1654 5351 hominem
1707 5287 2074 5351 immediate
2122 5291 2331 5372 sequi-

2426 3129 2787 3209 trigonum3
2840 3127 2933 3188 sic
2976 3133 3330 3189 ceterarum
3370 3127 3721 3189 formarum
3764 3127 3939 3190 inie-

2426 3226 2666 3289 riorum
2719 3224 3143 3306 perfectiones
3190 3232 3256 3287 et
3299 3225 3533 3306 gradus
3592 3227 3657 3287 in
3713 3226 3941 3288 anima

2425 3323 2783 3386 virtualiter
2812 3321 3461 3404 comprehenduntur.
3499 3323 3590 3385 Ex
3620 3323 3720 3385 his
3750 3325 3943 3406 equi-

2426 3423 2572 3484 dem
2622 3421 2983 3496 innotescit,
3027 3421 3194 3503 quod
3238 3439 3276 3483 a
3319 3420 3719 3504 philosophis
3764 3423 3937 3484 anti-

2426 3521 2756 3603 quissimis
2806 3520 2997 3583 homo
3057 3519 3302 3583 ratione
3358 3519 3723 3582 intellectus
3776 3531 3937 3602 apte

2427 3618 2687 3701 ponitur
2743 3618 3011 3680 ultimus
3078 3618 3354 3680 annulus
3420 3637 3629 3682 aureae
3688 3625 3937 3683 eatenae

2426 3735 2664 3789 rerum,
2706 3723 2771 3777 et
2820 3715 3069 3798 primus
3118 3724 3355 3778 catenae
3401 3723 3732 3796 argenteae.
3782 3716 3935 3779 Om-

2426 3813 2608 3875 nium
2652 3832 2929 3895 namque
2968 3814 3331 3896 specierum
3370 3816 3547 3890 ordo,
3580 3823 3799 3878 catena
3832 3833 3939 3877 re-

2427 3930 2570 3973 rum
2616 3912 2870 3972 dicitur.
2924 3912 3045 3974 Sed
3090 3911 3591 3995 incorporalium
3638 3913 3939 3976 substan-

2427 4010 2663 4072 tiarum
2729 4017 2794 4072 et
2859 4011 3263 4092 superiorum
3337 4031 3671 4074 causarum
3744 4012 3929 4084 ordo,

2426 4127 2618 4172 aurea
2647 4117 2867 4171 catena
2910 4109 3288 4191 appellatur.
3322 4109 3557 4173 Rerum
3596 4111 3805 4174 denuo
3836 4110 3941 4173 in-

2346 4213 2397 4274 D
2431 4207 2737 4270 seriorum
2787 4215 2851 4270 et
2900 4207 3309 4270 sensibilium
3356 4227 3693 4272 causarum
3748 4210 3933 4284 orde,

2428 4313 2727 4387 argentea
2774 4314 2995 4368 catena
3043 4306 3409 4369 nominatus
3460 4315 3573 4370 est.
3620 4307 3775 4372 Cum
3828 4308 3935 4371 his

2431 4423 2665 4486 nempe
2709 4403 3011 4467 convenit
3048 4404 3240 4468 homo
3284 4406 3640 4468 secundum
3684 4407 3937 4488 organi-

2433 4523 2538 4567 cas
2568 4503 2737 4567 vires
2768 4511 2833 4566 et
2861 4503 3245 4586 temporales
3276 4504 3376 4566 sui
3405 4504 3879 4587 dispositiones

2810 4774 3300 4840 ARTICULUS
3347 4775 3556 4841 XCII.

2432 4939 2527 4997 De
2556 4943 2803 4994 natura
2840 4941 2901 4992 et
2944 4933 3369 4992 substantiali
3401 4934 3805 5009 perfectione
3836 4956 3939 4994 ra-

2516 5024 2784 5083 tionalis
2812 5023 3078 5091 animae,
3098 5024 3455 5082 secundum
3474 5023 3901 5084 Aristotelem
3918 5045 3942 5084 .-

2516 5113 2590 5170 in
2647 5130 2773 5190 quo
2828 5111 3180 5186 probatur,
3240 5113 3413 5188 quod
3470 5112 3944 5172 intellectuali-s

2516 5201 2791 5260 essentia
2839 5201 2925 5259 sit
2974 5200 3428 5259 substantialis
3470 5201 3693 5276 forma
3738 5201 3947 5261 homi-

2521 5291 2649 5360 niS,
2692 5298 2753 5350 et
2801 5297 2985 5349 accus
3024 5289 3291 5364 primus
3337 5289 3647 5366 cor-peria.
