<?xml version="1.0" encoding="UTF-8"?>
<!DOCTYPE html PUBLIC "-//W3C//DTD XHTML 1.0 Transitional//EN"
    "http://www.w3.org/TR/xhtml1/DTD/xhtml1-transitional.dtd">
<html xmlns="http://www.w3.org/1999/xhtml" xml:lang="en" lang="en">
 <head>
  <title>
</title>
<meta http-equiv="Content-Type" content="text/html;charset=utf-8" />
  <meta name='ocr-system' content='tesseract 3.04.00' />
  <meta name='ocr-capabilities' content='ocr_page ocr_carea ocr_par ocr_line ocrx_word'/>
</head>
<body>
  <div class='ocr_page' id='page_1' title='image "./doctorisecstati05unkngoog_0428.png"; bbox 0 0 4300 6259; ppageno 0'>
   <div class='ocr_carea' id='block_1_1' title="bbox 866 438 987 505">
    <p class='ocr_par' dir='ltr' id='par_1_1' title="bbox 866 438 987 505">
     <span class='ocr_line' id='line_1_1' title="bbox 866 438 987 505; baseline 0.008 -1"><span class='ocrx_word' id='word_1_1' title='bbox 866 438 987 505; x_wconf 77' lang='lat'><strong>408</strong></span> 
     </span>
    </p>
   </div>
   <div class='ocr_carea' id='block_1_2' title="bbox 1446 453 3394 510">
    <p class='ocr_par' dir='ltr' id='par_1_2' title="bbox 1446 453 3394 510">
     <span class='ocr_line' id='line_1_2' title="bbox 1446 453 3394 510; baseline -0.001 -7"><span class='ocrx_word' id='word_1_2' title='bbox 1446 456 1523 503; x_wconf 74' lang='lat' dir='ltr'><strong>DE</strong></span> <span class='ocrx_word' id='word_1_3' title='bbox 1566 455 1793 504; x_wconf 73' lang='lat' dir='ltr'><strong>LUfflNE</strong></span> <span class='ocrx_word' id='word_1_4' title='bbox 1836 454 2218 501; x_wconf 72' lang='lat' dir='ltr'><strong>cnmsTmNAE</strong></span> <span class='ocrx_word' id='word_1_5' title='bbox 2259 453 2560 510; x_wconf 60' lang='lat' dir='ltr'><strong>mmmm,</strong></span> <span class='ocrx_word' id='word_1_6' title='bbox 2605 453 2782 499; x_wconf 83' lang='lat' dir='ltr'>LIBER</span> <span class='ocrx_word' id='word_1_7' title='bbox 2823 455 2884 501; x_wconf 80' lang='lat' dir='ltr'><strong>ll.</strong></span> <span class='ocrx_word' id='word_1_8' title='bbox 2935 473 3011 483; x_wconf 91' lang='grc'><strong>-·</strong></span> <span class='ocrx_word' id='word_1_9' title='bbox 3052 455 3192 500; x_wconf 75' lang='lat' dir='ltr'><strong>ART.</strong></span> <span class='ocrx_word' id='word_1_10' title='bbox 3239 455 3394 501; x_wconf 83' lang='lat' dir='ltr'>xvlll</span> 
     </span>
    </p>
   </div>
   <div class='ocr_carea' id='block_1_3' title="bbox 866 622 3935 711">
    <p class='ocr_par' dir='ltr' id='par_1_3' title="bbox 866 622 3935 711">
     <span class='ocr_line' id='line_1_3' title="bbox 866 622 3935 711; baseline -0.002 -19"><span class='ocrx_word' id='word_1_11' title='bbox 866 648 948 693; x_wconf 89' lang='lat' dir='ltr'><strong>ne</strong></span> <span class='ocrx_word' id='word_1_12' title='bbox 994 647 1008 692; x_wconf 71' lang='grc' dir='ltr'>ε</span> <span class='ocrx_word' id='word_1_13' title='bbox 1057 628 1299 711; x_wconf 83' lang='lat' dir='ltr'><strong>alioqui</strong></span> <span class='ocrx_word' id='word_1_14' title='bbox 1349 627 1415 690; x_wconf 90' lang='lat' dir='ltr'><strong>in</strong></span> <span class='ocrx_word' id='word_1_15' title='bbox 1468 625 1881 689; x_wconf 78' lang='lat' dir='ltr'><strong>universitate</strong></span> <span class='ocrx_word' id='word_1_16' title='bbox 1930 644 2145 688; x_wconf 88' lang='lat' dir='ltr'><strong>rerum</strong></span> <span class='ocrx_word' id='word_1_17' title='bbox 2195 632 2364 687; x_wconf 86' lang='lat' dir='ltr'><strong>esset</strong></span> <span class='ocrx_word' id='word_1_18' title='bbox 2393 622 2444 687; x_wconf 78' lang='lat' dir='ltr'><strong>A</strong></span> <span class='ocrx_word' id='word_1_19' title='bbox 2475 625 2665 687; x_wconf 89' lang='lat' dir='ltr'><strong>estin</strong></span> <span class='ocrx_word' id='word_1_20' title='bbox 2697 624 3188 699; x_wconf 88' lang='lat' dir='ltr'><strong>intellectu,non</strong></span> <span class='ocrx_word' id='word_1_21' title='bbox 3219 632 3318 689; x_wconf 89' lang='lat' dir='ltr'><strong>est</strong></span> <span class='ocrx_word' id='word_1_22' title='bbox 3346 624 3538 687; x_wconf 89' lang='lat' dir='ltr'><strong>homo</strong></span> <span class='ocrx_word' id='word_1_23' title='bbox 3563 626 3935 709; x_wconf 87' lang='lat' dir='ltr'><strong>simpliciter,</strong></span> 
     </span>
    </p>
   </div>
   <div class='ocr_carea' id='block_1_4' title="bbox 864 724 2368 1695">
    <p class='ocr_par' dir='ltr' id='par_1_4' title="bbox 864 724 2368 1695">
     <span class='ocr_line' id='line_1_4' title="bbox 864 724 2366 810; baseline -0.003 -21"><span class='ocrx_word' id='word_1_24' title='bbox 864 727 1110 810; x_wconf 86' lang='lat' dir='ltr'><strong>aliquid</strong></span> <span class='ocrx_word' id='word_1_25' title='bbox 1155 726 1287 790; x_wconf 89' lang='lat' dir='ltr'><strong>fine</strong></span> <span class='ocrx_word' id='word_1_26' title='bbox 1332 744 1575 799; x_wconf 86' lang='lat' dir='ltr'><strong>carens,</strong></span> <span class='ocrx_word' id='word_1_27' title='bbox 1620 724 2051 787; x_wconf 86' lang='lat' dir='ltr'><strong>inordinatum</strong></span> <span class='ocrx_word' id='word_1_28' title='bbox 2094 742 2167 786; x_wconf 95' lang='lat' dir='ltr'><strong>ac</strong></span> <span class='ocrx_word' id='word_1_29' title='bbox 2208 724 2366 786; x_wconf 88' lang='lat' dir='ltr'><strong>otio-</strong></span> 
     </span>
     <span class='ocr_line' id='line_1_5' title="bbox 866 822 2366 908; baseline -0.004 -20"><span class='ocrx_word' id='word_1_30' title='bbox 866 846 1031 889; x_wconf 87' lang='lat' dir='ltr'><strong>sum.</strong></span> <span class='ocrx_word' id='word_1_31' title='bbox 1088 827 1201 888; x_wconf 89' lang='lat' dir='ltr'><strong>Per</strong></span> <span class='ocrx_word' id='word_1_32' title='bbox 1258 824 1694 908; x_wconf 83' lang='lat' dir='ltr'><strong>operationem</strong></span> <span class='ocrx_word' id='word_1_33' title='bbox 1747 841 2046 905; x_wconf 89' lang='lat' dir='ltr'><strong>namque,</strong></span> <span class='ocrx_word' id='word_1_34' title='bbox 2099 822 2176 883; x_wconf 91' lang='lat' dir='ltr'><strong>ad</strong></span> <span class='ocrx_word' id='word_1_35' title='bbox 2229 840 2366 903; x_wconf 88' lang='lat' dir='ltr'><strong>pro·</strong></span> 
     </span>
     <span class='ocr_line' id='line_1_6' title="bbox 868 920 2364 1007; baseline -0.002 -21"><span class='ocrx_word' id='word_1_36' title='bbox 868 926 1079 1007; x_wconf 90' lang='lat' dir='ltr'><strong>prium</strong></span> <span class='ocrx_word' id='word_1_37' title='bbox 1132 924 1332 987; x_wconf 87' lang='lat' dir='ltr'><strong>finem</strong></span> <span class='ocrx_word' id='word_1_38' title='bbox 1385 922 1687 1005; x_wconf 87' lang='lat' dir='ltr'><strong>pertingit</strong></span> <span class='ocrx_word' id='word_1_39' title='bbox 1734 921 2257 1003; x_wconf 88' lang='lat' dir='ltr'><strong>unumquodque.</strong></span> <span class='ocrx_word' id='word_1_40' title='bbox 2302 920 2364 983; x_wconf 93' lang='lat' dir='ltr'><strong>Si</strong></span> 
     </span>
     <span class='ocr_line' id='line_1_7' title="bbox 869 1019 2365 1105; baseline -0.003 -20"><span class='ocrx_word' id='word_1_41' title='bbox 869 1022 1065 1105; x_wconf 89' lang='lat' dir='ltr'><strong>igitur</strong></span> <span class='ocrx_word' id='word_1_42' title='bbox 1106 1022 1543 1105; x_wconf 88' lang='lat' dir='ltr'><strong>operationem</strong></span> <span class='ocrx_word' id='word_1_43' title='bbox 1588 1040 1715 1083; x_wconf 90' lang='lat' dir='ltr'><strong>non</strong></span> <span class='ocrx_word' id='word_1_44' title='bbox 1761 1020 1972 1093; x_wconf 87' lang='lat' dir='ltr'><strong>habet,</strong></span> <span class='ocrx_word' id='word_1_45' title='bbox 2006 1038 2215 1103; x_wconf 89' lang='lat' dir='ltr'><strong>neque</strong></span> <span class='ocrx_word' id='word_1_46' title='bbox 2249 1019 2365 1081; x_wconf 89' lang='lat' dir='ltr'><strong>fini</strong></span> 
     </span>
     <span class='ocr_line' id='line_1_8' title="bbox 870 1120 2368 1205; baseline -0.003 -20"><span class='ocrx_word' id='word_1_47' title='bbox 870 1140 986 1185; x_wconf 91' lang='lat' dir='ltr'><strong>suo</strong></span> <span class='ocrx_word' id='word_1_48' title='bbox 1045 1122 1277 1205; x_wconf 90' lang='lat' dir='ltr'><strong>poterit</strong></span> <span class='ocrx_word' id='word_1_49' title='bbox 1335 1120 1640 1203; x_wconf 90' lang='lat' dir='ltr'><strong>copulari.</strong></span> <span class='ocrx_word' id='word_1_50' title='bbox 1694 1120 1904 1192; x_wconf 89' lang='lat' dir='ltr'><strong>Porr0,</strong></span> <span class='ocrx_word' id='word_1_51' title='bbox 1957 1137 2085 1200; x_wconf 89' lang='lat' dir='ltr'><strong>quo</strong></span> <span class='ocrx_word' id='word_1_52' title='bbox 2143 1126 2368 1181; x_wconf 88' lang='lat' dir='ltr'><strong>natura</strong></span> 
     </span>
     <span class='ocr_line' id='line_1_9' title="bbox 869 1217 2367 1302; baseline -0.003 -21"><span class='ocrx_word' id='word_1_53' title='bbox 869 1220 1269 1302; x_wconf 84' lang='lat' dir='ltr'><strong>praestantior</strong></span> <span class='ocrx_word' id='word_1_54' title='bbox 1326 1218 1542 1292; x_wconf 84' lang='lat' dir='ltr'><strong>fuerit,</strong></span> <span class='ocrx_word' id='word_1_55' title='bbox 1594 1235 1671 1280; x_wconf 92' lang='lat' dir='ltr'><strong>eo</strong></span> <span class='ocrx_word' id='word_1_56' title='bbox 1730 1217 2066 1280; x_wconf 84' lang='lat' dir='ltr'><strong>fecundior</strong></span> <span class='ocrx_word' id='word_1_57' title='bbox 2123 1224 2241 1289; x_wconf 87' lang='lat' dir='ltr'><strong>est,</strong></span> <span class='ocrx_word' id='word_1_58' title='bbox 2304 1224 2367 1279; x_wconf 88' lang='lat' dir='ltr'><strong>et</strong></span> 
     </span>
     <span class='ocr_line' id='line_1_10' title="bbox 868 1314 2367 1400; baseline -0.004 -19"><span class='ocrx_word' id='word_1_59' title='bbox 868 1319 1191 1383; x_wconf 82' lang='lat' dir='ltr'><strong>emanatio</strong></span> <span class='ocrx_word' id='word_1_60' title='bbox 1232 1318 1373 1400; x_wconf 90' lang='lat' dir='ltr'><strong>ejus</strong></span> <span class='ocrx_word' id='word_1_61' title='bbox 1426 1316 1783 1380; x_wconf 84' lang='lat' dir='ltr'><strong>sublimior.</strong></span> <span class='ocrx_word' id='word_1_62' title='bbox 1828 1317 1983 1379; x_wconf 87' lang='lat' dir='ltr'><strong>Nam</strong></span> <span class='ocrx_word' id='word_1_63' title='bbox 2028 1324 2093 1379; x_wconf 90' lang='lat' dir='ltr'><strong>et</strong></span> <span class='ocrx_word' id='word_1_64' title='bbox 2136 1316 2201 1377; x_wconf 89' lang='lat' dir='ltr'><strong>in</strong></span> <span class='ocrx_word' id='word_1_65' title='bbox 2244 1314 2367 1377; x_wconf 91' lang='lat' dir='ltr'><strong>ele-</strong></span> 
     </span>
     <span class='ocr_line' id='line_1_11' title="bbox 871 1414 2368 1499; baseline -0.003 -19"><span class='ocrx_word' id='word_1_66' title='bbox 871 1418 1127 1492; x_wconf 81' lang='lat' dir='ltr'><strong>mentiS,</strong></span> <span class='ocrx_word' id='word_1_67' title='bbox 1173 1417 1338 1499; x_wconf 90' lang='lat' dir='ltr'><strong>ignis</strong></span> <span class='ocrx_word' id='word_1_68' title='bbox 1383 1424 1447 1479; x_wconf 91' lang='lat' dir='ltr'><strong>et</strong></span> <span class='ocrx_word' id='word_1_69' title='bbox 1488 1434 1596 1478; x_wconf 90' lang='lat' dir='ltr'><strong>aer</strong></span> <span class='ocrx_word' id='word_1_70' title='bbox 1639 1415 1945 1477; x_wconf 88' lang='lat' dir='ltr'><strong>dicuntur</strong></span> <span class='ocrx_word' id='word_1_71' title='bbox 1998 1414 2227 1489; x_wconf 83' lang='lat' dir='ltr'><strong>activa,</strong></span> <span class='ocrx_word' id='word_1_72' title='bbox 2275 1421 2368 1474; x_wconf 90' lang='lat' dir='ltr'><strong>ut-</strong></span> 
     </span>
     <span class='ocr_line' id='line_1_12' title="bbox 868 1511 2368 1599; baseline -0.003 -21"><span class='ocrx_word' id='word_1_73' title='bbox 868 1524 1023 1599; x_wconf 85' lang='lat' dir='ltr'><strong>puta</strong></span> <span class='ocrx_word' id='word_1_74' title='bbox 1082 1516 1233 1597; x_wconf 89' lang='lat' dir='ltr'><strong>quia</strong></span> <span class='ocrx_word' id='word_1_75' title='bbox 1289 1513 1678 1588; x_wconf 82' lang='lat' dir='ltr'><strong>formaliora,</strong></span> <span class='ocrx_word' id='word_1_76' title='bbox 1741 1521 1803 1575; x_wconf 90' lang='lat' dir='ltr'><strong>et</strong></span> <span class='ocrx_word' id='word_1_77' title='bbox 1862 1513 2031 1575; x_wconf 91' lang='lat' dir='ltr'><strong>mole</strong></span> <span class='ocrx_word' id='word_1_78' title='bbox 2089 1511 2368 1574; x_wconf 84' lang='lat' dir='ltr'><strong>materiae</strong></span> 
     </span>
     <span class='ocr_line' id='line_1_13' title="bbox 872 1614 2368 1695; baseline -0.003 -19"><span class='ocrx_word' id='word_1_79' title='bbox 872 1614 1086 1676; x_wconf 90' lang='lat' dir='ltr'><strong>minus</strong></span> <span class='ocrx_word' id='word_1_80' title='bbox 1128 1630 1475 1695; x_wconf 85' lang='lat' dir='ltr'><strong>oppressa3</strong></span> <span class='ocrx_word' id='word_1_81' title='bbox 1506 1631 1671 1693; x_wconf 90' lang='lat' dir='ltr'><strong>aqua</strong></span> <span class='ocrx_word' id='word_1_82' title='bbox 1710 1629 1860 1674; x_wconf 83' lang='lat' dir='ltr'><strong>vero</strong></span> <span class='ocrx_word' id='word_1_83' title='bbox 1906 1618 1971 1673; x_wconf 88' lang='lat' dir='ltr'><strong>et</strong></span> <span class='ocrx_word' id='word_1_84' title='bbox 2016 1617 2185 1673; x_wconf 90' lang='lat' dir='ltr'><strong>terra</strong></span> <span class='ocrx_word' id='word_1_85' title='bbox 2232 1630 2368 1691; x_wconf 87' lang='lat' dir='ltr'><strong>pas-</strong></span> 
     </span>
    </p>
   </div>
   <div class='ocr_carea' id='block_1_5' title="bbox 2475 725 3942 1694">
    <p class='ocr_par' dir='ltr' id='par_1_5' title="bbox 2475 725 3942 1694">
     <span class='ocr_line' id='line_1_14' title="bbox 2475 725 3933 808; baseline 0.001 -21"><span class='ocrx_word' id='word_1_86' title='bbox 2475 726 2584 787; x_wconf 86' lang='lat' dir='ltr'><strong>sed</strong></span> <span class='ocrx_word' id='word_1_87' title='bbox 2643 725 2997 788; x_wconf 87' lang='lat' dir='ltr'><strong>similitudo</strong></span> <span class='ocrx_word' id='word_1_88' title='bbox 3045 744 3118 788; x_wconf 89' lang='lat' dir='ltr'><strong>ac</strong></span> <span class='ocrx_word' id='word_1_89' title='bbox 3169 726 3418 808; x_wconf 88' lang='lat' dir='ltr'><strong>species</strong></span> <span class='ocrx_word' id='word_1_90' title='bbox 3475 726 3730 790; x_wconf 89' lang='lat' dir='ltr'><strong>bominis</strong></span> <span class='ocrx_word' id='word_1_91' title='bbox 3789 728 3933 789; x_wconf 87' lang='lat' dir='ltr'><strong>veri.</strong></span> 
     </span>
     <span class='ocr_line' id='line_1_15' title="bbox 2475 823 3939 907; baseline 0.001 -22"><span class='ocrx_word' id='word_1_92' title='bbox 2475 824 2602 886; x_wconf 86' lang='lat' dir='ltr'><strong>Hoc</strong></span> <span class='ocrx_word' id='word_1_93' title='bbox 2655 823 2846 904; x_wconf 88' lang='lat' dir='ltr'><strong>igitur</strong></span> <span class='ocrx_word' id='word_1_94' title='bbox 2893 825 3062 907; x_wconf 92' lang='lat' dir='ltr'><strong>quod</strong></span> <span class='ocrx_word' id='word_1_95' title='bbox 3121 824 3380 887; x_wconf 87' lang='lat' dir='ltr'><strong>divinus</strong></span> <span class='ocrx_word' id='word_1_96' title='bbox 3441 824 3778 889; x_wconf 89' lang='lat' dir='ltr'><strong>intellectus</strong></span> <span class='ocrx_word' id='word_1_97' title='bbox 3833 844 3939 907; x_wconf 91' lang='lat' dir='ltr'><strong>per</strong></span> 
     </span>
     <span class='ocr_line' id='line_1_16' title="bbox 2478 923 3936 1006; baseline 0.001 -23"><span class='ocrx_word' id='word_1_98' title='bbox 2478 923 2800 1004; x_wconf 85' lang='lat' dir='ltr'><strong>propriam</strong></span> <span class='ocrx_word' id='word_1_99' title='bbox 2833 924 3174 986; x_wconf 86' lang='lat' dir='ltr'><strong>essentiam</strong></span> <span class='ocrx_word' id='word_1_100' title='bbox 3217 931 3448 986; x_wconf 89' lang='lat' dir='ltr'><strong>cuncta</strong></span> <span class='ocrx_word' id='word_1_101' title='bbox 3486 923 3846 1006; x_wconf 80' lang='lat' dir='ltr'><strong>intelligenS,</strong></span> <span class='ocrx_word' id='word_1_102' title='bbox 3877 924 3936 985; x_wconf 88' lang='lat' dir='ltr'><strong>in</strong></span> 
     </span>
     <span class='ocr_line' id='line_1_17' title="bbox 2478 1020 3942 1105; baseline 0 -24"><span class='ocrx_word' id='word_1_103' title='bbox 2478 1040 2544 1082; x_wconf 92' lang='lat' dir='ltr'><strong>se</strong></span> <span class='ocrx_word' id='word_1_104' title='bbox 2587 1020 2724 1102; x_wconf 93' lang='lat' dir='ltr'><strong>ipso</strong></span> <span class='ocrx_word' id='word_1_105' title='bbox 2763 1021 3045 1103; x_wconf 86' lang='lat' dir='ltr'><strong>concipit</strong></span> <span class='ocrx_word' id='word_1_106' title='bbox 3084 1023 3161 1084; x_wconf 89' lang='lat' dir='ltr'><strong>de</strong></span> <span class='ocrx_word' id='word_1_107' title='bbox 3207 1040 3275 1084; x_wconf 90' lang='lat' dir='ltr'><strong>re</strong></span> <span class='ocrx_word' id='word_1_108' title='bbox 3320 1022 3632 1085; x_wconf 83' lang='lat' dir='ltr'><strong>intellecta</strong></span> <span class='ocrx_word' id='word_1_109' title='bbox 3671 1042 3806 1105; x_wconf 82' lang='lat' dir='ltr'><strong>quae</strong></span> <span class='ocrx_word' id='word_1_110' title='bbox 3851 1030 3942 1083; x_wconf 85' lang='lat' dir='ltr'><strong>est</strong></span> 
     </span>
     <span class='ocr_line' id='line_1_18' title="bbox 2480 1118 3936 1203; baseline 0.002 -23"><span class='ocrx_word' id='word_1_111' title='bbox 2480 1118 2616 1200; x_wconf 87' lang='lat' dir='ltr'><strong>ipse</strong></span> <span class='ocrx_word' id='word_1_112' title='bbox 2646 1120 2834 1194; x_wconf 83' lang='lat' dir='ltr'><strong>DeuS,</strong></span> <span class='ocrx_word' id='word_1_113' title='bbox 2868 1120 3010 1194; x_wconf 91' lang='lat' dir='ltr'><strong>hoc,</strong></span> <span class='ocrx_word' id='word_1_114' title='bbox 3046 1120 3332 1203; x_wconf 88' lang='lat' dir='ltr'><strong>inquam,</strong></span> <span class='ocrx_word' id='word_1_115' title='bbox 3366 1129 3464 1184; x_wconf 87' lang='lat' dir='ltr'><strong>est</strong></span> <span class='ocrx_word' id='word_1_116' title='bbox 3498 1121 3756 1185; x_wconf 80' lang='lat' dir='ltr'><strong>Verbum</strong></span> <span class='ocrx_word' id='word_1_117' title='bbox 3784 1121 3890 1183; x_wconf 91' lang='lat' dir='ltr'><strong>Dei</strong></span> <span class='ocrx_word' id='word_1_118' title='bbox 3923 1139 3936 1183; x_wconf 91' lang='lat'><strong>:</strong></span> 
     </span>
     <span class='ocr_line' id='line_1_19' title="bbox 2480 1216 3940 1301; baseline 0.002 -24"><span class='ocrx_word' id='word_1_119' title='bbox 2480 1216 2645 1280; x_wconf 91' lang='lat' dir='ltr'><strong>sicut</strong></span> <span class='ocrx_word' id='word_1_120' title='bbox 2684 1226 2743 1280; x_wconf 92' lang='lat' dir='ltr'><strong>et</strong></span> <span class='ocrx_word' id='word_1_121' title='bbox 2785 1219 2849 1281; x_wconf 92' lang='lat' dir='ltr'><strong>in</strong></span> <span class='ocrx_word' id='word_1_122' title='bbox 2896 1227 3109 1281; x_wconf 90' lang='lat' dir='ltr'><strong>mente</strong></span> <span class='ocrx_word' id='word_1_123' title='bbox 3147 1227 3383 1293; x_wconf 87' lang='lat' dir='ltr'><strong>nostra,</strong></span> <span class='ocrx_word' id='word_1_124' title='bbox 3417 1221 3538 1282; x_wconf 91' lang='lat' dir='ltr'><strong>hoc</strong></span> <span class='ocrx_word' id='word_1_125' title='bbox 3581 1221 3730 1301; x_wconf 87' lang='lat' dir='ltr'><strong>quod</strong></span> <span class='ocrx_word' id='word_1_126' title='bbox 3771 1238 3940 1281; x_wconf 88' lang='lat' dir='ltr'><strong>mens</strong></span> 
     </span>
     <span class='ocr_line' id='line_1_20' title="bbox 2482 1318 3940 1401; baseline 0.001 -24"><span class='ocrx_word' id='word_1_127' title='bbox 2482 1323 2694 1379; x_wconf 90' lang='lat' dir='ltr'><strong>nostra</strong></span> <span class='ocrx_word' id='word_1_128' title='bbox 2724 1318 2801 1379; x_wconf 92' lang='lat' dir='ltr'><strong>de</strong></span> <span class='ocrx_word' id='word_1_129' title='bbox 2833 1337 2899 1379; x_wconf 92' lang='lat' dir='ltr'><strong>re</strong></span> <span class='ocrx_word' id='word_1_130' title='bbox 2942 1318 3194 1399; x_wconf 88' lang='lat' dir='ltr'><strong>cognita</strong></span> <span class='ocrx_word' id='word_1_131' title='bbox 3233 1319 3538 1401; x_wconf 85' lang='lat' dir='ltr'><strong>concipit,</strong></span> <span class='ocrx_word' id='word_1_132' title='bbox 3571 1319 3786 1381; x_wconf 90' lang='lat' dir='ltr'><strong>dicitur</strong></span> <span class='ocrx_word' id='word_1_133' title='bbox 3813 1336 3940 1380; x_wconf 75' lang='lat' dir='ltr'><strong>ver·</strong></span> 
     </span>
     <span class='ocr_line' id='line_1_21' title="bbox 2483 1412 3942 1489; baseline 0 -14"><span class='ocrx_word' id='word_1_134' title='bbox 2483 1412 2635 1475; x_wconf 90' lang='lat' dir='ltr'><strong>bum</strong></span> <span class='ocrx_word' id='word_1_135' title='bbox 2684 1416 2938 1489; x_wconf 86' lang='lat' dir='ltr'><strong>mentis,</strong></span> <span class='ocrx_word' id='word_1_136' title='bbox 2986 1417 3145 1479; x_wconf 91' lang='lat' dir='ltr'><strong>ratio</strong></span> <span class='ocrx_word' id='word_1_137' title='bbox 3188 1435 3260 1479; x_wconf 86' lang='lat' dir='ltr'><strong>ac</strong></span> <span class='ocrx_word' id='word_1_138' title='bbox 3311 1416 3655 1478; x_wconf 85' lang='lat' dir='ltr'><strong>similitudo</strong></span> <span class='ocrx_word' id='word_1_139' title='bbox 3700 1424 3762 1479; x_wconf 88' lang='lat' dir='ltr'><strong>et</strong></span> <span class='ocrx_word' id='word_1_140' title='bbox 3817 1424 3942 1477; x_wconf 88' lang='lat' dir='ltr'><strong>tan·</strong></span> 
     </span>
     <span class='ocr_line' id='line_1_22' title="bbox 2481 1514 3938 1595; baseline -0.001 -21"><span class='ocrx_word' id='word_1_141' title='bbox 2481 1532 2672 1594; x_wconf 88' lang='lat' dir='ltr'><strong>quam</strong></span> <span class='ocrx_word' id='word_1_142' title='bbox 2745 1514 2956 1595; x_wconf 91' lang='lat' dir='ltr'><strong>proles</strong></span> <span class='ocrx_word' id='word_1_143' title='bbox 3031 1515 3413 1577; x_wconf 70' lang='lat' dir='ltr'><strong>intellectus</strong></span> <span class='ocrx_word' id='word_1_144' title='bbox 3487 1516 3690 1595; x_wconf 87' lang='lat' dir='ltr'><strong>ltaque</strong></span> <span class='ocrx_word' id='word_1_145' title='bbox 3749 1514 3938 1577; x_wconf 78' lang='lat' dir='ltr'><strong>divini</strong></span> 
     </span>
     <span class='ocr_line' id='line_1_23' title="bbox 2478 1610 3942 1694; baseline 0.002 -24"><span class='ocrx_word' id='word_1_146' title='bbox 2478 1610 2668 1671; x_wconf 82' lang='lat' dir='ltr'><strong>Verbi</strong></span> <span class='ocrx_word' id='word_1_147' title='bbox 2700 1612 3023 1692; x_wconf 90' lang='lat' dir='ltr'><strong>generatio</strong></span> <span class='ocrx_word' id='word_1_148' title='bbox 3051 1612 3225 1674; x_wconf 86' lang='lat' dir='ltr'><strong>aliud</strong></span> <span class='ocrx_word' id='word_1_149' title='bbox 3257 1630 3384 1675; x_wconf 92' lang='lat' dir='ltr'><strong>non</strong></span> <span class='ocrx_word' id='word_1_150' title='bbox 3416 1620 3513 1675; x_wconf 86' lang='lat' dir='ltr'><strong>est</strong></span> <span class='ocrx_word' id='word_1_151' title='bbox 3549 1631 3723 1694; x_wconf 88' lang='lat' dir='ltr'><strong>quam</strong></span> <span class='ocrx_word' id='word_1_152' title='bbox 3761 1611 3942 1673; x_wconf 90' lang='lat' dir='ltr'><strong>dictio</strong></span> 
     </span>
    </p>
   </div>
   <div class='ocr_carea' id='block_1_6' title="bbox 870 1709 3944 1990">
    <p class='ocr_par' dir='ltr' id='par_1_6' title="bbox 870 1709 3944 1990">
     <span class='ocr_line' id='line_1_24' title="bbox 870 1709 3944 1793; baseline -0.001 -19"><span class='ocrx_word' id='word_1_153' title='bbox 870 1712 1006 1775; x_wconf 91' lang='lat' dir='ltr'><strong>siva</strong></span> <span class='ocrx_word' id='word_1_154' title='bbox 1054 1719 1225 1785; x_wconf 89' lang='lat' dir='ltr'><strong>sunt,</strong></span> <span class='ocrx_word' id='word_1_155' title='bbox 1276 1710 1427 1792; x_wconf 89' lang='lat' dir='ltr'><strong>quia</strong></span> <span class='ocrx_word' id='word_1_156' title='bbox 1478 1709 1903 1773; x_wconf 88' lang='lat' dir='ltr'><strong>materialiora</strong></span> <span class='ocrx_word' id='word_1_157' title='bbox 1938 1727 1952 1771; x_wconf 91' lang='lat'><strong>:</strong></span> <span class='ocrx_word' id='word_1_158' title='bbox 1986 1728 2112 1771; x_wconf 91' lang='lat' dir='ltr'><strong>non</strong></span> <span class='ocrx_word' id='word_1_159' title='bbox 2157 1717 2366 1771; x_wconf 87' lang='lat' dir='ltr'><strong>tamen</strong></span> <span class='ocrx_word' id='word_1_160' title='bbox 2481 1716 2543 1771; x_wconf 91' lang='lat' dir='ltr'><strong>et</strong></span> <span class='ocrx_word' id='word_1_161' title='bbox 2593 1710 2920 1791; x_wconf 86' lang='lat' dir='ltr'><strong>expressio</strong></span> <span class='ocrx_word' id='word_1_162' title='bbox 2969 1729 3094 1793; x_wconf 88' lang='lat' dir='ltr'><strong>qua</strong></span> <span class='ocrx_word' id='word_1_163' title='bbox 3150 1710 3316 1774; x_wconf 91' lang='lat' dir='ltr'><strong>Deus</strong></span> <span class='ocrx_word' id='word_1_164' title='bbox 3373 1711 3451 1772; x_wconf 90' lang='lat' dir='ltr'><strong>ad</strong></span> <span class='ocrx_word' id='word_1_165' title='bbox 3499 1729 3570 1773; x_wconf 92' lang='lat' dir='ltr'><strong>se</strong></span> <span class='ocrx_word' id='word_1_166' title='bbox 3621 1710 3816 1792; x_wconf 90' lang='lat' dir='ltr'><strong>ipsum</strong></span> <span class='ocrx_word' id='word_1_167' title='bbox 3872 1709 3944 1771; x_wconf 93' lang='lat' dir='ltr'><strong>lo-</strong></span> 
     </span>
     <span class='ocr_line' id='line_1_25' title="bbox 870 1806 3942 1893; baseline -0.001 -21"><span class='ocrx_word' id='word_1_168' title='bbox 870 1829 1131 1893; x_wconf 90' lang='lat' dir='ltr'><strong>prorsus</strong></span> <span class='ocrx_word' id='word_1_169' title='bbox 1162 1808 1413 1891; x_wconf 86' lang='lat' dir='ltr'><strong>passiva</strong></span> <span class='ocrx_word' id='word_1_170' title='bbox 1443 1815 1608 1871; x_wconf 92' lang='lat' dir='ltr'><strong>sunt.</strong></span> <span class='ocrx_word' id='word_1_171' title='bbox 1634 1808 1721 1869; x_wconf 82' lang='lat' dir='ltr'><strong>Ex</strong></span> <span class='ocrx_word' id='word_1_172' title='bbox 1753 1807 1853 1869; x_wconf 91' lang='lat' dir='ltr'><strong>his</strong></span> <span class='ocrx_word' id='word_1_173' title='bbox 1884 1814 2096 1870; x_wconf 88' lang='lat' dir='ltr'><strong>autem</strong></span> <span class='ocrx_word' id='word_1_174' title='bbox 2129 1826 2270 1888; x_wconf 83' lang='lat' dir='ltr'><strong>quae</strong></span> <span class='ocrx_word' id='word_1_175' title='bbox 2304 1806 2368 1868; x_wconf 90' lang='lat' dir='ltr'><strong>in</strong></span> <span class='ocrx_word' id='word_1_176' title='bbox 2397 1807 2444 1868; x_wconf 93' lang='lat' dir='ltr'>B</span> <span class='ocrx_word' id='word_1_177' title='bbox 2485 1807 2722 1888; x_wconf 88' lang='lat' dir='ltr'><strong>quitur.</strong></span> <span class='ocrx_word' id='word_1_178' title='bbox 2788 1808 2862 1871; x_wconf 85' lang='lat' dir='ltr'><strong>Et</strong></span> <span class='ocrx_word' id='word_1_179' title='bbox 2909 1809 3078 1889; x_wconf 89' lang='lat' dir='ltr'><strong>quod</strong></span> <span class='ocrx_word' id='word_1_180' title='bbox 3135 1809 3330 1889; x_wconf 90' lang='lat' dir='ltr'><strong>hujus</strong></span> <span class='ocrx_word' id='word_1_181' title='bbox 3396 1809 3618 1871; x_wconf 78' lang='lat' dir='ltr'><strong>activae</strong></span> <span class='ocrx_word' id='word_1_182' title='bbox 3667 1807 3942 1869; x_wconf 88' lang='lat' dir='ltr'><strong>dictionis</strong></span> 
     </span>
     <span class='ocr_line' id='line_1_26' title="bbox 872 1905 3944 1990; baseline -0.001 -21"><span class='ocrx_word' id='word_1_183' title='bbox 872 1908 1081 1990; x_wconf 89' lang='lat' dir='ltr'><strong>primo</strong></span> <span class='ocrx_word' id='word_1_184' title='bbox 1139 1906 1303 1969; x_wconf 91' lang='lat' dir='ltr'><strong>libro</strong></span> <span class='ocrx_word' id='word_1_185' title='bbox 1362 1906 1439 1969; x_wconf 92' lang='lat' dir='ltr'><strong>de</strong></span> <span class='ocrx_word' id='word_1_186' title='bbox 1500 1906 1796 1987; x_wconf 87' lang='lat' dir='ltr'><strong>puritate,</strong></span> <span class='ocrx_word' id='word_1_187' title='bbox 1852 1905 2248 1986; x_wconf 89' lang='lat' dir='ltr'><strong>plenitudine</strong></span> <span class='ocrx_word' id='word_1_188' title='bbox 2308 1912 2371 1965; x_wconf 91' lang='lat' dir='ltr'><strong>et</strong></span> <span class='ocrx_word' id='word_1_189' title='bbox 2483 1906 2729 1987; x_wconf 87' lang='lat' dir='ltr'><strong>paterni</strong></span> <span class='ocrx_word' id='word_1_190' title='bbox 2783 1906 3143 1969; x_wconf 88' lang='lat' dir='ltr'><strong>intellectus</strong></span> <span class='ocrx_word' id='word_1_191' title='bbox 3186 1906 3500 1969; x_wconf 87' lang='lat' dir='ltr'><strong>terminus</strong></span> <span class='ocrx_word' id='word_1_192' title='bbox 3543 1914 3654 1978; x_wconf 91' lang='lat' dir='ltr'><strong>est,</strong></span> <span class='ocrx_word' id='word_1_193' title='bbox 3697 1906 3810 1968; x_wconf 90' lang='lat' dir='ltr'><strong>hoc</strong></span> <span class='ocrx_word' id='word_1_194' title='bbox 3857 1912 3944 1966; x_wconf 89' lang='lat' dir='ltr'><strong>est</strong></span> 
     </span>
    </p>
   </div>
   <div class='ocr_carea' id='block_1_7' title="bbox 871 2003 2376 2479">
    <p class='ocr_par' dir='ltr' id='par_1_7' title="bbox 871 2003 2376 2479">
     <span class='ocr_line' id='line_1_27' title="bbox 872 2003 2373 2089; baseline -0.003 -22"><span class='ocrx_word' id='word_1_195' title='bbox 872 2004 1265 2089; x_wconf 77' lang='lat' dir='ltr'><strong>perfectione</strong></span> <span class='ocrx_word' id='word_1_196' title='bbox 1296 2004 1407 2066; x_wconf 90' lang='lat' dir='ltr'><strong>Dei</strong></span> <span class='ocrx_word' id='word_1_197' title='bbox 1440 2003 1662 2066; x_wconf 86' lang='lat' dir='ltr'><strong>tradita</strong></span> <span class='ocrx_word' id='word_1_198' title='bbox 1696 2003 2172 2083; x_wconf 89' lang='lat' dir='ltr'><strong>sunt,congruit</strong></span> <span class='ocrx_word' id='word_1_199' title='bbox 2202 2020 2373 2064; x_wconf 89' lang='lat' dir='ltr'><strong>nunc</strong></span> 
     </span>
     <span class='ocr_line' id='line_1_28' title="bbox 871 2100 2376 2186; baseline -0.003 -20"><span class='ocrx_word' id='word_1_200' title='bbox 871 2121 1126 2186; x_wconf 92' lang='lat' dir='ltr'><strong>quoque</strong></span> <span class='ocrx_word' id='word_1_201' title='bbox 1185 2120 1549 2183; x_wconf 83' lang='lat' dir='ltr'><strong>agnoscere,</strong></span> <span class='ocrx_word' id='word_1_202' title='bbox 1613 2102 1781 2182; x_wconf 90' lang='lat' dir='ltr'><strong>quod</strong></span> <span class='ocrx_word' id='word_1_203' title='bbox 1842 2108 2065 2164; x_wconf 87' lang='lat' dir='ltr'><strong>natura</strong></span> <span class='ocrx_word' id='word_1_204' title='bbox 2122 2100 2232 2163; x_wconf 89' lang='lat' dir='ltr'><strong>Dei</strong></span> <span class='ocrx_word' id='word_1_205' title='bbox 2293 2100 2376 2162; x_wconf 89' lang='lat' dir='ltr'><strong>sit</strong></span> 
     </span>
     <span class='ocr_line' id='line_1_29' title="bbox 872 2198 2373 2283; baseline -0.003 -20"><span class='ocrx_word' id='word_1_206' title='bbox 872 2221 1033 2283; x_wconf 91' lang='lat' dir='ltr'><strong>pura</strong></span> <span class='ocrx_word' id='word_1_207' title='bbox 1100 2199 1370 2273; x_wconf 81' lang='lat' dir='ltr'><strong>bonitaS,</strong></span> <span class='ocrx_word' id='word_1_208' title='bbox 1434 2200 1538 2262; x_wconf 91' lang='lat' dir='ltr'><strong>cui</strong></span> <span class='ocrx_word' id='word_1_209' title='bbox 1596 2199 1755 2262; x_wconf 92' lang='lat' dir='ltr'><strong>nihil</strong></span> <span class='ocrx_word' id='word_1_210' title='bbox 1813 2217 2035 2262; x_wconf 91' lang='lat' dir='ltr'><strong>eorum</strong></span> <span class='ocrx_word' id='word_1_211' title='bbox 2095 2218 2238 2281; x_wconf 76' lang='lat' dir='ltr'><strong>quae</strong></span> <span class='ocrx_word' id='word_1_212' title='bbox 2295 2198 2373 2259; x_wconf 90' lang='lat' dir='ltr'><strong>ad</strong></span> 
     </span>
     <span class='ocr_line' id='line_1_30' title="bbox 873 2296 2370 2382; baseline -0.002 -22"><span class='ocrx_word' id='word_1_213' title='bbox 873 2298 1335 2382; x_wconf 86' lang='lat' dir='ltr'><strong>plenitudinem</strong></span> <span class='ocrx_word' id='word_1_214' title='bbox 1368 2298 1745 2380; x_wconf 90' lang='lat' dir='ltr'><strong>plenamque</strong></span> <span class='ocrx_word' id='word_1_215' title='bbox 1777 2297 2236 2378; x_wconf 82' lang='lat' dir='ltr'><strong>perfectionem</strong></span> <span class='ocrx_word' id='word_1_216' title='bbox 2271 2296 2370 2357; x_wconf 93' lang='lat' dir='ltr'><strong>bo-</strong></span> 
     </span>
     <span class='ocr_line' id='line_1_31' title="bbox 871 2396 2376 2479; baseline -0.003 -19"><span class='ocrx_word' id='word_1_217' title='bbox 871 2397 1087 2460; x_wconf 87' lang='lat' dir='ltr'><strong>nitatis</strong></span> <span class='ocrx_word' id='word_1_218' title='bbox 1146 2398 1489 2479; x_wconf 88' lang='lat' dir='ltr'><strong>pertinent,</strong></span> <span class='ocrx_word' id='word_1_219' title='bbox 1551 2403 1759 2479; x_wconf 88' lang='lat' dir='ltr'><strong>potest</strong></span> <span class='ocrx_word' id='word_1_220' title='bbox 1815 2396 2053 2459; x_wconf 89' lang='lat' dir='ltr'><strong>deesse.</strong></span> <span class='ocrx_word' id='word_1_221' title='bbox 2108 2397 2376 2476; x_wconf 85' lang='lat' dir='ltr'><strong>Insuper</strong></span> 
     </span>
    </p>
   </div>
   <div class='ocr_carea' id='block_1_8' title="bbox 784 2493 2374 2578">
    <p class='ocr_par' dir='ltr' id='par_1_8' title="bbox 784 2493 2374 2578">
     <span class='ocr_line' id='line_1_32' title="bbox 784 2493 2374 2578; baseline 0.001 -23"><span class='ocrx_word' id='word_1_222' title='bbox 784 2527 843 2557; x_wconf 82' lang='grc' dir='ltr'>ιιι.</span> <span class='ocrx_word' id='word_1_223' title='bbox 872 2495 1163 2558; x_wconf 88' lang='lat' dir='ltr'><strong>habitum</strong></span> <span class='ocrx_word' id='word_1_224' title='bbox 1222 2503 1320 2557; x_wconf 89' lang='lat' dir='ltr'><strong>est</strong></span> <span class='ocrx_word' id='word_1_225' title='bbox 1376 2495 1532 2568; x_wconf 89' lang='lat' dir='ltr'><strong>illic,</strong></span> <span class='ocrx_word' id='word_1_226' title='bbox 1584 2495 1753 2578; x_wconf 93' lang='lat' dir='ltr'><strong>quod</strong></span> <span class='ocrx_word' id='word_1_227' title='bbox 1814 2494 2063 2557; x_wconf 86' lang='lat' dir='ltr'><strong>bonitas</strong></span> <span class='ocrx_word' id='word_1_228' title='bbox 2124 2494 2232 2555; x_wconf 90' lang='lat' dir='ltr'><strong>Dei</strong></span> <span class='ocrx_word' id='word_1_229' title='bbox 2292 2493 2374 2556; x_wconf 91' lang='lat' dir='ltr'><strong>sit</strong></span> 
     </span>
    </p>
   </div>
   <div class='ocr_carea' id='block_1_9' title="bbox 870 2592 2380 4147">
    <p class='ocr_par' dir='ltr' id='par_1_9' title="bbox 870 2592 2374 3059">
     <span class='ocr_line' id='line_1_33' title="bbox 870 2592 2374 2675; baseline -0.003 -18"><span class='ocrx_word' id='word_1_230' title='bbox 870 2595 1151 2657; x_wconf 86' lang='lat' dir='ltr'><strong>totaliter</strong></span> <span class='ocrx_word' id='word_1_231' title='bbox 1180 2594 1730 2675; x_wconf 88' lang='lat' dir='ltr'><strong>essentialiterque</strong></span> <span class='ocrx_word' id='word_1_232' title='bbox 1761 2592 2232 2665; x_wconf 81' lang='lat' dir='ltr'><strong>intellectualis,</strong></span> <span class='ocrx_word' id='word_1_233' title='bbox 2265 2600 2374 2653; x_wconf 92' lang='lat' dir='ltr'><strong>aut</strong></span> 
     </span>
     <span class='ocr_line' id='line_1_34' title="bbox 872 2690 2372 2775; baseline -0.003 -20"><span class='ocrx_word' id='word_1_234' title='bbox 872 2694 1085 2775; x_wconf 90' lang='lat' dir='ltr'><strong>potius</strong></span> <span class='ocrx_word' id='word_1_235' title='bbox 1119 2710 1315 2774; x_wconf 88' lang='lat' dir='ltr'><strong>purus</strong></span> <span class='ocrx_word' id='word_1_236' title='bbox 1347 2700 1411 2753; x_wconf 88' lang='lat' dir='ltr'><strong>et</strong></span> <span class='ocrx_word' id='word_1_237' title='bbox 1451 2690 2087 2773; x_wconf 86' lang='lat' dir='ltr'><strong>supersubstantialis</strong></span> <span class='ocrx_word' id='word_1_238' title='bbox 2127 2690 2372 2752; x_wconf 89' lang='lat' dir='ltr'><strong>intelle—</strong></span> 
     </span>
     <span class='ocr_line' id='line_1_35' title="bbox 872 2788 2372 2870; baseline -0.001 -17"><span class='ocrx_word' id='word_1_239' title='bbox 872 2800 1030 2853; x_wconf 80' lang='lat' dir='ltr'><strong>ctuS.</strong></span> <span class='ocrx_word' id='word_1_240' title='bbox 1067 2790 1276 2852; x_wconf 74' lang='lat' dir='ltr'><strong>Palam</strong></span> <span class='ocrx_word' id='word_1_241' title='bbox 1307 2798 1404 2852; x_wconf 91' lang='lat' dir='ltr'><strong>est</strong></span> <span class='ocrx_word' id='word_1_242' title='bbox 1437 2789 1650 2870; x_wconf 89' lang='lat' dir='ltr'><strong>igitur,</strong></span> <span class='ocrx_word' id='word_1_243' title='bbox 1677 2790 1845 2870; x_wconf 88' lang='lat' dir='ltr'><strong>quod</strong></span> <span class='ocrx_word' id='word_1_244' title='bbox 1877 2788 2200 2869; x_wconf 89' lang='lat' dir='ltr'><strong>generatio</strong></span> <span class='ocrx_word' id='word_1_245' title='bbox 2233 2809 2372 2870; x_wconf 84' lang='lat' dir='ltr'><strong>quae</strong></span> 
     </span>
     <span class='ocr_line' id='line_1_36' title="bbox 873 2886 2369 2951; baseline -0.003 0"><span class='ocrx_word' id='word_1_246' title='bbox 873 2890 937 2951; x_wconf 91' lang='lat' dir='ltr'><strong>in</strong></span> <span class='ocrx_word' id='word_1_247' title='bbox 998 2888 1235 2949; x_wconf 90' lang='lat' dir='ltr'><strong>divinis</strong></span> <span class='ocrx_word' id='word_1_248' title='bbox 1304 2895 1401 2949; x_wconf 90' lang='lat' dir='ltr'><strong>est</strong></span> <span class='ocrx_word' id='word_1_249' title='bbox 1460 2886 1814 2949; x_wconf 88' lang='lat' dir='ltr'><strong>secundum</strong></span> <span class='ocrx_word' id='word_1_250' title='bbox 1874 2886 2026 2949; x_wconf 90' lang='lat' dir='ltr'><strong>fidei</strong></span> <span class='ocrx_word' id='word_1_251' title='bbox 2088 2886 2369 2948; x_wconf 90' lang='lat' dir='ltr'><strong>testimo-</strong></span> 
     </span>
     <span class='ocr_line' id='line_1_37' title="bbox 873 2983 2067 3059; baseline -0.002 -12"><span class='ocrx_word' id='word_1_252' title='bbox 873 2987 1075 3059; x_wconf 89' lang='lat' dir='ltr'><strong>nium,</strong></span> <span class='ocrx_word' id='word_1_253' title='bbox 1110 2985 1193 3047; x_wconf 92' lang='lat' dir='ltr'><strong>sit</strong></span> <span class='ocrx_word' id='word_1_254' title='bbox 1235 2983 1691 3046; x_wconf 87' lang='lat' dir='ltr'><strong>intellectualis·</strong></span> <span class='ocrx_word' id='word_1_255' title='bbox 1732 2984 2067 3047; x_wconf 83' lang='lat' dir='ltr'><strong>emanatio.</strong></span> 
     </span>
    </p>

    <p class='ocr_par' dir='ltr' id='par_1_10' title="bbox 873 3081 2380 4147">
     <span class='ocr_line' id='line_1_38' title="bbox 952 3081 2372 3163; baseline -0.001 -19"><span class='ocrx_word' id='word_1_256' title='bbox 952 3083 1100 3156; x_wconf 84' lang='lat' dir='ltr'><strong>Quae</strong></span> <span class='ocrx_word' id='word_1_257' title='bbox 1130 3082 1249 3145; x_wconf 91' lang='lat' dir='ltr'><strong>hoc</strong></span> <span class='ocrx_word' id='word_1_258' title='bbox 1290 3082 1477 3145; x_wconf 92' lang='lat' dir='ltr'><strong>modo</strong></span> <span class='ocrx_word' id='word_1_259' title='bbox 1516 3081 1889 3163; x_wconf 88' lang='lat' dir='ltr'><strong>accipienda</strong></span> <span class='ocrx_word' id='word_1_260' title='bbox 1927 3090 2040 3143; x_wconf 88' lang='lat' dir='ltr'><strong>est.</strong></span> <span class='ocrx_word' id='word_1_261' title='bbox 2077 3083 2242 3144; x_wconf 91' lang='lat' dir='ltr'><strong>Deus</strong></span> <span class='ocrx_word' id='word_1_262' title='bbox 2281 3082 2372 3143; x_wconf 92' lang='lat' dir='ltr'><strong>in-</strong></span> 
     </span>
     <span class='ocr_line' id='line_1_39' title="bbox 873 3179 2372 3263; baseline -0.001 -19"><span class='ocrx_word' id='word_1_263' title='bbox 873 3181 1106 3262; x_wconf 88' lang='lat' dir='ltr'><strong>telligit</strong></span> <span class='ocrx_word' id='word_1_264' title='bbox 1145 3199 1213 3244; x_wconf 93' lang='lat' dir='ltr'><strong>se</strong></span> <span class='ocrx_word' id='word_1_265' title='bbox 1257 3200 1370 3263; x_wconf 89' lang='lat' dir='ltr'><strong>per</strong></span> <span class='ocrx_word' id='word_1_266' title='bbox 1408 3181 1506 3242; x_wconf 92' lang='lat' dir='ltr'><strong>sui</strong></span> <span class='ocrx_word' id='word_1_267' title='bbox 1556 3179 1756 3261; x_wconf 90' lang='lat' dir='ltr'><strong>ipsius</strong></span> <span class='ocrx_word' id='word_1_268' title='bbox 1800 3180 2142 3242; x_wconf 89' lang='lat' dir='ltr'><strong>essentiam</strong></span> <span class='ocrx_word' id='word_1_269' title='bbox 2192 3182 2372 3263; x_wconf 90' lang='lat' dir='ltr'><strong>plene</strong></span> 
     </span>
     <span class='ocr_line' id='line_1_40' title="bbox 874 3276 2371 3361; baseline -0.001 -19"><span class='ocrx_word' id='word_1_270' title='bbox 874 3287 938 3343; x_wconf 87' lang='lat' dir='ltr'><strong>et</strong></span> <span class='ocrx_word' id='word_1_271' title='bbox 984 3278 1281 3361; x_wconf 78' lang='lat' dir='ltr'><strong>perfecte.</strong></span> <span class='ocrx_word' id='word_1_272' title='bbox 1318 3278 1518 3341; x_wconf 90' lang='lat' dir='ltr'><strong>Omne</strong></span> <span class='ocrx_word' id='word_1_273' title='bbox 1559 3284 1773 3339; x_wconf 89' lang='lat' dir='ltr'><strong>autem</strong></span> <span class='ocrx_word' id='word_1_274' title='bbox 1814 3276 2213 3340; x_wconf 90' lang='lat' dir='ltr'><strong>intellectum</strong></span> <span class='ocrx_word' id='word_1_275' title='bbox 2261 3298 2371 3341; x_wconf 90' lang='lat' dir='ltr'><strong>seu</strong></span> 
     </span>
     <span class='ocr_line' id='line_1_41' title="bbox 876 3375 2373 3458; baseline -0.001 -19"><span class='ocrx_word' id='word_1_276' title='bbox 876 3377 1225 3458; x_wconf 90' lang='lat' dir='ltr'><strong>cognitum,</strong></span> <span class='ocrx_word' id='word_1_277' title='bbox 1260 3384 1356 3439; x_wconf 90' lang='lat' dir='ltr'><strong>est</strong></span> <span class='ocrx_word' id='word_1_278' title='bbox 1388 3376 1451 3437; x_wconf 90' lang='lat' dir='ltr'><strong>in</strong></span> <span class='ocrx_word' id='word_1_279' title='bbox 1493 3382 1937 3455; x_wconf 83' lang='lat' dir='ltr'><strong>cognoscente.</strong></span> <span class='ocrx_word' id='word_1_280' title='bbox 1974 3375 2373 3439; x_wconf 87' lang='lat' dir='ltr'><strong>Intellectum</strong></span> 
     </span>
     <span class='ocr_line' id='line_1_42' title="bbox 875 3473 2377 3554; baseline -0.001 -17"><span class='ocrx_word' id='word_1_281' title='bbox 875 3482 1090 3538; x_wconf 91' lang='lat' dir='ltr'><strong>autem</strong></span> <span class='ocrx_word' id='word_1_282' title='bbox 1150 3482 1219 3535; x_wconf 91' lang='lat' dir='ltr'><strong>ut</strong></span> <span class='ocrx_word' id='word_1_283' title='bbox 1278 3474 1341 3535; x_wconf 92' lang='lat' dir='ltr'><strong>in</strong></span> <span class='ocrx_word' id='word_1_284' title='bbox 1396 3473 1794 3554; x_wconf 83' lang='lat' dir='ltr'><strong>intelligente</strong></span> <span class='ocrx_word' id='word_1_285' title='bbox 1852 3474 2230 3545; x_wconf 84' lang='lat' dir='ltr'><strong>consistens,</strong></span> <span class='ocrx_word' id='word_1_286' title='bbox 2281 3483 2377 3536; x_wconf 93' lang='lat' dir='ltr'><strong>est</strong></span> 
     </span>
     <span class='ocr_line' id='line_1_43' title="bbox 878 3571 2377 3655; baseline -0.001 -20"><span class='ocrx_word' id='word_1_287' title='bbox 878 3574 1037 3635; x_wconf 88' lang='lat' dir='ltr'><strong>ratio</strong></span> <span class='ocrx_word' id='word_1_288' title='bbox 1068 3572 1355 3655; x_wconf 83' lang='lat' dir='ltr'><strong>quaedam</strong></span> <span class='ocrx_word' id='word_1_289' title='bbox 1390 3578 1454 3635; x_wconf 91' lang='lat' dir='ltr'><strong>et</strong></span> <span class='ocrx_word' id='word_1_290' title='bbox 1485 3571 1753 3634; x_wconf 87' lang='lat' dir='ltr'><strong>intentio</strong></span> <span class='ocrx_word' id='word_1_291' title='bbox 1795 3572 2229 3653; x_wconf 89' lang='lat' dir='ltr'><strong>intelligentis.</strong></span> <span class='ocrx_word' id='word_1_292' title='bbox 2265 3574 2377 3635; x_wconf 84' lang='lat' dir='ltr'><strong>Ra-</strong></span> 
     </span>
     <span class='ocr_line' id='line_1_44' title="bbox 878 3670 2376 3735; baseline -0.001 -1"><span class='ocrx_word' id='word_1_293' title='bbox 878 3672 967 3735; x_wconf 89' lang='lat' dir='ltr'><strong>tio</strong></span> <span class='ocrx_word' id='word_1_294' title='bbox 1024 3678 1237 3733; x_wconf 88' lang='lat' dir='ltr'><strong>autem</strong></span> <span class='ocrx_word' id='word_1_295' title='bbox 1289 3690 1400 3733; x_wconf 91' lang='lat' dir='ltr'><strong>seu</strong></span> <span class='ocrx_word' id='word_1_296' title='bbox 1451 3670 1723 3732; x_wconf 89' lang='lat' dir='ltr'><strong>intentio</strong></span> <span class='ocrx_word' id='word_1_297' title='bbox 1780 3670 1843 3733; x_wconf 91' lang='lat' dir='ltr'><strong>in</strong></span> <span class='ocrx_word' id='word_1_298' title='bbox 1902 3670 2147 3733; x_wconf 91' lang='lat' dir='ltr'><strong>lumine</strong></span> <span class='ocrx_word' id='word_1_299' title='bbox 2207 3679 2376 3733; x_wconf 88' lang='lat' dir='ltr'><strong>stans</strong></span> 
     </span>
     <span class='ocr_line' id='line_1_45' title="bbox 882 3768 2374 3851; baseline 0 -20"><span class='ocrx_word' id='word_1_300' title='bbox 882 3769 1266 3843; x_wconf 83' lang='lat' dir='ltr'><strong>intellectuS‚</strong></span> <span class='ocrx_word' id='word_1_301' title='bbox 1328 3776 1424 3832; x_wconf 92' lang='lat' dir='ltr'><strong>est</strong></span> <span class='ocrx_word' id='word_1_302' title='bbox 1485 3768 1667 3850; x_wconf 89' lang='lat' dir='ltr'><strong>quasi</strong></span> <span class='ocrx_word' id='word_1_303' title='bbox 1726 3769 2046 3851; x_wconf 89' lang='lat' dir='ltr'><strong>quoddam</strong></span> <span class='ocrx_word' id='word_1_304' title='bbox 2106 3769 2374 3832; x_wconf 87' lang='lat' dir='ltr'><strong>verbum</strong></span> 
     </span>
     <span class='ocr_line' id='line_1_46' title="bbox 883 3866 2376 3949; baseline -0.001 -20"><span class='ocrx_word' id='word_1_305' title='bbox 883 3868 1149 3931; x_wconf 91' lang='lat' dir='ltr'><strong>interius</strong></span> <span class='ocrx_word' id='word_1_306' title='bbox 1181 3874 1561 3948; x_wconf 87' lang='lat' dir='ltr'><strong>conceptum</strong></span> <span class='ocrx_word' id='word_1_307' title='bbox 1599 3884 1613 3927; x_wconf 72' lang='grc' dir='ltr'>ε</span> <span class='ocrx_word' id='word_1_308' title='bbox 1648 3867 1741 3928; x_wconf 90' lang='lat' dir='ltr'><strong>sic</strong></span> <span class='ocrx_word' id='word_1_309' title='bbox 1772 3867 1945 3929; x_wconf 92' lang='lat' dir='ltr'><strong>enim</strong></span> <span class='ocrx_word' id='word_1_310' title='bbox 1994 3866 2154 3949; x_wconf 89' lang='lat' dir='ltr'><strong>lapis</strong></span> <span class='ocrx_word' id='word_1_311' title='bbox 2201 3874 2268 3929; x_wconf 93' lang='lat' dir='ltr'><strong>ut</strong></span> <span class='ocrx_word' id='word_1_312' title='bbox 2313 3868 2376 3928; x_wconf 90' lang='lat' dir='ltr'><strong>in</strong></span> 
     </span>
     <span class='ocr_line' id='line_1_47' title="bbox 880 3952 2380 4047; baseline 0 -20"><span class='ocrx_word' id='word_1_313' title='bbox 880 3966 1210 4029; x_wconf 91' lang='lat' dir='ltr'><strong>intellectu</strong></span> <span class='ocrx_word' id='word_1_314' title='bbox 1242 3965 1867 4047; x_wconf 77' lang='lat' dir='ltr'><strong>conceptu5,dicitur</strong></span> <span class='ocrx_word' id='word_1_315' title='bbox 1897 3952 2166 4027; x_wconf 85' lang='lat' dir='ltr'><strong>verbum</strong></span> <span class='ocrx_word' id='word_1_316' title='bbox 2202 3965 2380 4027; x_wconf 87' lang='lat' dir='ltr'><strong>intel-</strong></span> 
     </span>
     <span class='ocr_line' id='line_1_48' title="bbox 882 4064 2379 4147; baseline -0.002 -19"><span class='ocrx_word' id='word_1_317' title='bbox 882 4066 1105 4136; x_wconf 92' lang='lat' dir='ltr'><strong>lectus,</strong></span> <span class='ocrx_word' id='word_1_318' title='bbox 1156 4083 1282 4147; x_wconf 93' lang='lat' dir='ltr'><strong>quo</strong></span> <span class='ocrx_word' id='word_1_319' title='bbox 1322 4064 1605 4146; x_wconf 86' lang='lat' dir='ltr'><strong>concipit</strong></span> <span class='ocrx_word' id='word_1_320' title='bbox 1646 4071 1710 4126; x_wconf 92' lang='lat' dir='ltr'><strong>et</strong></span> <span class='ocrx_word' id='word_1_321' title='bbox 1761 4064 2027 4125; x_wconf 90' lang='lat' dir='ltr'><strong>interius</strong></span> <span class='ocrx_word' id='word_1_322' title='bbox 2072 4064 2229 4126; x_wconf 88' lang='lat' dir='ltr'><strong>dicit</strong></span> <span class='ocrx_word' id='word_1_323' title='bbox 2273 4084 2379 4125; x_wconf 89' lang='lat' dir='ltr'><strong>na-</strong></span> 
     </span>
    </p>
   </div>
   <div class='ocr_carea' id='block_1_10' title="bbox 2480 2002 3944 2165">
    <p class='ocr_par' dir='ltr' id='par_1_11' title="bbox 2480 2002 3944 2165">
     <span class='ocr_line' id='line_1_49' title="bbox 2480 2002 3944 2086; baseline 0.001 -23"><span class='ocrx_word' id='word_1_324' title='bbox 2480 2004 2761 2066; x_wconf 85' lang='lat' dir='ltr'><strong>Verbum</strong></span> <span class='ocrx_word' id='word_1_325' title='bbox 2811 2005 2919 2067; x_wconf 90' lang='lat' dir='ltr'><strong>Dei</strong></span> <span class='ocrx_word' id='word_1_326' title='bbox 2964 2024 2978 2067; x_wconf 92' lang='lat'><strong>:</strong></span> <span class='ocrx_word' id='word_1_327' title='bbox 3022 2005 3207 2086; x_wconf 88' lang='lat' dir='ltr'><strong>cujus</strong></span> <span class='ocrx_word' id='word_1_328' title='bbox 3255 2005 3446 2067; x_wconf 90' lang='lat' dir='ltr'><strong>Verbi</strong></span> <span class='ocrx_word' id='word_1_329' title='bbox 3495 2023 3634 2067; x_wconf 89' lang='lat' dir='ltr'><strong>esse</strong></span> <span class='ocrx_word' id='word_1_330' title='bbox 3677 2002 3944 2066; x_wconf 86' lang='lat' dir='ltr'><strong>consistit</strong></span> 
     </span>
     <span class='ocr_line' id='line_1_50' title="bbox 2485 2102 2738 2165; baseline 0 -2"><span class='ocrx_word' id='word_1_331' title='bbox 2485 2102 2546 2163; x_wconf 92' lang='lat' dir='ltr'><strong>in</strong></span> <span class='ocrx_word' id='word_1_332' title='bbox 2590 2102 2738 2165; x_wconf 91' lang='lat' dir='ltr'><strong>dici.</strong></span> 
     </span>
    </p>
   </div>
   <div class='ocr_carea' id='block_1_11' title="bbox 2842 2302 3624 2367">
    <p class='ocr_par' dir='ltr' id='par_1_12' title="bbox 2842 2302 3624 2367">
     <span class='ocr_line' id='line_1_51' title="bbox 2842 2302 3624 2367; baseline 0 -2"><span class='ocrx_word' id='word_1_333' title='bbox 2842 2302 3328 2367; x_wconf 86' lang='lat' dir='ltr'><strong>ARTICULUS</strong></span> <span class='ocrx_word' id='word_1_334' title='bbox 3372 2302 3500 2365; x_wconf 88' lang='lat' dir='ltr'><strong>XV</strong></span> <span class='ocrx_word' id='word_1_335' title='bbox 3503 2302 3624 2365; x_wconf 87' lang='lat'><strong>111.</strong></span> 
     </span>
    </p>
   </div>
   <div class='ocr_carea' id='block_1_12' title="bbox 2484 2423 3945 2670">
    <p class='ocr_par' dir='ltr' id='par_1_13' title="bbox 2484 2423 3945 2670">
     <span class='ocr_line' id='line_1_52' title="bbox 2484 2423 3942 2507; baseline -0.001 -18"><span class='ocrx_word' id='word_1_336' title='bbox 2484 2433 2667 2499; x_wconf 81' lang='lat' dir='ltr'><strong>Quod</strong></span> <span class='ocrx_word' id='word_1_337' title='bbox 2717 2432 2986 2492; x_wconf 80' lang='lat' dir='ltr'><strong>Verbum</strong></span> <span class='ocrx_word' id='word_1_338' title='bbox 3031 2440 3326 2506; x_wconf 69' lang='lat' dir='ltr'><strong>paternae</strong></span> <span class='ocrx_word' id='word_1_339' title='bbox 3367 2434 3602 2491; x_wconf 76' lang='lat' dir='ltr'><strong>mentis</strong></span> <span class='ocrx_word' id='word_1_340' title='bbox 3637 2423 3718 2490; x_wconf 66' lang='lat' dir='ltr'><strong>sit</strong></span> <span class='ocrx_word' id='word_1_341' title='bbox 3755 2432 3942 2507; x_wconf 73' lang='lat' dir='ltr'><strong>imayo</strong></span> 
     </span>
     <span class='ocr_line' id='line_1_53' title="bbox 2559 2520 3945 2597; baseline -0.002 -17"><span class='ocrx_word' id='word_1_342' title='bbox 2559 2520 2685 2580; x_wconf 82' lang='lat' dir='ltr'><strong>Dei</strong></span> <span class='ocrx_word' id='word_1_343' title='bbox 2705 2528 2767 2578; x_wconf 83' lang='lat' dir='ltr'><strong>et</strong></span> <span class='ocrx_word' id='word_1_344' title='bbox 2793 2524 3016 2596; x_wconf 60' lang='lat' dir='ltr'><strong>flaura</strong></span> <span class='ocrx_word' id='word_1_345' title='bbox 3045 2522 3425 2580; x_wconf 66' lang='lat' dir='ltr'><strong>substantiae</strong></span> <span class='ocrx_word' id='word_1_346' title='bbox 3453 2520 3620 2597; x_wconf 80' lang='lat' dir='ltr'><strong>ejus,</strong></span> <span class='ocrx_word' id='word_1_347' title='bbox 3641 2523 3945 2595; x_wconf 69' lang='lat' dir='ltr'><strong>exemplar</strong></span> 
     </span>
     <span class='ocr_line' id='line_1_54' title="bbox 2561 2610 3939 2670; baseline -0.001 -3"><span class='ocrx_word' id='word_1_348' title='bbox 2561 2628 2711 2668; x_wconf 83' lang='lat' dir='ltr'><strong>vero</strong></span> <span class='ocrx_word' id='word_1_349' title='bbox 2731 2618 2792 2667; x_wconf 83' lang='lat' dir='ltr'><strong>et</strong></span> <span class='ocrx_word' id='word_1_350' title='bbox 2815 2610 2985 2668; x_wconf 81' lang='lat' dir='ltr'><strong>ratio</strong></span> <span class='ocrx_word' id='word_1_351' title='bbox 3013 2610 3303 2670; x_wconf 79' lang='lat' dir='ltr'><strong>omnium</strong></span> <span class='ocrx_word' id='word_1_352' title='bbox 3331 2629 3557 2669; x_wconf 81' lang='lat' dir='ltr'><strong>rerum</strong></span> <span class='ocrx_word' id='word_1_353' title='bbox 3575 2619 3939 2670; x_wconf 79' lang='lat' dir='ltr'><strong>creatarum.</strong></span> 
     </span>
    </p>
   </div>
   <div class='ocr_carea' id='block_1_13' title="bbox 2549 2786 3946 2966">
    <p class='ocr_par' dir='ltr' id='par_1_14' title="bbox 2549 2786 3946 2966">
     <span class='ocr_line' id='line_1_55' title="bbox 2611 2786 3944 2870; baseline -0.002 -21"><span class='ocrx_word' id='word_1_354' title='bbox 2611 2787 2661 2849; x_wconf 93' lang='lat' dir='ltr'>X</span> <span class='ocrx_word' id='word_1_355' title='bbox 2713 2786 2972 2848; x_wconf 92' lang='lat' dir='ltr'><strong>inducto</strong></span> <span class='ocrx_word' id='word_1_356' title='bbox 3020 2794 3235 2850; x_wconf 90' lang='lat' dir='ltr'><strong>autem</strong></span> <span class='ocrx_word' id='word_1_357' title='bbox 3293 2788 3562 2852; x_wconf 89' lang='lat' dir='ltr'><strong>articulo</strong></span> <span class='ocrx_word' id='word_1_358' title='bbox 3613 2789 3742 2870; x_wconf 89' lang='lat' dir='ltr'><strong>jam</strong></span> <span class='ocrx_word' id='word_1_359' title='bbox 3797 2804 3944 2849; x_wconf 89' lang='lat' dir='ltr'><strong>nunc</strong></span> 
     </span>
     <span class='ocr_line' id='line_1_56' title="bbox 2549 2882 3946 2966; baseline -0.001 -21"><span class='ocrx_word' id='word_1_360' title='bbox 2549 2892 2601 2945; x_wconf 61' lang='lat' dir='ltr'><em>A</em></span> <span class='ocrx_word' id='word_1_361' title='bbox 2637 2883 2963 2957; x_wconf 88' lang='lat' dir='ltr'><strong>elucescit,</strong></span> <span class='ocrx_word' id='word_1_362' title='bbox 2997 2884 3164 2966; x_wconf 93' lang='lat' dir='ltr'><strong>quod</strong></span> <span class='ocrx_word' id='word_1_363' title='bbox 3201 2884 3262 2945; x_wconf 92' lang='lat' dir='ltr'><strong>id</strong></span> <span class='ocrx_word' id='word_1_364' title='bbox 3302 2885 3384 2946; x_wconf 91' lang='lat' dir='ltr'><strong>sit</strong></span> <span class='ocrx_word' id='word_1_365' title='bbox 3425 2885 3690 2947; x_wconf 80' lang='lat' dir='ltr'><strong>verbum</strong></span> <span class='ocrx_word' id='word_1_366' title='bbox 3729 2882 3946 2945; x_wconf 88' lang='lat' dir='ltr'><strong>intelle-</strong></span> 
     </span>
    </p>
   </div>
   <div class='ocr_carea' id='block_1_14' title="bbox 2404 2980 3944 3064">
    <p class='ocr_par' dir='ltr' id='par_1_15' title="bbox 2404 2980 3944 3064">
     <span class='ocr_line' id='line_1_57' title="bbox 2404 2980 3944 3064; baseline -0.003 -18"><span class='ocrx_word' id='word_1_367' title='bbox 2404 2984 2446 3046; x_wconf 91' lang='lat' dir='ltr'>C</span> <span class='ocrx_word' id='word_1_368' title='bbox 2481 2989 2640 3055; x_wconf 87' lang='lat' dir='ltr'><strong>etus,</strong></span> <span class='ocrx_word' id='word_1_369' title='bbox 2675 2982 2844 3061; x_wconf 89' lang='lat' dir='ltr'><strong>quod</strong></span> <span class='ocrx_word' id='word_1_370' title='bbox 2877 2982 3158 3063; x_wconf 88' lang='lat' dir='ltr'><strong>concipit</strong></span> <span class='ocrx_word' id='word_1_371' title='bbox 3189 2982 3551 3064; x_wconf 87' lang='lat' dir='ltr'><strong>intelligens</strong></span> <span class='ocrx_word' id='word_1_372' title='bbox 3581 2983 3660 3045; x_wconf 91' lang='lat' dir='ltr'><strong>de</strong></span> <span class='ocrx_word' id='word_1_373' title='bbox 3690 3001 3758 3045; x_wconf 88' lang='lat' dir='ltr'><strong>re</strong></span> <span class='ocrx_word' id='word_1_374' title='bbox 3791 2980 3944 3043; x_wconf 86' lang='lat' dir='ltr'><strong>intel·</strong></span> 
     </span>
    </p>
   </div>
   <div class='ocr_carea' id='block_1_15' title="bbox 2482 3079 3961 4145">
    <p class='ocr_par' dir='ltr' id='par_1_16' title="bbox 2482 3079 3961 4145">
     <span class='ocr_line' id='line_1_58' title="bbox 2482 3079 3946 3160; baseline -0.001 -19"><span class='ocrx_word' id='word_1_375' title='bbox 2482 3079 2660 3141; x_wconf 89' lang='lat' dir='ltr'><strong>lecta.</strong></span> <span class='ocrx_word' id='word_1_376' title='bbox 2697 3080 3151 3160; x_wconf 89' lang='lat' dir='ltr'><strong>Hujuscemodi</strong></span> <span class='ocrx_word' id='word_1_377' title='bbox 3197 3080 3407 3144; x_wconf 90' lang='lat' dir='ltr'><strong>denuo</strong></span> <span class='ocrx_word' id='word_1_378' title='bbox 3445 3080 3738 3155; x_wconf 85' lang='lat' dir='ltr'><strong>verbum,</strong></span> <span class='ocrx_word' id='word_1_379' title='bbox 3769 3089 3854 3143; x_wconf 89' lang='lat' dir='ltr'><strong>est</strong></span> <span class='ocrx_word' id='word_1_380' title='bbox 3879 3081 3946 3140; x_wconf 89' lang='lat' dir='ltr'><strong>si·</strong></span> 
     </span>
     <span class='ocr_line' id='line_1_59' title="bbox 2483 3178 3944 3261; baseline -0.001 -20"><span class='ocrx_word' id='word_1_381' title='bbox 2483 3178 2779 3241; x_wconf 89' lang='lat' dir='ltr'><strong>militudo</strong></span> <span class='ocrx_word' id='word_1_382' title='bbox 2825 3179 3114 3261; x_wconf 71' lang='lat' dir='ltr'><strong>quaedam</strong></span> <span class='ocrx_word' id='word_1_383' title='bbox 3166 3186 3229 3242; x_wconf 89' lang='lat' dir='ltr'><strong>et</strong></span> <span class='ocrx_word' id='word_1_384' title='bbox 3275 3179 3431 3243; x_wconf 89' lang='lat' dir='ltr'><strong>ratio</strong></span> <span class='ocrx_word' id='word_1_385' title='bbox 3477 3180 3569 3243; x_wconf 88' lang='lat' dir='ltr'><strong>rei</strong></span> <span class='ocrx_word' id='word_1_386' title='bbox 3620 3180 3944 3243; x_wconf 66' lang='lat' dir='ltr'><strong>intellectae.</strong></span> 
     </span>
     <span class='ocr_line' id='line_1_60' title="bbox 2484 3277 3951 3358; baseline -0.002 -19"><span class='ocrx_word' id='word_1_387' title='bbox 2484 3278 2649 3339; x_wconf 88' lang='lat' dir='ltr'><strong>Deus</strong></span> <span class='ocrx_word' id='word_1_388' title='bbox 2677 3285 2888 3339; x_wconf 89' lang='lat' dir='ltr'><strong>autem</strong></span> <span class='ocrx_word' id='word_1_389' title='bbox 2920 3295 3191 3358; x_wconf 89' lang='lat' dir='ltr'><strong>semper,</strong></span> <span class='ocrx_word' id='word_1_390' title='bbox 3211 3277 3307 3339; x_wconf 81' lang='lat' dir='ltr'><strong>vel</strong></span> <span class='ocrx_word' id='word_1_391' title='bbox 3340 3278 3548 3358; x_wconf 89' lang='lat' dir='ltr'><strong>potius</strong></span> <span class='ocrx_word' id='word_1_392' title='bbox 3578 3278 3951 3347; x_wconf 65' lang='lat' dir='ltr'><strong>aeternaliter,</strong></span> 
     </span>
     <span class='ocr_line' id='line_1_61' title="bbox 2486 3374 3952 3457; baseline 0 -20"><span class='ocrx_word' id='word_1_393' title='bbox 2486 3374 2768 3457; x_wconf 85' lang='lat' dir='ltr'><strong>perfecte</strong></span> <span class='ocrx_word' id='word_1_394' title='bbox 2809 3394 2876 3437; x_wconf 91' lang='lat' dir='ltr'><strong>se</strong></span> <span class='ocrx_word' id='word_1_395' title='bbox 2917 3376 3260 3456; x_wconf 88' lang='lat' dir='ltr'><strong>cognoscit.</strong></span> <span class='ocrx_word' id='word_1_396' title='bbox 3295 3376 3410 3439; x_wconf 90' lang='lat' dir='ltr'><strong>Per</strong></span> <span class='ocrx_word' id='word_1_397' title='bbox 3447 3376 3789 3439; x_wconf 88' lang='lat' dir='ltr'><strong>essentiam</strong></span> <span class='ocrx_word' id='word_1_398' title='bbox 3829 3394 3952 3455; x_wconf 83' lang='lat' dir='ltr'><strong>ergo</strong></span> 
     </span>
     <span class='ocr_line' id='line_1_62' title="bbox 2485 3472 3956 3557; baseline 0.001 -22"><span class='ocrx_word' id='word_1_399' title='bbox 2485 3492 2664 3535; x_wconf 88' lang='lat' dir='ltr'><strong>suam</strong></span> <span class='ocrx_word' id='word_1_400' title='bbox 2699 3472 3024 3553; x_wconf 86' lang='lat' dir='ltr'><strong>cognoscit</strong></span> <span class='ocrx_word' id='word_1_401' title='bbox 3052 3481 3116 3535; x_wconf 89' lang='lat' dir='ltr'><strong>et</strong></span> <span class='ocrx_word' id='word_1_402' title='bbox 3145 3493 3213 3536; x_wconf 90' lang='lat' dir='ltr'><strong>se</strong></span> <span class='ocrx_word' id='word_1_403' title='bbox 3241 3480 3304 3535; x_wconf 90' lang='lat' dir='ltr'><strong>et</strong></span> <span class='ocrx_word' id='word_1_404' title='bbox 3334 3474 3648 3557; x_wconf 89' lang='lat' dir='ltr'><strong>quidquid</strong></span> <span class='ocrx_word' id='word_1_405' title='bbox 3681 3476 3744 3537; x_wconf 92' lang='lat' dir='ltr'><strong>in</strong></span> <span class='ocrx_word' id='word_1_406' title='bbox 3779 3494 3956 3537; x_wconf 87' lang='lat' dir='ltr'><strong>essen-</strong></span> 
     </span>
     <span class='ocr_line' id='line_1_63' title="bbox 2487 3570 3954 3651; baseline 0.001 -19"><span class='ocrx_word' id='word_1_407' title='bbox 2487 3571 2576 3632; x_wconf 88' lang='lat' dir='ltr'><strong>tia</strong></span> <span class='ocrx_word' id='word_1_408' title='bbox 2621 3590 2733 3632; x_wconf 90' lang='lat' dir='ltr'><strong>sua</strong></span> <span class='ocrx_word' id='word_1_409' title='bbox 2778 3570 3160 3651; x_wconf 87' lang='lat' dir='ltr'><strong>resplendet.</strong></span> <span class='ocrx_word' id='word_1_410' title='bbox 3208 3572 3276 3633; x_wconf 93' lang='lat' dir='ltr'><strong>In</strong></span> <span class='ocrx_word' id='word_1_411' title='bbox 3321 3574 3599 3635; x_wconf 85' lang='lat' dir='ltr'><strong>essentia</strong></span> <span class='ocrx_word' id='word_1_412' title='bbox 3640 3580 3844 3636; x_wconf 87' lang='lat' dir='ltr'><strong>autem</strong></span> <span class='ocrx_word' id='word_1_413' title='bbox 3884 3573 3954 3634; x_wconf 90' lang='lat' dir='ltr'><strong>di·</strong></span> 
     </span>
     <span class='ocr_line' id='line_1_64' title="bbox 2491 3667 3956 3753; baseline 0 -22"><span class='ocrx_word' id='word_1_414' title='bbox 2491 3669 2638 3731; x_wconf 90' lang='lat' dir='ltr'><strong>vina</strong></span> <span class='ocrx_word' id='word_1_415' title='bbox 2668 3667 2956 3731; x_wconf 87' lang='lat' dir='ltr'><strong>relucent</strong></span> <span class='ocrx_word' id='word_1_416' title='bbox 2991 3669 3206 3731; x_wconf 90' lang='lat' dir='ltr'><strong>omnia</strong></span> <span class='ocrx_word' id='word_1_417' title='bbox 3243 3670 3410 3731; x_wconf 90' lang='lat' dir='ltr'><strong>sicut</strong></span> <span class='ocrx_word' id='word_1_418' title='bbox 3454 3670 3520 3731; x_wconf 89' lang='lat' dir='ltr'><strong>in</strong></span> <span class='ocrx_word' id='word_1_419' title='bbox 3560 3671 3770 3753; x_wconf 89' lang='lat' dir='ltr'><strong>primo</strong></span> <span class='ocrx_word' id='word_1_420' title='bbox 3811 3672 3956 3733; x_wconf 79' lang='lat' dir='ltr'><strong>fonte</strong></span> 
     </span>
     <span class='ocr_line' id='line_1_65' title="bbox 2490 3766 3958 3852; baseline -0.001 -23"><span class='ocrx_word' id='word_1_421' title='bbox 2490 3775 2553 3829; x_wconf 92' lang='lat' dir='ltr'><strong>et</strong></span> <span class='ocrx_word' id='word_1_422' title='bbox 2594 3767 2853 3828; x_wconf 87' lang='lat' dir='ltr'><strong>fontana</strong></span> <span class='ocrx_word' id='word_1_423' title='bbox 2893 3766 3158 3847; x_wconf 89' lang='lat' dir='ltr'><strong>origine.</strong></span> <span class='ocrx_word' id='word_1_424' title='bbox 3193 3767 3462 3830; x_wconf 85' lang='lat' dir='ltr'><strong>Necesse</strong></span> <span class='ocrx_word' id='word_1_425' title='bbox 3500 3778 3599 3831; x_wconf 86' lang='lat' dir='ltr'><strong>est</strong></span> <span class='ocrx_word' id='word_1_426' title='bbox 3642 3770 3870 3852; x_wconf 89' lang='lat' dir='ltr'><strong>itaque,</strong></span> <span class='ocrx_word' id='word_1_427' title='bbox 3903 3777 3958 3828; x_wconf 88' lang='lat' dir='ltr'><strong>ut</strong></span> 
     </span>
     <span class='ocr_line' id='line_1_66' title="bbox 2490 3864 3960 3948; baseline -0.001 -22"><span class='ocrx_word' id='word_1_428' title='bbox 2490 3864 2656 3926; x_wconf 90' lang='lat' dir='ltr'><strong>sicut</strong></span> <span class='ocrx_word' id='word_1_429' title='bbox 2711 3864 2990 3927; x_wconf 83' lang='lat' dir='ltr'><strong>Verbum</strong></span> <span class='ocrx_word' id='word_1_430' title='bbox 3042 3864 3152 3927; x_wconf 91' lang='lat' dir='ltr'><strong>Dei</strong></span> <span class='ocrx_word' id='word_1_431' title='bbox 3205 3874 3301 3928; x_wconf 91' lang='lat' dir='ltr'><strong>est</strong></span> <span class='ocrx_word' id='word_1_432' title='bbox 3359 3866 3419 3927; x_wconf 94' lang='lat' dir='ltr'><strong>id</strong></span> <span class='ocrx_word' id='word_1_433' title='bbox 3478 3868 3650 3948; x_wconf 86' lang='lat' dir='ltr'><strong>quod</strong></span> <span class='ocrx_word' id='word_1_434' title='bbox 3710 3867 3960 3947; x_wconf 74' lang='lat' dir='ltr'><strong>concipit</strong></span> 
     </span>
     <span class='ocr_line' id='line_1_67' title="bbox 2492 3963 3960 4046; baseline -0.001 -22"><span class='ocrx_word' id='word_1_435' title='bbox 2492 3963 2657 4024; x_wconf 88' lang='lat' dir='ltr'><strong>Deus</strong></span> <span class='ocrx_word' id='word_1_436' title='bbox 2688 3963 2765 4024; x_wconf 90' lang='lat' dir='ltr'><strong>de</strong></span> <span class='ocrx_word' id='word_1_437' title='bbox 2796 3981 2863 4024; x_wconf 92' lang='lat' dir='ltr'><strong>se</strong></span> <span class='ocrx_word' id='word_1_438' title='bbox 2897 3964 3057 4045; x_wconf 86' lang='lat' dir='ltr'><strong>ipso,</strong></span> <span class='ocrx_word' id='word_1_439' title='bbox 3083 3963 3176 4025; x_wconf 89' lang='lat' dir='ltr'><strong>sic</strong></span> <span class='ocrx_word' id='word_1_440' title='bbox 3206 3964 3290 4026; x_wconf 92' lang='lat' dir='ltr'><strong>sit</strong></span> <span class='ocrx_word' id='word_1_441' title='bbox 3318 3972 3382 4026; x_wconf 92' lang='lat' dir='ltr'><strong>et</strong></span> <span class='ocrx_word' id='word_1_442' title='bbox 3411 3964 3474 4025; x_wconf 93' lang='lat' dir='ltr'><strong>id</strong></span> <span class='ocrx_word' id='word_1_443' title='bbox 3505 3965 3676 4046; x_wconf 92' lang='lat' dir='ltr'><strong>quod</strong></span> <span class='ocrx_word' id='word_1_444' title='bbox 3709 3965 3960 4046; x_wconf 87' lang='lat' dir='ltr'><strong>concipit</strong></span> 
     </span>
     <span class='ocr_line' id='line_1_68' title="bbox 2490 4060 3961 4145; baseline 0 -22"><span class='ocrx_word' id='word_1_445' title='bbox 2490 4062 2568 4123; x_wconf 90' lang='lat' dir='ltr'><strong>de</strong></span> <span class='ocrx_word' id='word_1_446' title='bbox 2600 4060 2774 4123; x_wconf 90' lang='lat' dir='ltr'><strong>omni</strong></span> <span class='ocrx_word' id='word_1_447' title='bbox 2808 4061 2932 4123; x_wconf 89' lang='lat' dir='ltr'><strong>alio</strong></span> <span class='ocrx_word' id='word_1_448' title='bbox 2965 4079 2978 4123; x_wconf 91' lang='lat'>:</span> <span class='ocrx_word' id='word_1_449' title='bbox 3013 4063 3180 4125; x_wconf 91' lang='lat' dir='ltr'><strong>Deus</strong></span> <span class='ocrx_word' id='word_1_450' title='bbox 3211 4061 3385 4125; x_wconf 91' lang='lat' dir='ltr'><strong>enim</strong></span> <span class='ocrx_word' id='word_1_451' title='bbox 3421 4080 3548 4125; x_wconf 87' lang='lat' dir='ltr'><strong>uno</strong></span> <span class='ocrx_word' id='word_1_452' title='bbox 3577 4063 3961 4145; x_wconf 85' lang='lat' dir='ltr'><strong>simplicique</strong></span> 
     </span>
    </p>
   </div>
   <div class='ocr_carea' id='block_1_16' title="bbox 880 4159 3961 4245">
    <p class='ocr_par' dir='ltr' id='par_1_17' title="bbox 880 4159 3961 4245">
     <span class='ocr_line' id='line_1_69' title="bbox 880 4159 3961 4245; baseline -0.001 -21"><span class='ocrx_word' id='word_1_453' title='bbox 880 4172 1090 4225; x_wconf 91' lang='lat' dir='ltr'><strong>turam</strong></span> <span class='ocrx_word' id='word_1_454' title='bbox 1124 4162 1352 4245; x_wconf 89' lang='lat' dir='ltr'><strong>lapidis</strong></span> <span class='ocrx_word' id='word_1_455' title='bbox 1386 4181 1624 4235; x_wconf 85' lang='lat' dir='ltr'><strong>veram,</strong></span> <span class='ocrx_word' id='word_1_456' title='bbox 1660 4169 1859 4223; x_wconf 85' lang='lat' dir='ltr'><strong>ratam</strong></span> <span class='ocrx_word' id='word_1_457' title='bbox 1902 4180 1973 4223; x_wconf 90' lang='lat' dir='ltr'><strong>ac</strong></span> <span class='ocrx_word' id='word_1_458' title='bbox 2020 4162 2085 4223; x_wconf 92' lang='lat' dir='ltr'><strong>in</strong></span> <span class='ocrx_word' id='word_1_459' title='bbox 2130 4182 2198 4224; x_wconf 92' lang='lat' dir='ltr'><strong>se</strong></span> <span class='ocrx_word' id='word_1_460' title='bbox 2237 4162 2380 4224; x_wconf 89' lang='lat' dir='ltr'><strong>sub·</strong></span> <span class='ocrx_word' id='word_1_461' title='bbox 2413 4159 2460 4221; x_wconf 92' lang='lat' dir='ltr'>D</span> <span class='ocrx_word' id='word_1_462' title='bbox 2494 4166 2832 4240; x_wconf 91' lang='lat' dir='ltr'><strong>prospectu</strong></span> <span class='ocrx_word' id='word_1_463' title='bbox 2879 4160 3350 4241; x_wconf 85' lang='lat' dir='ltr'><strong>contemplatur</strong></span> <span class='ocrx_word' id='word_1_464' title='bbox 3389 4180 3456 4224; x_wconf 91' lang='lat' dir='ltr'><strong>se</strong></span> <span class='ocrx_word' id='word_1_465' title='bbox 3493 4169 3560 4223; x_wconf 90' lang='lat' dir='ltr'><strong>et</strong></span> <span class='ocrx_word' id='word_1_466' title='bbox 3598 4170 3804 4224; x_wconf 89' lang='lat' dir='ltr'><strong>cetera</strong></span> <span class='ocrx_word' id='word_1_467' title='bbox 3853 4160 3961 4223; x_wconf 87' lang='lat' dir='ltr'><strong>uni-</strong></span> 
     </span>
    </p>
   </div>
   <div class='ocr_carea' id='block_1_17' title="bbox 873 4260 2381 5229">
    <p class='ocr_par' dir='ltr' id='par_1_18' title="bbox 873 4260 2381 5229">
     <span class='ocr_line' id='line_1_70' title="bbox 880 4260 2373 4342; baseline 0 -19"><span class='ocrx_word' id='word_1_468' title='bbox 880 4262 1229 4329; x_wconf 89' lang='lat' dir='ltr'><strong>sistentem.</strong></span> <span class='ocrx_word' id='word_1_469' title='bbox 1266 4262 1432 4322; x_wconf 91' lang='lat' dir='ltr'><strong>Deus</strong></span> <span class='ocrx_word' id='word_1_470' title='bbox 1472 4267 1686 4323; x_wconf 86' lang='lat' dir='ltr'><strong>autem</strong></span> <span class='ocrx_word' id='word_1_471' title='bbox 1722 4260 2017 4341; x_wconf 88' lang='lat' dir='ltr'><strong>intelligit</strong></span> <span class='ocrx_word' id='word_1_472' title='bbox 2047 4280 2113 4323; x_wconf 90' lang='lat' dir='ltr'><strong>se</strong></span> <span class='ocrx_word' id='word_1_473' title='bbox 2147 4261 2373 4342; x_wconf 89' lang='lat' dir='ltr'><strong>ipsum.</strong></span> 
     </span>
     <span class='ocr_line' id='line_1_71' title="bbox 881 4357 2378 4438; baseline 0 -17"><span class='ocrx_word' id='word_1_474' title='bbox 881 4359 991 4421; x_wconf 87' lang='lat' dir='ltr'><strong>Est</strong></span> <span class='ocrx_word' id='word_1_475' title='bbox 1048 4375 1198 4438; x_wconf 89' lang='lat' dir='ltr'><strong>ergo</strong></span> <span class='ocrx_word' id='word_1_476' title='bbox 1257 4358 1321 4419; x_wconf 92' lang='lat' dir='ltr'><strong>in</strong></span> <span class='ocrx_word' id='word_1_477' title='bbox 1379 4377 1446 4419; x_wconf 94' lang='lat' dir='ltr'><strong>se</strong></span> <span class='ocrx_word' id='word_1_478' title='bbox 1505 4357 1645 4438; x_wconf 88' lang='lat' dir='ltr'><strong>ipso</strong></span> <span class='ocrx_word' id='word_1_479' title='bbox 1704 4358 1871 4419; x_wconf 92' lang='lat' dir='ltr'><strong>sicut</strong></span> <span class='ocrx_word' id='word_1_480' title='bbox 1928 4358 2254 4438; x_wconf 88' lang='lat' dir='ltr'><strong>cognitum</strong></span> <span class='ocrx_word' id='word_1_481' title='bbox 2315 4360 2378 4421; x_wconf 91' lang='lat' dir='ltr'><strong>in</strong></span> 
     </span>
     <span class='ocr_line' id='line_1_72' title="bbox 880 4455 2381 4538; baseline 0 -19"><span class='ocrx_word' id='word_1_482' title='bbox 880 4456 1296 4538; x_wconf 89' lang='lat' dir='ltr'><strong>intelligente.</strong></span> <span class='ocrx_word' id='word_1_483' title='bbox 1332 4456 1497 4517; x_wconf 90' lang='lat' dir='ltr'><strong>Deus</strong></span> <span class='ocrx_word' id='word_1_484' title='bbox 1529 4474 1678 4536; x_wconf 91' lang='lat' dir='ltr'><strong>ergo</strong></span> <span class='ocrx_word' id='word_1_485' title='bbox 1709 4463 1805 4517; x_wconf 90' lang='lat' dir='ltr'><strong>est</strong></span> <span class='ocrx_word' id='word_1_486' title='bbox 1838 4455 1900 4517; x_wconf 91' lang='lat' dir='ltr'><strong>in</strong></span> <span class='ocrx_word' id='word_1_487' title='bbox 1934 4474 2001 4518; x_wconf 91' lang='lat' dir='ltr'><strong>se</strong></span> <span class='ocrx_word' id='word_1_488' title='bbox 2035 4456 2175 4537; x_wconf 91' lang='lat' dir='ltr'><strong>ipso</strong></span> <span class='ocrx_word' id='word_1_489' title='bbox 2215 4458 2381 4520; x_wconf 89' lang='lat' dir='ltr'><strong>sicut</strong></span> 
     </span>
     <span class='ocr_line' id='line_1_73' title="bbox 880 4554 2379 4636; baseline 0.002 -19"><span class='ocrx_word' id='word_1_490' title='bbox 880 4555 1149 4618; x_wconf 89' lang='lat' dir='ltr'><strong>verbum</strong></span> <span class='ocrx_word' id='word_1_491' title='bbox 1210 4556 1275 4616; x_wconf 91' lang='lat' dir='ltr'><strong>in</strong></span> <span class='ocrx_word' id='word_1_492' title='bbox 1334 4554 1758 4636; x_wconf 89' lang='lat' dir='ltr'><strong>concipiente,</strong></span> <span class='ocrx_word' id='word_1_493' title='bbox 1808 4555 1976 4617; x_wconf 89' lang='lat' dir='ltr'><strong>sicut</strong></span> <span class='ocrx_word' id='word_1_494' title='bbox 2024 4554 2379 4620; x_wconf 88' lang='lat' dir='ltr'><strong>similitudo</strong></span> 
     </span>
     <span class='ocr_line' id='line_1_74' title="bbox 880 4652 2376 4733; baseline 0.001 -17"><span class='ocrx_word' id='word_1_495' title='bbox 880 4654 945 4716; x_wconf 92' lang='lat' dir='ltr'><strong>in</strong></span> <span class='ocrx_word' id='word_1_496' title='bbox 980 4653 1394 4733; x_wconf 86' lang='lat' dir='ltr'><strong>intelligente,</strong></span> <span class='ocrx_word' id='word_1_497' title='bbox 1428 4659 1488 4715; x_wconf 90' lang='lat' dir='ltr'><strong>et</strong></span> <span class='ocrx_word' id='word_1_498' title='bbox 1520 4653 1688 4714; x_wconf 91' lang='lat' dir='ltr'><strong>sicut</strong></span> <span class='ocrx_word' id='word_1_499' title='bbox 1718 4653 1876 4715; x_wconf 89' lang='lat' dir='ltr'><strong>ratio</strong></span> <span class='ocrx_word' id='word_1_500' title='bbox 1908 4652 2270 4715; x_wconf 88' lang='lat' dir='ltr'><strong>intellectus</strong></span> <span class='ocrx_word' id='word_1_501' title='bbox 2311 4656 2376 4717; x_wconf 90' lang='lat' dir='ltr'><strong>in</strong></span> 
     </span>
     <span class='ocr_line' id='line_1_75' title="bbox 877 4751 2374 4833; baseline 0 -19"><span class='ocrx_word' id='word_1_502' title='bbox 877 4752 1321 4833; x_wconf 86' lang='lat' dir='ltr'><strong>cognoscentis</strong></span> <span class='ocrx_word' id='word_1_503' title='bbox 1383 4751 1645 4812; x_wconf 89' lang='lat' dir='ltr'><strong>lumine.</strong></span> <span class='ocrx_word' id='word_1_504' title='bbox 1712 4751 1786 4812; x_wconf 88' lang='lat' dir='ltr'><strong>Et</strong></span> <span class='ocrx_word' id='word_1_505' title='bbox 1844 4752 2012 4813; x_wconf 90' lang='lat' dir='ltr'><strong>istud</strong></span> <span class='ocrx_word' id='word_1_506' title='bbox 2074 4751 2139 4813; x_wconf 91' lang='lat' dir='ltr'><strong>in</strong></span> <span class='ocrx_word' id='word_1_507' title='bbox 2199 4753 2374 4814; x_wconf 90' lang='lat' dir='ltr'><strong>omni</strong></span> 
     </span>
     <span class='ocr_line' id='line_1_76' title="bbox 877 4849 2377 4931; baseline 0 -19"><span class='ocrx_word' id='word_1_508' title='bbox 877 4849 1207 4913; x_wconf 90' lang='lat' dir='ltr'><strong>intellectu</strong></span> <span class='ocrx_word' id='word_1_509' title='bbox 1239 4868 1461 4913; x_wconf 90' lang='lat' dir='ltr'><strong>verum</strong></span> <span class='ocrx_word' id='word_1_510' title='bbox 1502 4856 1616 4911; x_wconf 88' lang='lat' dir='ltr'><strong>est.</strong></span> <span class='ocrx_word' id='word_1_511' title='bbox 1654 4849 1817 4912; x_wconf 89' lang='lat' dir='ltr'><strong>Dum</strong></span> <span class='ocrx_word' id='word_1_512' title='bbox 1858 4849 2032 4913; x_wconf 89' lang='lat' dir='ltr'><strong>enim</strong></span> <span class='ocrx_word' id='word_1_513' title='bbox 2076 4850 2377 4931; x_wconf 89' lang='lat' dir='ltr'><strong>intelligit</strong></span> 
     </span>
     <span class='ocr_line' id='line_1_77' title="bbox 874 4947 2375 5030; baseline -0.001 -18"><span class='ocrx_word' id='word_1_514' title='bbox 874 4950 1067 5012; x_wconf 90' lang='lat' dir='ltr'><strong>homo</strong></span> <span class='ocrx_word' id='word_1_515' title='bbox 1106 4967 1173 5011; x_wconf 91' lang='lat' dir='ltr'><strong>se</strong></span> <span class='ocrx_word' id='word_1_516' title='bbox 1215 4947 1449 5030; x_wconf 91' lang='lat' dir='ltr'><strong>ipsum,</strong></span> <span class='ocrx_word' id='word_1_517' title='bbox 1486 4956 1581 5010; x_wconf 90' lang='lat' dir='ltr'><strong>est</strong></span> <span class='ocrx_word' id='word_1_518' title='bbox 1620 4948 1813 5011; x_wconf 90' lang='lat' dir='ltr'><strong>homo</strong></span> <span class='ocrx_word' id='word_1_519' title='bbox 1853 4948 1919 5010; x_wconf 90' lang='lat' dir='ltr'><strong>in</strong></span> <span class='ocrx_word' id='word_1_520' title='bbox 1958 4967 2025 5011; x_wconf 89' lang='lat' dir='ltr'><strong>se</strong></span> <span class='ocrx_word' id='word_1_521' title='bbox 2066 4949 2234 5011; x_wconf 90' lang='lat' dir='ltr'><strong>sicut</strong></span> <span class='ocrx_word' id='word_1_522' title='bbox 2277 4968 2375 5011; x_wconf 89' lang='lat' dir='ltr'><strong>co-</strong></span> 
     </span>
     <span class='ocr_line' id='line_1_78' title="bbox 873 5046 2372 5129; baseline 0.001 -21"><span class='ocrx_word' id='word_1_523' title='bbox 873 5047 1122 5129; x_wconf 84' lang='lat' dir='ltr'><strong>gnitum</strong></span> <span class='ocrx_word' id='word_1_524' title='bbox 1154 5046 1217 5107; x_wconf 93' lang='lat' dir='ltr'><strong>in</strong></span> <span class='ocrx_word' id='word_1_525' title='bbox 1251 5053 1687 5127; x_wconf 89' lang='lat' dir='ltr'><strong>cognoscente.</strong></span> <span class='ocrx_word' id='word_1_526' title='bbox 1728 5046 1802 5108; x_wconf 89' lang='lat' dir='ltr'><strong>Et</strong></span> <span class='ocrx_word' id='word_1_527' title='bbox 1840 5046 2030 5109; x_wconf 90' lang='lat' dir='ltr'><strong>homo</strong></span> <span class='ocrx_word' id='word_1_528' title='bbox 2077 5054 2145 5108; x_wconf 91' lang='lat' dir='ltr'><strong>ut</strong></span> <span class='ocrx_word' id='word_1_529' title='bbox 2190 5046 2372 5109; x_wconf 87' lang='lat' dir='ltr'><strong>intel-</strong></span> 
     </span>
     <span class='ocr_line' id='line_1_79' title="bbox 874 5144 2372 5229; baseline 0 -20"><span class='ocrx_word' id='word_1_530' title='bbox 874 5147 1098 5219; x_wconf 83' lang='lat' dir='ltr'><strong>lectuS,</strong></span> <span class='ocrx_word' id='word_1_531' title='bbox 1133 5152 1231 5209; x_wconf 88' lang='lat' dir='ltr'><strong>est</strong></span> <span class='ocrx_word' id='word_1_532' title='bbox 1258 5144 1527 5208; x_wconf 90' lang='lat' dir='ltr'><strong>verbum</strong></span> <span class='ocrx_word' id='word_1_533' title='bbox 1570 5146 1930 5209; x_wconf 91' lang='lat' dir='ltr'><strong>intellectus</strong></span> <span class='ocrx_word' id='word_1_534' title='bbox 1970 5164 2098 5229; x_wconf 92' lang='lat' dir='ltr'><strong>quo</strong></span> <span class='ocrx_word' id='word_1_535' title='bbox 2138 5146 2372 5210; x_wconf 87' lang='lat' dir='ltr'><strong>intelli-</strong></span> 
     </span>
    </p>
   </div>
   <div class='ocr_carea' id='block_1_18' title="bbox 2479 4252 3968 5221">
    <p class='ocr_par' dir='ltr' id='par_1_19' title="bbox 2487 4252 3966 4733">
     <span class='ocr_line' id='line_1_80' title="bbox 2493 4252 3966 4341; baseline -0.001 -21"><span class='ocrx_word' id='word_1_536' title='bbox 2493 4276 2690 4320; x_wconf 86' lang='lat' dir='ltr'><strong>versa.</strong></span> <span class='ocrx_word' id='word_1_537' title='bbox 2735 4258 2868 4319; x_wconf 89' lang='lat' dir='ltr'><strong>Una</strong></span> <span class='ocrx_word' id='word_1_538' title='bbox 2916 4258 3109 4339; x_wconf 87' lang='lat' dir='ltr'><strong>igitur</strong></span> <span class='ocrx_word' id='word_1_539' title='bbox 3157 4258 3436 4322; x_wconf 90' lang='lat' dir='ltr'><strong>dictione</strong></span> <span class='ocrx_word' id='word_1_540' title='bbox 3485 4252 3642 4321; x_wconf 86' lang='lat' dir='ltr'><strong>dicit</strong></span> <span class='ocrx_word' id='word_1_541' title='bbox 3682 4267 3747 4323; x_wconf 88' lang='lat' dir='ltr'><strong>et</strong></span> <span class='ocrx_word' id='word_1_542' title='bbox 3787 4260 3966 4341; x_wconf 86' lang='lat' dir='ltr'><strong>gignit</strong></span> 
     </span>
     <span class='ocr_line' id='line_1_81' title="bbox 2490 4356 3959 4439; baseline 0.001 -22"><span class='ocrx_word' id='word_1_543' title='bbox 2490 4356 2609 4417; x_wconf 87' lang='lat' dir='ltr'><strong>hoc</strong></span> <span class='ocrx_word' id='word_1_544' title='bbox 2649 4356 2818 4437; x_wconf 92' lang='lat' dir='ltr'><strong>quod</strong></span> <span class='ocrx_word' id='word_1_545' title='bbox 2859 4356 2936 4418; x_wconf 93' lang='lat' dir='ltr'><strong>de</strong></span> <span class='ocrx_word' id='word_1_546' title='bbox 2975 4376 3042 4418; x_wconf 91' lang='lat' dir='ltr'><strong>se</strong></span> <span class='ocrx_word' id='word_1_547' title='bbox 3091 4364 3156 4418; x_wconf 89' lang='lat' dir='ltr'><strong>et</strong></span> <span class='ocrx_word' id='word_1_548' title='bbox 3199 4357 3344 4419; x_wconf 89' lang='lat' dir='ltr'><strong>aliis</strong></span> <span class='ocrx_word' id='word_1_549' title='bbox 3393 4358 3734 4439; x_wconf 88' lang='lat' dir='ltr'><strong>cognoscit.</strong></span> <span class='ocrx_word' id='word_1_550' title='bbox 3777 4358 3959 4421; x_wconf 84' lang='lat' dir='ltr'><strong>Palam</strong></span> 
     </span>
     <span class='ocr_line' id='line_1_82' title="bbox 2489 4455 3966 4537; baseline 0.001 -22"><span class='ocrx_word' id='word_1_551' title='bbox 2489 4462 2585 4516; x_wconf 87' lang='lat' dir='ltr'><strong>est</strong></span> <span class='ocrx_word' id='word_1_552' title='bbox 2627 4472 2796 4535; x_wconf 90' lang='lat' dir='ltr'><strong>ergo,</strong></span> <span class='ocrx_word' id='word_1_553' title='bbox 2831 4455 3000 4537; x_wconf 90' lang='lat' dir='ltr'><strong>quod</strong></span> <span class='ocrx_word' id='word_1_554' title='bbox 3041 4455 3152 4517; x_wconf 90' lang='lat' dir='ltr'><strong>Dei</strong></span> <span class='ocrx_word' id='word_1_555' title='bbox 3193 4456 3472 4518; x_wconf 87' lang='lat' dir='ltr'><strong>Verbum</strong></span> <span class='ocrx_word' id='word_1_556' title='bbox 3513 4458 3596 4518; x_wconf 91' lang='lat' dir='ltr'><strong>sit</strong></span> <span class='ocrx_word' id='word_1_557' title='bbox 3633 4456 3966 4519; x_wconf 86' lang='lat' dir='ltr'><strong>similitudo</strong></span> 
     </span>
     <span class='ocr_line' id='line_1_83' title="bbox 2489 4553 3962 4637; baseline 0.001 -22"><span class='ocrx_word' id='word_1_558' title='bbox 2489 4561 2552 4616; x_wconf 90' lang='lat' dir='ltr'><strong>et</strong></span> <span class='ocrx_word' id='word_1_559' title='bbox 2601 4554 2794 4616; x_wconf 89' lang='lat' dir='ltr'><strong>Patris</strong></span> <span class='ocrx_word' id='word_1_560' title='bbox 2853 4553 3147 4627; x_wconf 82' lang='lat' dir='ltr'><strong>dicentiS,</strong></span> <span class='ocrx_word' id='word_1_561' title='bbox 3197 4562 3262 4616; x_wconf 91' lang='lat' dir='ltr'><strong>et</strong></span> <span class='ocrx_word' id='word_1_562' title='bbox 3317 4573 3528 4617; x_wconf 85' lang='lat' dir='ltr'><strong>rerum</strong></span> <span class='ocrx_word' id='word_1_563' title='bbox 3588 4556 3962 4637; x_wconf 87' lang='lat' dir='ltr'><strong>cognitarum</strong></span> 
     </span>
     <span class='ocr_line' id='line_1_84' title="bbox 2487 4660 3100 4733; baseline -0.002 -18"><span class='ocrx_word' id='word_1_564' title='bbox 2487 4672 2522 4715; x_wconf 90' lang='lat' dir='ltr'><strong>a</strong></span> <span class='ocrx_word' id='word_1_565' title='bbox 2566 4660 2825 4733; x_wconf 85' lang='lat' dir='ltr'><strong>paterna</strong></span> <span class='ocrx_word' id='word_1_566' title='bbox 2871 4660 3100 4715; x_wconf 88' lang='lat' dir='ltr'><strong>mente.</strong></span> 
     </span>
    </p>

    <p class='ocr_par' dir='ltr' id='par_1_20' title="bbox 2479 4750 3968 5221">
     <span class='ocr_line' id='line_1_85' title="bbox 2566 4750 3966 4815; baseline 0.001 -1"><span class='ocrx_word' id='word_1_567' title='bbox 2566 4750 2684 4814; x_wconf 90' lang='lat' dir='ltr'><strong>Sed</strong></span> <span class='ocrx_word' id='word_1_568' title='bbox 2718 4751 2837 4814; x_wconf 91' lang='lat' dir='ltr'><strong>hoc</strong></span> <span class='ocrx_word' id='word_1_569' title='bbox 2870 4770 2994 4814; x_wconf 90' lang='lat' dir='ltr'><strong>non</strong></span> <span class='ocrx_word' id='word_1_570' title='bbox 3023 4758 3120 4813; x_wconf 91' lang='lat' dir='ltr'><strong>est</strong></span> <span class='ocrx_word' id='word_1_571' title='bbox 3161 4751 3585 4815; x_wconf 87' lang='lat' dir='ltr'><strong>uniformiter.</strong></span> <span class='ocrx_word' id='word_1_572' title='bbox 3622 4753 3966 4815; x_wconf 86' lang='lat' dir='ltr'><strong>Similitudo</strong></span> 
     </span>
     <span class='ocr_line' id='line_1_86' title="bbox 2487 4849 3968 4931; baseline -0.001 -18"><span class='ocrx_word' id='word_1_573' title='bbox 2487 4867 2718 4931; x_wconf 90' lang='lat' dir='ltr'><strong>nempe</strong></span> <span class='ocrx_word' id='word_1_574' title='bbox 2767 4869 2908 4931; x_wconf 83' lang='lat' dir='ltr'><strong>quae</strong></span> <span class='ocrx_word' id='word_1_575' title='bbox 2961 4856 3083 4911; x_wconf 90' lang='lat' dir='ltr'><strong>stat</strong></span> <span class='ocrx_word' id='word_1_576' title='bbox 3133 4849 3196 4911; x_wconf 91' lang='lat' dir='ltr'><strong>in</strong></span> <span class='ocrx_word' id='word_1_577' title='bbox 3250 4850 3392 4913; x_wconf 89' lang='lat' dir='ltr'><strong>luce</strong></span> <span class='ocrx_word' id='word_1_578' title='bbox 3442 4850 3827 4926; x_wconf 78' lang='lat' dir='ltr'><strong>intellectuS,</strong></span> <span class='ocrx_word' id='word_1_579' title='bbox 3886 4860 3968 4915; x_wconf 83' lang='lat' dir='ltr'><strong>aut</strong></span> 
     </span>
     <span class='ocr_line' id='line_1_87' title="bbox 2485 4947 3964 5033; baseline 0.003 -22"><span class='ocrx_word' id='word_1_580' title='bbox 2485 4956 2889 5031; x_wconf 88' lang='lat' dir='ltr'><strong>comparatur</strong></span> <span class='ocrx_word' id='word_1_581' title='bbox 2937 4949 3014 5010; x_wconf 89' lang='lat' dir='ltr'><strong>ad</strong></span> <span class='ocrx_word' id='word_1_582' title='bbox 3066 4948 3127 5009; x_wconf 90' lang='lat' dir='ltr'><strong>id</strong></span> <span class='ocrx_word' id='word_1_583' title='bbox 3179 4947 3364 5031; x_wconf 87' lang='lat' dir='ltr'><strong>cujus</strong></span> <span class='ocrx_word' id='word_1_584' title='bbox 3417 4958 3516 5012; x_wconf 93' lang='lat' dir='ltr'><strong>est</strong></span> <span class='ocrx_word' id='word_1_585' title='bbox 3563 4950 3964 5033; x_wconf 87' lang='lat' dir='ltr'><strong>principium,</strong></span> 
     </span>
     <span class='ocr_line' id='line_1_88' title="bbox 2479 5046 3967 5130; baseline 0.002 -21"><span class='ocrx_word' id='word_1_586' title='bbox 2479 5056 2590 5110; x_wconf 90' lang='lat' dir='ltr'><strong>aut</strong></span> <span class='ocrx_word' id='word_1_587' title='bbox 2629 5048 2706 5110; x_wconf 90' lang='lat' dir='ltr'><strong>ad</strong></span> <span class='ocrx_word' id='word_1_588' title='bbox 2750 5048 2810 5109; x_wconf 90' lang='lat' dir='ltr'><strong>id</strong></span> <span class='ocrx_word' id='word_1_589' title='bbox 2853 5046 3020 5129; x_wconf 91' lang='lat' dir='ltr'><strong>quod</strong></span> <span class='ocrx_word' id='word_1_590' title='bbox 3065 5055 3162 5110; x_wconf 90' lang='lat' dir='ltr'><strong>est</strong></span> <span class='ocrx_word' id='word_1_591' title='bbox 3205 5047 3598 5130; x_wconf 88' lang='lat' dir='ltr'><strong>principium</strong></span> <span class='ocrx_word' id='word_1_592' title='bbox 3631 5050 3728 5111; x_wconf 91' lang='lat' dir='ltr'><strong>sui</strong></span> <span class='ocrx_word' id='word_1_593' title='bbox 3767 5067 3782 5110; x_wconf 91' lang='lat'>:</span> <span class='ocrx_word' id='word_1_594' title='bbox 3817 5051 3967 5112; x_wconf 82' lang='lat' dir='ltr'><strong>sieut</strong></span> 
     </span>
     <span class='ocr_line' id='line_1_89' title="bbox 2481 5146 3964 5221; baseline 0.002 -13"><span class='ocrx_word' id='word_1_595' title='bbox 2481 5146 2683 5209; x_wconf 86' lang='lat' dir='ltr'><strong>forma</strong></span> <span class='ocrx_word' id='word_1_596' title='bbox 2712 5146 2940 5209; x_wconf 91' lang='lat' dir='ltr'><strong>domus</strong></span> <span class='ocrx_word' id='word_1_597' title='bbox 2971 5154 3142 5208; x_wconf 87' lang='lat' dir='ltr'><strong>stans</strong></span> <span class='ocrx_word' id='word_1_598' title='bbox 3176 5146 3240 5208; x_wconf 92' lang='lat' dir='ltr'><strong>in</strong></span> <span class='ocrx_word' id='word_1_599' title='bbox 3269 5146 3484 5209; x_wconf 89' lang='lat' dir='ltr'><strong>anima</strong></span> <span class='ocrx_word' id='word_1_600' title='bbox 3513 5146 3964 5221; x_wconf 56' lang='lat' dir='ltr'><strong>artificisffeie-</strong></span> 
     </span>
    </p>
   </div>
   <div class='ocr_carea' id='block_1_19' title="bbox 871 5242 3962 5327">
    <p class='ocr_par' dir='ltr' id='par_1_21' title="bbox 871 5242 3962 5327">
     <span class='ocr_line' id='line_1_90' title="bbox 871 5242 3962 5327; baseline 0.001 -20"><span class='ocrx_word' id='word_1_601' title='bbox 871 5245 965 5327; x_wconf 88' lang='lat' dir='ltr'><strong>git</strong></span> <span class='ocrx_word' id='word_1_602' title='bbox 1006 5243 1285 5307; x_wconf 88' lang='lat' dir='ltr'><strong>hominis</strong></span> <span class='ocrx_word' id='word_1_603' title='bbox 1330 5243 1615 5307; x_wconf 88' lang='lat' dir='ltr'><strong>naturale</strong></span> <span class='ocrx_word' id='word_1_604' title='bbox 1660 5262 1817 5307; x_wconf 89' lang='lat' dir='ltr'><strong>esse.</strong></span> <span class='ocrx_word' id='word_1_605' title='bbox 1852 5244 1973 5307; x_wconf 91' lang='lat' dir='ltr'><strong>Sed</strong></span> <span class='ocrx_word' id='word_1_606' title='bbox 2016 5244 2208 5307; x_wconf 92' lang='lat' dir='ltr'><strong>homo</strong></span> <span class='ocrx_word' id='word_1_607' title='bbox 2252 5245 2364 5327; x_wconf 89' lang='lat' dir='ltr'><strong>qui</strong></span> <span class='ocrx_word' id='word_1_608' title='bbox 2476 5244 2682 5307; x_wconf 89' lang='lat' dir='ltr'><strong>ribilis</strong></span> <span class='ocrx_word' id='word_1_609' title='bbox 2709 5252 2806 5307; x_wconf 88' lang='lat' dir='ltr'><strong>est</strong></span> <span class='ocrx_word' id='word_1_610' title='bbox 2833 5243 2911 5306; x_wconf 88' lang='lat' dir='ltr'><strong>ad</strong></span> <span class='ocrx_word' id='word_1_611' title='bbox 2942 5242 3212 5307; x_wconf 86' lang='lat' dir='ltr'><strong>formam</strong></span> <span class='ocrx_word' id='word_1_612' title='bbox 3252 5264 3331 5308; x_wconf 89' lang='lat' dir='ltr'><strong>ex</strong></span> <span class='ocrx_word' id='word_1_613' title='bbox 3369 5264 3496 5327; x_wconf 90' lang='lat' dir='ltr'><strong>qua</strong></span> <span class='ocrx_word' id='word_1_614' title='bbox 3533 5245 3748 5308; x_wconf 87' lang='lat' dir='ltr'><strong>elicita</strong></span> <span class='ocrx_word' id='word_1_615' title='bbox 3789 5254 3962 5312; x_wconf 80' lang='lat' dir='ltr'><strong>estet</strong></span> 
     </span>
    </p>
   </div>
   <div class='ocr_carea' id='block_1_20' title="bbox 4187 1286 4216 6211">
    <p class='ocr_par' dir='ltr' id='par_1_22' title="bbox 4187 1286 4216 6211">
     <span class='ocr_line' id='line_1_91' title="bbox 4187 1286 4216 6211; baseline 0 0"><span class='ocrx_word' id='word_1_616' title='bbox 4187 1286 4216 6211; x_wconf 95' lang='lat' dir='ltr'><strong> </strong></span> 
     </span>
    </p>
   </div>
  </div>
 </body>
</html>
