4300 6259
591 4813 672 4853 art.
695 4822 834 4854 uvm.

882 457 1005 523 320

875 631 1098 727 agunt,
1151 653 1224 708 ut
1279 646 1812 729 supermundanae
1863 652 2108 707 mentes
2168 653 2232 707 et
2277 663 2381 706 na·
2411 645 2461 708 A
2494 645 2837 726 quamdam
2897 644 3281 729 participare
3339 646 3540 730 possit

879 753 1040 808 turae
1071 745 1422 824 coelorum3
1454 752 1519 807 et
1547 745 1643 807 hae
1674 751 1822 806 sunt
1863 762 2069 806 causae
2110 751 2179 804 ut
2219 762 2381 806 sem·

881 864 1014 926 per.
1050 844 1204 908 Aliae
1244 862 1396 907 vero
1436 851 1632 925 agunt
1673 852 1742 904 ut
1779 843 2173 924 frequenter,
2216 843 2383 904 sicut

879 951 1106 1006 natura
1151 941 1571 1024 particularis
1623 941 1945 1004 Naturalia
2003 941 2177 1003 enim
2239 957 2381 1002 raro

877 1063 915 1105 a
958 1059 1074 1105 suo
1117 1041 1251 1104 fine
1295 1041 1609 1102 deficiunt
1650 1057 1663 1102 ε
1711 1047 1774 1102 et
1819 1040 1960 1102 ideo
2003 1046 2073 1100 ut
2117 1038 2183 1100 in
2232 1058 2380 1120 pau·

878 1141 1158 1204 ciorihus
1187 1139 1629 1222 producuntur
1661 1145 1958 1201 monstra.
1975 1138 2212 1201 Ceterae
2241 1155 2379 1219 pro-

878 1240 1026 1303 inde
1065 1247 1214 1302 sunt
1253 1257 1457 1301 causae
1496 1255 1659 1312 rar0,
1694 1245 1758 1300 et
1796 1245 1972 1300 extra
2008 1237 2379 1318 frequenter

875 1359 947 1403 ac
991 1356 1248 1420 semper
1289 1355 1302 1399 :
1349 1344 1418 1398 ut
1461 1343 1610 1399 sunt
1656 1355 1839 1398 casus
1883 1343 1946 1398 et
1989 1334 2263 1398 fortuna.
2305 1335 2374 1396 In

876 1439 994 1500 hac
1027 1437 1220 1518 igitur
1252 1433 1610 1497 trimembri
1655 1433 2022 1496 causalitate
2061 1441 2184 1495 stat
2221 1433 2377 1495 ordo

875 1533 1412 1598 causarum.0rdo
1442 1533 1718 1615 denique
1750 1539 1844 1594 est
1877 1531 2376 1614 pulchritudinis

874 1635 1070 1715 origo.
1121 1632 1430 1707 Quoniam
1481 1649 1631 1713 ergo
1677 1631 1909 1693 divinae
1959 1629 2375 1712 providentias

875 1751 1002 1796 non
1061 1738 1155 1794 est
1204 1731 1427 1794 tollere
1482 1729 1772 1792 ordinem
1831 1737 2020 1810 atque
2074 1736 2371 1791 ornatum

1458 475 1537 523 DE
1578 474 1807 521 anNn
1849 473 2234 521 CHRISTIANAE
2274 473 2577 530 mnomffi,
2622 473 2881 521 LIBERI.
2930 493 3010 504 -
3050 475 3188 522 ΛΒΤ.
3235 475 3419 522 Lxxw

3598 663 3613 708 ε
3664 646 3835 709 sicut
3886 663 3983 728 ge·

2492 743 2733 806 neratio
2764 744 2995 826 plantae
3025 752 3121 808 est
3156 745 3531 825 contingens
3568 745 3813 808 ratione
3850 763 3983 826 pro-

2492 843 2679 905 ximae
2710 861 2938 915 causae,
2975 862 3116 925 quae
3156 852 3255 906 est
3284 844 3381 906 vis
3408 844 3773 925 generativa
3806 859 3822 904 τ
3858 851 3983 924 pot-

2490 949 2587 1002 est
2630 941 2867 1003 etenim
2910 941 3045 1004 haec
3083 941 3181 1003 vis
3226 941 3524 1023 impediri
3565 950 3629 1004 et
3665 940 3977 1018 deficere3

2492 1039 2602 1101 sed
2634 1038 2751 1113 sol,
2772 1039 2883 1120 qui
2915 1057 3105 1101 causa
3136 1047 3375 1103 remota
3404 1048 3523 1115 est,
3541 1038 3983 1102 indeficienter

2490 1137 2636 1216 agit.
2689 1137 2895 1200 Claret
2951 1137 3145 1218 igitur
3192 1156 3317 1201 non
3367 1138 3504 1202 tolli
3554 1137 3981 1219 contingentia

2491 1243 2751 1317 propter
2780 1236 3268 1316 providentiam.
3302 1237 3645 1300 Enimvero
3679 1237 3977 1320 quoniam

2492 1352 2606 1416 per
2669 1332 3028 1397 libertatem
3098 1343 3340 1399 naturae
3406 1335 3691 1418 quaedam
3764 1335 3979 1398 divino

2486 1450 2625 1495 esse
2686 1433 3006 1516 praecipue
3076 1435 3555 1514 assimilantur3
3617 1453 3730 1517 per
3789 1453 3977 1517 quam

2488 1532 2679 1594 etiam
2742 1533 3043 1596 meritum
3101 1542 3165 1596 et
3229 1534 3483 1597 laudem
3539 1534 3979 1616 adipiscuntur

2485 1630 2793 1694 virtutum
2828 1640 2892 1694 et
2930 1641 3138 1696 cetera
3174 1633 3545 1716 disponunt,
3575 1634 3979 1716 quemadmo-

2485 1729 2638 1792 dum
2697 1731 2775 1793 de
2833 1731 3135 1794 omnihus
3194 1731 3608 1795 rationalibus
3672 1733 3977 1794 creaturis

874 1849 1208 1895 causarum
1249 1837 1313 1892 et
1349 1837 1773 1901 causatorum,
1807 1827 1949 1890 ideo
1990 1845 2106 1888 nec
2150 1845 2369 1888 casum
2399 1829 2447 1892 B
2489 1829 2899 1893 manifestum
2944 1837 3041 1891 est
3074 1846 3088 1892 :
3122 1829 3273 1892 hinc
3319 1831 3541 1912 utique
3578 1830 3795 1892 divina
3840 1849 3973 1913 pro-

876 1939 938 1994 et
981 1931 1300 1993 fortunam
1350 1926 1736 2011 praescindit.

955 2029 1200 2103 Adhuc,
1244 2025 1641 2109 providentia
1683 2043 1808 2088 non
1854 2024 2040 2097 tollit,
2084 2024 2216 2086 imo
2260 2023 2375 2086 lar-

873 2129 1044 2208 gitur
1092 2125 1283 2188 rebus
1334 2125 1396 2186 id
1445 2124 1613 2206 quod
1657 2123 2074 2186 substantiale
2118 2130 2212 2185 est
2255 2123 2368 2185 eis‚

875 2225 1146 2288 Materiae
1185 2232 1400 2285 autem
1441 2221 1857 2284 substantiale
1897 2229 2014 2294 est,
2050 2229 2119 2283 ut
2160 2222 2240 2282 sit
2281 2239 2373 2282 ra-

873 2325 982 2387 dix
1032 2321 1480 2402 contingentiae
1529 2327 1590 2382 et
1641 2319 2012 2382 mobilitatis
2069 2319 2247 2400 origo
2306 2319 2371 2381 in

875 2423 976 2485 his
1020 2421 1086 2483 in
1133 2420 1368 2503 quibus
1411 2425 1508 2481 est
1550 2437 1563 2480 ε
1607 2419 1774 2501 quod
1821 2418 1898 2480 de
1946 2417 2207 2480 materia
2246 2417 2372 2498 pri-

875 2520 1113 2584 vationi
1147 2518 1440 2580 immixta
1472 2517 1802 2600 potissime
1832 2535 2054 2579 verum
2088 2523 2202 2578 est.
2236 2515 2373 2578 Non

873 2637 1023 2701 ergo
1072 2637 1108 2680 a
1155 2615 1590 2679 materialibus
1635 2615 1827 2678 rebus
1872 2615 2370 2694 contingentiam

872 2718 1174 2791 excludit,
1223 2715 1332 2779 sed
1385 2715 1595 2798 potius
1644 2713 1888 2776 tribuit.
1939 2714 2180 2786 Denuo,
2234 2731 2374 2795 pro·

871 2815 1171 2880 videntiae
1227 2822 1323 2877 est
1371 2813 1660 2877 ordinem
1712 2813 1777 2874 in
1827 2811 2018 2875 rebus
2069 2818 2369 2887 statuere,

874 2924 943 2977 ut
986 2915 1202 2976 divina
1242 2912 1491 2975 bonitas
1532 2931 1672 2994 quae
1713 2912 1778 2972 in
1819 2929 1946 2972 una
1987 2911 2204 2994 specie
2242 2927 2369 2972 non

872 3013 1275 3077 sufficienter
1303 3010 1634 3084 reluceret,
1671 3010 1736 3071 in
1767 3010 2085 3072 distinctis
2115 3017 2180 3072 et
2208 3009 2371 3071 mul·
2402 3011 2444 3075 C

873 3113 953 3175 tis
1004 3111 1472 3195 perfectionum
1523 3127 1597 3170 ae
1649 3108 2368 3188 naturarum'gradibus

873 3210 1126 3294 plenius
1156 3208 1437 3272 resultet.
1476 3207 1603 3269 Hoc
1639 3213 1849 3268 autem
1891 3225 2030 3268 esse
2072 3223 2197 3268 non
2232 3224 2369 3288 pos-

869 3318 986 3380 set,
1029 3309 1082 3372 si
1125 3307 1373 3390 species
1417 3305 1924 3386 contingentium
1968 3305 2361 3368 tollerentur.

867 3409 1002 3471 Jam
1036 3407 1208 3471 enim
1251 3404 1630 3468 elementata
1671 3411 1733 3466 et
1771 3402 2087 3466 elementa
2125 3402 2367 3466 subtra-

868 3507 1172 3569 herentur
1215 3504 1536 3576 universo,
1581 3502 1895 3583 fieretque
1939 3520 2066 3564 non
2115 3502 2365 3564 modica

871 3605 1208 3667 mundanae
1238 3599 1735 3685 pulchritudinis
1775 3600 2196 3662 discoloratio.
2230 3600 2363 3663 Non

869 3721 1019 3785 ergo
1078 3700 1479 3785 providentia
1526 3707 1590 3762 et
1636 3699 1838 3761 fatum
1886 3700 1967 3761 ab
2015 3699 2123 3760 illa
2173 3700 2367 3781 prosi-

870 3802 1116 3864 ciscens
1148 3798 1645 3879 contingentiam
1679 3797 2004 3879 perimunt
2043 3797 2107 3860 in
2147 3797 2359 3861 rebus.

949 3899 1266 3982 Amplius,
1299 3915 1565 3959 summae
1597 3896 2013 3978 providentiae
2043 3895 2235 3978 primi
2268 3915 2363 3959 re-

2483 1929 2765 1992 videntia
2822 1935 2885 1990 et
2943 1927 3169 2003 fatum,
3222 1935 3293 1990 ut
3340 1928 3428 1990 ita
3476 1930 3719 2010 loquar,
3772 1929 3977 2012 proles

2482 2029 2655 2090 illius
2686 2027 3205 2100 consistenS,non
3237 2021 3563 2090 dumtaxa‘t
3591 2045 3717 2090 non
3748 2028 3975 2091 tollunt

2484 2127 2861 2200 libertatem,
2896 2127 3005 2190 sed
3048 2128 3447 2208 providentia
3488 2128 3625 2209 ipsa
3657 2145 3803 2189 eam
3838 2146 3975 2190 eon·

2482 2227 2706 2288 stituit.
2761 2225 2825 2289 Si
2872 2225 3046 2288 enim
3106 2244 3233 2289 non
3292 2234 3459 2288 esset
3516 2225 3801 2298 libertas,
3852 2244 3971 2289 non

2482 2323 2743 2387 haberet
2803 2325 3013 2386 locum
3068 2325 3205 2387 laus
3255 2330 3318 2387 et
3368 2325 3762 2407 vituperium
3812 2325 3972 2387 circa

2480 2424 2815 2486 hominum
2875 2432 3075 2499 actuS‚
3127 2432 3191 2486 et
3252 2442 3332 2486 ex
3390 2424 3807 2507 consequenti
3862 2443 3971 2487 nec

2481 2529 2648 2584 esset
2704 2523 2801 2584 lex
2858 2522 3165 2604 puniendi
3212 2541 3325 2584 seu
3366 2523 3681 2604 justitiam
3726 2523 3971 2606 praemi·

2480 2621 2651 2696 andi,
2686 2622 3161 2685 consiliationes
3200 2640 3456 2704 quoque
3491 2623 3857 2686 deserendae
3884 2641 3971 2684 es-

2479 2727 2621 2782 sent
2664 2737 2676 2782 ε
2720 2739 2861 2803 quae
2900 2720 3115 2783 omnia
3154 2719 3363 2782 ordini
3406 2738 3623 2782 rerum
3663 2738 3795 2783 non
3834 2738 3971 2782 con·

2476 2826 2732 2900 gruunt.

2802 3081 3289 3146 ARTICULUS
3335 3081 3641 3146 LXXIV.

2479 3241 2662 3308 Quod
2703 3239 2935 3297 divina
2971 3239 3397 3314 providentia
3434 3240 3520 3298 sit
3553 3242 3965 3315 provisorum

2554 3347 2775 3397 causa,
2817 3347 3019 3405 quum
3070 3336 3285 3388 tamen
3332 3347 3449 3387 nec
3494 3331 3660 3388 mali
3694 3332 3783 3390 sic
3822 3349 3965 3406 pro-

2555 3419 2821 3476 ductiva
2862 3435 3067 3495 neque
3102 3418 3574 3477 universaliter
3604 3421 3807 3479 totius
3842 3439 3965 3479 ma-

2558 3507 2723 3566 zitiae
2764 3506 3118 3565 eoeclusiva.

2598 3701 2620 3763 1
2664 3700 2857 3781 igitur
2896 3699 3032 3780 ipsa
3074 3699 3183 3762 illa
3221 3699 3439 3762 divina
3474 3701 3633 3765 ratio
3672 3703 3739 3765 in
3781 3705 3963 3788 primi

2626 3798 2937 3880 principis
2969 3804 3183 3860 mente
3215 3799 3558 3861 constituta
3587 3820 3729 3882 quae
3756 3804 3965 3866 omnia

2475 3897 2778 3980 disponit,
2813 3897 2895 3958 sit
2935 3896 3358 3978 providentia,
3394 3898 3603 3980 palam
3644 3901 3799 3982 quia
3834 3903 3965 3985 ipsa

870 3999 1062 4063 ctoris
1101 4004 1218 4070 est,
1252 4003 1323 4057 ut
1361 3994 1735 4057 substantiis
1773 3993 1896 4056 sibi
1943 3993 2362 4058 vicinioribus
2472 3995 2925 4078 dispositorum
2972 4013 3162 4057 causa
3204 4003 3316 4058 est.
3364 3996 3690 4072 Praeterea‚
3730 4001 3963 4081 praeha-

867 4099 1014 4181 plus
1043 4097 1120 4158 de
1153 4093 1638 4177 participatione
1677 4092 1909 4155 divinae
1950 4091 2362 4174 perfectionis
2473 4094 2675 4157 bitum
2697 4101 2812 4168 est,
2837 4092 3118 4156 divinam
3152 4094 3615 4177 providentiam
3648 4096 3819 4160 aliud
3842 4117 3959 4161 non
3984 4121 4171 4162 mum.

870 4194 1142 4272 influat3
1175 4191 1402 4256 ceteris
1441 4199 1678 4264 autem,
1714 4209 1840 4272 quo
1871 4190 2070 4270 magis
2102 4190 2358 4266 distant,
2394 4193 2441 4254 D
2472 4210 2612 4254 esse
2670 4211 2860 4274 quam
2921 4191 3121 4254 divini
3185 4192 3545 4255 intellectus
3603 4197 3959 4279 exemplare

869 4295 1085 4358 minus
1114 4291 1416 4372 largiatur
1445 4290 1796 4352 seeundum
1837 4289 2065 4351 seriem
2110 4308 2362 4371 proc-es—
2471 4290 2826 4353 dominium
2860 4308 2969 4352 seu
2997 4288 3233 4352 fontale
3260 4291 3653 4372 regimen,ex
3672 4312 3801 4375 quo
3823 4293 3959 4357 fluit

868 4413 975 4456 sus
1005 4398 1069 4454 et
1101 4387 1601 4471 procedentium.
1637 4387 1765 4449 Hoc
1809 4405 1959 4448 vero
2001 4386 2245 4468 optime
2286 4388 2363 4449 sit

865 4509 981 4573 per
1038 4490 1157 4552 hoc
1218 4487 1386 4569 quod
1446 4486 1828 4568 quibusdam
1891 4485 2357 4561 necessitatem,

865 4587 1250 4672 quibusdam
1321 4602 1472 4647 vero
1545 4584 1995 4664 contingentiae
2065 4592 2356 4646 naturam

864 4686 1251 4768 impertitur,
1324 4683 1676 4745 secundum
1748 4681 2032 4744 diversos
2102 4682 2359 4745 ordines

863 4784 1224 4866 utrobique.
1287 4782 1548 4854 RursuS,
1613 4788 1681 4842 ut
1743 4779 1873 4861 jam
1935 4780 2357 4862 praehabitum

862 4891 980 4957 est,
1013 4883 1229 4945 divina
1273 4879 1672 4964 providentia
1717 4896 1843 4941 non
1888 4879 2171 4942 excludit
2214 4898 2359 4941 cau-

859 5002 961 5045 sas
1006 4979 1316 5043 secundas
1359 4985 1423 5040 et
1466 4977 1810 5060 proximas,
1853 4976 1984 5038 imo
2029 4977 2359 5039 constituit

2472 4390 2680 4452 omnis
2740 4389 2838 4451 lex
2897 4395 2959 4450 et
3008 4388 3269 4470 regendi
3320 4389 3535 4452 series.
3590 4390 3953 4456 Dominium

2470 4494 2682 4550 autem
2733 4494 2797 4549 et
2843 4487 3128 4568 regimen
3179 4486 3373 4568 primi
3432 4487 3817 4566 intellectuS,
3866 4510 3955 4554 se-

2470 4585 2753 4647 eundum
2784 4585 3177 4668 Dionysium,
3210 4592 3306 4647 est
3334 4586 3543 4648 omnis
3584 4587 3759 4662 finis,
3808 4590 3957 4670 legis
4012 4607 4185 4654 ueniun-

2469 4691 2529 4746 et
2571 4683 2813 4746 ordinis
2855 4681 3239 4744 distributio.
3273 4683 3417 4764 Ipsa
3452 4702 3602 4766 ergo
3630 4688 3957 4768 providen·
3980 4683 4183 4717 ⁰⁰⁰¹·‘·¹¹⁴'

2468 4881 2683 4943 dinem
2739 4896 2754 4941 t
2808 4886 2902 4942 est
2962 4879 3157 4960 igitur
3202 4879 3703 4961 gubernatorum
3752 4903 3952 4948 causa.

2467 4979 2711 5052 Adhuc,
2745 4977 2951 5041 fatalis
2997 4978 3195 5041 series
3238 4978 3411 5055 aliud
3457 4998 3582 5043 non
3628 4990 3728 5044 est
3771 5003 3955 5067 quam

859 5100 986 5145 eas.
1029 5080 1162 5142 Stat
1199 5085 1414 5140 autem
1454 5074 1760 5138 effectum
1800 5083 2060 5158 propter
2099 5093 2355 5137 causam

857 5178 1213 5261 proximam
1281 5174 1516 5236 habere
1574 5173 2096 5254 contingentiam,
2161 5193 2356 5254 quan·

857 5295 1050 5362 quam
1107 5293 1144 5336 a
1209 5271 1521 5356 superiori
1591 5278 1846 5353 regente
1904 5271 2347 5334 necessitatem

2468 5076 2945 5158 providentialis
2993 5077 3563 5159 praeconceptionis
3610 5083 3951 5152 exsecutio,

2468 5183 2536 5237 ut
2562 5175 2695 5256 jam
2739 5174 3185 5256 multipliciter
3225 5176 3529 5239 traditum
3572 5187 3669 5240 est
3703 5197 3719 5240 :
3754 5179 3951 5262 provi·

2465 5275 2679 5337 dentia
2710 5290 2859 5355 ergo
2890 5273 3090 5338 fatum
3123 5283 3340 5338 causat
3368 5283 3433 5338 et
3458 5277 3698 5340 statuit.
3736 5279 3947 5346 Fatum
