4300 6259
845 474 965 540 190
1489 488 1912 538 summario
1953 485 2351 534 memorat.
2396 503 2479 515 —
2516 485 2597 534 na
2638 485 3003 534 connmoun
3044 487 3300 535 nonnus

844 656 1038 720 tentis
1081 655 1354 740 imperio
1395 675 1510 720 seu
1549 656 1784 720 virtute
1821 655 1993 718 fiunt
2031 655 2185 718 talia
2230 655 2346 716 im·
2376 655 2427 720 A
2458 663 2674 718 tenera
2714 654 2987 718 fuissent
3030 655 3142 718 illa
3184 654 3587 737 corpuscula,
3620 662 3695 718 ut
3733 652 3965 735 egredi

847 755 1122 819 mediate
1161 763 1225 819 et
1263 754 1582 818 effective.
1619 755 1746 828 Sic,
1779 753 2080 837 quoniam
2112 771 2345 834 corpus
2455 760 2714 834 possent
2742 753 2911 815 viam
2950 760 3285 834 angustam
3315 771 3331 832 ;
3366 772 3553 816 usum
3592 753 3787 815 etiam
3836 751 3967 813 lin-

842 853 992 916 Adae
1022 852 1588 936 supernaturaliter
1626 860 1724 932 est
1766 852 2134 925 formatum,
2169 868 2345 932 orga-
2452 868 2591 930 guae
2620 852 2699 913 ad
2731 851 3146 932 loquendum,
3166 851 3473 933 paulatim
3506 850 3815 914 discendo
3844 849 3965 911 ob-

843 951 1147 1024 nizatum,
1170 951 1756 1032 complexionatum
1788 957 2071 1031 repente,
2099 955 2347 1010 constat
2453 949 2815 1022 tinuissent,
2846 949 3143 1030 quamvis
3173 947 3447 1011 celerius
3478 967 3673 1030 quam
3704 965 3903 1010 nunc.

843 1047 1002 1109 illud
1050 1047 1292 1110 factum
1341 1047 1710 1109 immediate
1756 1065 1794 1108 a
1842 1047 1972 1108 Deo
2014 1062 2028 1106 :
2072 1044 2245 1125 quod
2281 1051 2346 1106 et
2532 1046 2983 1109 Verumtamen
3015 1047 3095 1108 de
3123 1046 3226 1109 his
3254 1053 3404 1109 sunt
3434 1047 3571 1109 duae
3598 1045 3965 1128 opiniones,

842 1144 921 1207 de
969 1160 1232 1227 corpore
1278 1143 1422 1208 Evae
1481 1162 1561 1207 ex
1622 1143 1814 1206 latere
1863 1142 1985 1204 viri
2044 1141 2339 1214 formate,
2452 1143 2837 1225 quibusdam
2868 1144 3256 1216 dicentibuS,
3288 1143 3461 1226 quod
3494 1143 3785 1206 membra
3816 1143 3967 1206 illo-

841 1243 964 1306 rite
1023 1243 1318 1316 sentitur,
1379 1243 1516 1305 sive
1577 1242 1698 1305 hoc
1763 1240 2006 1303 sactum
2077 1240 2162 1302 sit
2229 1257 2344 1321 per
2452 1260 2594 1303 rum
2672 1242 2979 1324 paulatim
3057 1241 3331 1305 fuissent
3405 1241 3819 1316 consolidata,
3898 1249 3971 1304 et

842 1340 1314 1424 suppletionem
1372 1339 1653 1403 materiae
1700 1339 1982 1412 aliunde,
2035 1337 2171 1399 sive
2228 1353 2344 1419 per
2450 1340 2696 1421 gressui
2739 1348 2888 1422 apta
2932 1339 3186 1414 effecta,
3241 1347 3305 1403 et
3349 1340 3521 1422 quod
3565 1338 3971 1402 addiscendo

843 1437 1446 1520 multiplicationem
1480 1437 1758 1500 materiae
1788 1443 1978 1498 costae
2007 1437 2073 1497 in
2113 1441 2345 1496 semet·
2452 1446 2517 1502 et
2547 1438 2931 1501 inveniendo
2959 1438 3459 1520 acquisivissent
3498 1438 3865 1512 scientiam,
3900 1445 3971 1500 et

842 1536 1001 1619 ipsa.
2452 1537 2814 1599 successive
2856 1535 3282 1618 profecissent
3320 1537 3387 1599 in
3426 1536 3715 1600 scientiis
3763 1545 3971 1618 atque

923 1635 1248 1710 Praeterea‚
1291 1640 1420 1697 tam
1461 1650 1692 1716 corpus
1721 1633 1871 1696 Adae
1901 1650 2093 1713 quam
2125 1630 2344 1710 conju·
2452 1635 2817 1699 virtutibus,
2852 1635 2940 1699 De
2970 1635 3069 1697 his
3099 1635 3341 1718 quippe
3370 1636 3655 1699 secundo
3692 1635 3972 1698 Senten-

841 1733 938 1814 gis
967 1733 1109 1814 ejus
1141 1732 1266 1794 fuit
1295 1733 1565 1794 mixtum
1594 1749 1671 1794 ex
1702 1738 1964 1813 quatuor
1991 1729 2338 1792 elementis
2450 1735 2683 1796 tiarum
2716 1741 2944 1796 tractat
2972 1734 3284 1814 Magister,
3299 1742 3363 1796 et
3390 1735 3739 1797 secundam
3770 1734 3973 1796 istam
4030 1755 4135 1797 aia.
4154 1767 4203 1795 n
4224 1753 4249 1796 υ

841 1834 912 1896 In
943 1833 1180 1915 quibus
1219 1831 1596 1915 corporibus
1636 1837 1801 1893 terra
1841 1827 2340 1912 praedominaba-
2376 1834 2423 1897 B
2453 1833 2820 1914 opinionem
2852 1833 3053 1914 magis
3083 1831 3437 1914 approbare
3459 1833 3973 1914 videturtquem
4000 1821 4047 1860 ‘²
4068 1831 4103 1858 ²
4284 1887 4286 1928 Ι

841 1939 946 1994 tur
973 1931 1183 2014 quoad
1214 1930 1500 2014 corporis
1534 1929 1767 1992 molem
1798 1936 1862 1991 et
1892 1927 2339 2010 quantitatem,
2454 1931 2641 1993 multi
2689 1931 2977 1995 doctores
3026 1937 3404 2012 sequuntur.
3446 1930 3693 1994 Idcirco
3742 1931 3810 1992 in
3856 1931 3973 1993 his
4284 1929 4286 2022 l

841 2030 1072 2093 deinde
1110 2048 1278 2111 aqua
1311 2046 1324 2090 :
1360 2029 1504 2091 ideo
1543 2027 1904 2109 significata
1941 2033 2040 2090 est
2078 2025 2347 2087 materia
2452 2036 2517 2092 et
2573 2029 3019 2092 consimilibus
3078 2047 3221 2110 quae
3278 2028 3447 2091 infra
3502 2029 3972 2092 certitudinem

842 2128 954 2190 illa
1000 2127 1262 2190 nomine
1313 2126 1468 2189 limo
1515 2134 1720 2200 terrae,
1771 2132 2084 2207 quantum
2131 2123 2212 2186 ad
2259 2122 2347 2185 vi·
2453 2136 2623 2201 sunt,
2699 2145 2827 2190 non
2898 2126 3202 2190 convenit
3266 2127 3543 2190 multum
3616 2127 3975 2190 memorie

843 2243 1008 2288 rum.
1024 2225 1148 2288 Aer
1175 2231 1392 2287 autem
1424 2232 1490 2286 et
1519 2224 1684 2306 ignis
1716 2221 2346 2306 praedominabantur
2454 2225 2649 2308 loqui.

847 2325 912 2386 in
958 2323 1085 2386 illis
1129 2323 1387 2397 virtute,
1421 2323 1589 2384 sicut
1631 2323 1695 2384 in
1740 2321 1992 2384 ceteris·
2534 2325 2858 2388 Postremo
2886 2323 3089 2406 aliqui
3128 2309 3498 2407 opinantur,
3528 2324 3703 2406 quod
3741 2343 3975 2407 quam·
4286 2320 4288 2478 1

2456 2423 2553 2485 vis
2585 2421 2835 2504 parvuli
2868 2421 2962 2483 illi
2992 2439 3122 2484 non
3152 2421 3527 2485 habuissent
3568 2439 3717 2485 mox
3754 2423 3975 2504 geniti

1103 2532 1624 2599 PROPOSITIO
1670 2530 1976 2595 XCVIII,
2456 2540 2643 2583 usum
2674 2520 2956 2584 scientiae
2983 2539 3057 2582 ac
3089 2520 3352 2583 rationis
3382 2521 3976 2595 censuram,scien-
4286 2603 4288 2626 1

2456 2619 2613 2681 tiam
2657 2626 2871 2681 tamen
2910 2617 3287 2681 habuissent
3322 2617 3449 2681 sibi
3490 2619 3800 2693 innatam,
3835 2638 3977 2702 qua

929 2719 1017 2786 81
1077 2717 1322 2798 primi
1392 2716 1768 2798 parentes
1831 2716 1919 2781 in
1976 2712 2344 2795 paradiso
2456 2724 2742 2799 tempore
2772 2724 3154 2799 opportuno,
3190 2716 3321 2779 imo
3350 2723 3415 2779 et
3443 2717 3573 2779 cito
3602 2716 3699 2778 uti
3728 2718 3975 2799 coepis·

847 2814 1359 2897 praevarioati
1446 2828 1603 2881 non
1693 2815 1991 2894 essent,
2082 2812 2347 2892 proles
2456 2824 2615 2880 sent.
2660 2814 2790 2878 Nec
2833 2815 3103 2877 dubium
3142 2815 3299 2897 quin
3346 2821 3642 2896 parentes
3674 2814 3973 2890 illorum,

845 2914 1264 2995 utriusque
1335 2927 1570 2979 sexus
1638 2926 1736 2978 ex
1807 2911 2006 2991 ipsis
2071 2911 2348 2989 genita
2456 2913 2724 2976 virtutes
2758 2913 3076 2994 lignorum
3108 2911 3385 2994 paradisi
3425 2913 3723 2986 scienteS,
3752 2914 3975 2995 appli-

845 3027 986 3079 seu
1051 3010 1476 3091 gignenda,
1537 3012 1719 3091 post
1781 3023 2189 3088 egressum
2248 3022 2347 3074 ex
2378 3016 2423 3082 C
2456 3011 2702 3074 catione
2740 3019 2804 3072 et
2843 3029 2963 3072 usu
3010 3010 3267 3072 illorum
3314 3008 3601 3092 parvulis
3641 3009 3777 3072 suis
3816 3027 3975 3092 pro-

843 3113 1102 3190 utero,
1169 3110 1315 3176 aut
1386 3105 1838 3187 confestim,
1899 3108 2041 3173 aut
2099 3106 2347 3174 solito
2455 3108 2730 3172 fuissent
2772 3109 2838 3172 in
2883 3108 3121 3171 multis.

844 3223 1056 3274 nuno
1083 3221 1323 3273 cursu
1349 3205 1711 3286 celerina,
1731 3203 2148 3271 habuisset
2177 3217 2347 3285 per-

846 3306 1277 3374 fectionem
1319 3305 1675 3370 scientiae
1704 3317 1797 3370 ao
1825 3302 2229 3369 virtutum
2260 3302 2347 3366 in
2792 3316 3315 3383 PROPOS1T10
3362 3317 3607 3382 xmx,

848 3408 1138 3487 anima,
1181 3405 1673 3472 soliditatem
1728 3417 2036 3485 quoque
2085 3416 2179 3468 ac
2226 3416 2348 3468 ro-

848 3505 1002 3571 btu·
1041 3505 1129 3571 in
1169 3516 1517 3583 corpore.
2535 3505 2631 3570 In
2661 3502 3029 3583 paradiso
3058 3501 3786 3580 fuisset‘generatio
3817 3518 3979 3584 per

928 3603 1104 3676 Quod
1148 3609 1266 3675 est,
1299 3599 1452 3682 quia
1483 3599 1550 3662 in
1581 3597 1871 3682 prolibus
1912 3598 2041 3661 illis
2080 3598 2350 3679 disposi-
2456 3615 2789 3668 sexuum
2811 3600 3397 3681 umonem,sine
3428 3599 3979 3681 libidine,n0n

848 3700 1008 3764 tioni
1039 3699 1264 3762 animae
1293 3697 1770 3781 proportionata
1801 3697 2024 3758 fuisset
2051 3703 2114 3758 et
2143 3713 2351 3758 corre—
2456 3701 2627 3766 sine
2669 3699 3219 3766 delectatione.

851 3798 1170 3882 spondens
1215 3796 1552 3879 dispositio
1594 3795 1899 3877 corporis
1935 3794 2352 3868 Quemadmo-
2537 3797 2713 3870 Quod
2772 3802 2889 3870 est,
2950 3796 3102 3878 quia
3157 3795 3579 3877 transgressio
3632 3813 3759 3858 non
3820 3813 3975 3859 mu·

850 3899 1002 3960 dum
1023 3912 1175 3978 ergo
1200 3895 1410 3958 verior
1434 3894 1570 3957 visa
1595 3900 1692 3956 est
1716 3893 1951 3977 positio
1974 3893 2347 3968 dicentium,
2456 3895 2615 3958 tavit
2656 3894 2947 3957 ordinem
2992 3893 3269 3975 desuper
3310 3893 3695 3956 institutum.
3730 3893 3983 3968 Quum-

849 3996 1022 4079 quod
1071 3995 1138 4058 iu
1187 3993 1488 4078 parvulos
1548 3992 1690 4056 illos
1755 3991 2075 4054 transfusa
2122 3990 2354 4054 fuisset
2458 4013 2583 4075 que
2622 3993 2705 4055 sit
2743 3991 3030 4054 naturale
3070 3991 3365 4054 homines
3406 4009 3523 4074 per
3565 3992 3981 4058 commixtio-

849 4093 1177 4175 originalis
1204 4093 1475 4174 justitia,
1510 4110 1636 4153 una
1668 4109 1816 4153 cum
1841 4090 2092 4171 justitia
2119 4089 2353 4171 gratui-
2460 4110 2605 4155 nem
2640 4090 2836 4154 maris
2866 4108 2939 4152 ac
2970 4088 3225 4154 feminae
3256 4090 3453 4164 nasci,
3488 4089 3553 4152 id
3584 4089 3675 4152 ibi
3702 4107 3979 4172 quoque

847 4202 912 4256 ta
939 4211 1012 4255 ac
1031 4197 1284 4273 gratum
1313 4190 1588 4253 faciente
1618 4189 1820 4271 gratia
1839 4196 1905 4252 et
1923 4188 2353 4252 confirmatio-
2378 4198 2429 4263 D
2458 4189 2705 4253 fuisset.
2741 4189 2915 4252 Unde
2945 4195 3009 4250 et
3039 4195 3185 4250 ante
3216 4187 3780 4269 transgressionem
3807 4206 3975 4252 con·

849 4310 932 4356 ne
962 4291 1029 4353 in
1060 4289 1260 4368 bono;
1281 4288 1374 4350 sic
1406 4295 1470 4351 et
1499 4288 1711 4350 verior
1739 4306 1912 4349 nunc
1944 4287 2198 4350 videtur
2242 4287 2349 4352 do·
2458 4288 2664 4351 stituit
2682 4294 2902 4351 auctor
2921 4293 3159 4349 naturae
3178 4304 3448 4349 sexuum
3470 4286 3978 4364 distinctionem,

849 4389 1057 4454 ctrina
1083 4387 1667 4471 ponentium,quod
1696 4385 1907 4468 proles
1938 4385 2064 4450 illae
2094 4405 2242 4450 mox
2272 4387 2350 4450 de
2460 4385 3060 4470 proportionataque
3117 4401 3353 4466 organa
3409 4384 3488 4447 ad
3546 4385 3979 4452 emissionem

850 4495 1074 4553 ventre
1103 4504 1395 4569 egressae,
1427 4485 1666 4548 sortitae
1702 4483 1978 4547 fuissent
2014 4485 2351 4549 sufficiens
2460 4485 3066 4567 susceptionemque
3113 4483 3401 4546 seminis.
3450 4484 3571 4548 Sed
3618 4485 3769 4567 quia
3810 4503 3979 4567 pars

854 4587 1052 4653 robur
1079 4607 1152 4651 ac
1191 4585 1760 4651 consolidationem
1806 4584 1872 4647 in
1917 4585 2049 4647 suis
2094 4602 2353 4667 corpus·
2460 4584 2767 4647 sensitiva
2794 4590 2860 4646 et
2888 4599 3033 4644 caro
3071 4581 3347 4644 fuissent
3384 4583 3649 4646 rationis
3688 4583 3980 4666 imperio

856 4688 1020 4752 culis
1049 4687 1125 4751 ad
1155 4685 1578 4768 gradiendum
1611 4692 1674 4747 et
1702 4683 1779 4746 ad
1811 4683 2170 4747 necessaria
2211 4702 2354 4767 per·
2460 4683 2999 4766 obtemperanteS,
3047 4681 3128 4742 ad
3176 4681 3317 4762 ejus
3376 4681 3697 4745 dictamen
3742 4691 3975 4765 aptam

857 4787 1136 4870 agenda3
1185 4792 1296 4850 aut
1351 4784 1405 4846 si
1463 4801 1592 4846 non
1639 4781 1877 4857 statim,
1930 4783 2056 4845 cito
2112 4789 2349 4858 tamen,
2460 4782 2858 4864 accepissent
2884 4779 3367 4862 dispositionem
3394 4781 3474 4844 ad
3504 4781 3980 4864 coitum‚quem

860 4885 1262 4967 celeriusque
1329 4883 1516 4946 valde
1574 4899 1766 4964 quam
1829 4882 2036 4944 modo.
2101 4881 2177 4942 Et
2233 4881 2354 4943 hoc
2462 4889 2617 4943 tunc
2670 4898 2999 4960 nunquam
3051 4879 3345 4942 homines
3397 4880 3792 4962 appetissent
3842 4899 3977 4945 nec

859 4984 925 5047 B.
944 4984 1338 5065 Augustinus
1370 4983 1437 5044 in
1469 4981 1636 5045 libro
1665 4981 1744 5043 de
1775 4979 2099 5062 Baptismo
2129 4998 2357 5060 parvu·
2464 4979 2904 5044 exercuissent
2949 4977 3075 5040 nisi
3119 4977 3439 5041 desiderio
3481 4977 3678 5061 prolis
3718 4978 3797 5041 ad
3846 4979 3977 5044 Dei

861 5083 1070 5147 lorum
1117 5083 1311 5146 sentit
1356 5102 1428 5145 ac
1476 5081 1816 5164 persuadet
1873 5079 2203 5152 credibile,
2252 5097 2358 5142 ex·
2465 5078 2865 5160 obsequium,
2885 5084 3077 5159 atque
3106 5076 3185 5139 ad
3213 5076 3628 5141 obtinendum
3660 5086 3975 5143 aeternam

859 5183 1077 5265 emplo
1105 5199 1410 5264 pecorum
1439 5179 1801 5261 aliquorum
1845 5196 1987 5260 quae
2029 5184 2176 5239 nata
2216 5194 2357 5258 pro-
2470 5175 2932 5241 beatitudinem
2978 5176 3390 5258 procreando.

861 5282 1036 5346 tinus
1093 5287 1362 5343 currunt
1411 5278 1490 5340 ad
1551 5284 1824 5360 pastum.
1875 5276 2085 5340 Primo
2139 5283 2358 5338 tamen
2552 5274 2838 5356 Denique
2896 5273 3235 5337 delectatio
3289 5291 3451 5358 pure
3512 5275 3846 5351 naturalis,
3900 5275 3977 5341 iu
