4300 6259
498 1063 573 1118 Cf.
588 1066 622 1107 t.
633 1061 742 1115 XIX,

476 1141 520 1184 p.
534 1129 611 1171 227
628 1126 687 1170 D'.

476 2331 557 2375 Ps.
578 2344 687 2383 xcix,
701 2335 741 2376 3.

761 457 843 522 88
1657 473 2079 523 ΕΕΕΠΕΝΤΑἸῚΟ
2119 471 2577 520 PntLosorch.
2624 491 2702 502 -
2746 473 2824 518 DE
2868 472 2986 520 DEo

766 652 863 708 est
907 647 1096 721 DeuS,
1128 667 1209 710 an
1251 667 1400 712 eum
1442 648 1553 730 qui
1593 653 1776 729 putat
1816 651 2264 725 argumentum
2293 642 2346 707 A
2374 651 2575 714 actus,
2617 652 2681 706 et
2728 644 2942 726 ipsum
2989 663 3128 708 esse
3175 644 3440 708 omnino
3487 641 3871 725 perfectum,

767 743 890 807 hoc
921 746 1123 828 sequi.
1159 746 1587 809 cancellarius
1618 752 1832 807 tamen
1870 744 2140 806 Joannes
2181 741 2268 803 fa-

769 849 941 905 tetur
967 843 1331 907 discursum
1364 844 1548 907 illum
1577 842 1862 906 Anselmi
1896 842 1961 904 in
2001 840 2266 904 veritate

771 959 911 1004 esse
954 942 1397 1024 sophisticum.
1442 942 1603 1016 Quid
1652 949 1865 1003 autem
1916 939 2084 1001 circa
2134 938 2269 1000 haec

771 1039 1064 1114 sentiam,
1117 1041 1181 1102 in
1242 1041 1489 1122 Scripto
1546 1038 1737 1121 primi
1798 1037 2268 1101 Sententiarum

771 1139 1078 1219 expressi.
1113 1138 1441 1220 Siquidem
1486 1138 1849 1200 discursum
1888 1135 2073 1198 illum
2114 1141 2271 1217 puto

770 1254 920 1298 vere
950 1235 1248 1298 idoneum
1284 1255 1445 1310 esse,
1479 1243 1543 1298 et
1585 1236 1663 1298 de
1704 1233 2081 1296 necessitate
2122 1251 2269 1294 con·

769 1332 1049 1408 cludere,
1085 1352 1211 1396 non
1243 1342 1457 1397 tamen
1498 1335 1565 1396 in
1603 1333 1747 1395 aliis
1789 1341 2007 1395 tenere
2046 1331 2268 1412 hujus-

768 1431 941 1494 modi
980 1439 1449 1512 argumentum.
1483 1433 1611 1495 Nec
1652 1431 1913 1504 mirum,
1946 1429 1997 1492 si
2040 1429 2108 1491 in
2146 1429 2268 1490 hoc

766 1529 1010 1611 aliquid
1042 1531 1364 1611 singulare
1395 1537 1717 1612 competat
1755 1528 1813 1592 ei
1854 1529 1964 1610 qui
2004 1527 2267 1590 omnino

767 1635 832 1690 et
861 1627 1229 1692 omnimode
1272 1635 1369 1690 est
1414 1627 1759 1710 perfectuS‚
1793 1645 1866 1688 ac
1912 1627 2120 1708 ipsum
2169 1644 2269 1686 su-

769 1725 1336 1809 perplenissimum
1367 1745 1509 1788 esse
1548 1726 1750 1788 ideale
1782 1731 2167 1806 separatum,
2201 1722 2267 1784 in

768 1841 837 1885 se
882 1823 1022 1905 ipso
1064 1824 1441 1886 subsistens.

849 1923 1175 1995 Praeterea,
1218 1923 1418 1985 Deum
1460 1941 1599 1986 esse
1645 1923 1773 2003 jam
1826 1919 2272 2002 multipliciter

771 2019 1109 2101 probatum
1161 2027 1276 2082 est.
1330 2020 1542 2083 Nihilo
1603 2020 1814 2082 minus
1860 2019 2058 2101 aliqui
2109 2036 2274 2080 som-

771 2117 951 2180 niant
982 2117 1043 2179 id
1076 2118 1495 2180 demonstrari
1536 2136 1663 2181 non
1702 2136 1907 2199 posse.
1942 2117 2117 2191 Quod
2159 2115 2270 2177 fal-

772 2234 916 2277 sum
948 2222 1063 2288 est,
1096 2235 1297 2297 quum
1328 2224 1458 2279 tota
1488 2235 1700 2279 rerum
1734 2215 2116 2278 universitas
2148 2215 2270 2276 cla-

774 2320 906 2375 met
948 2330 962 2375 :
1003 2313 1146 2395 Ipse
1192 2313 1345 2376 fecit
1388 2331 1525 2388 nOS,
1560 2321 1624 2376 et
1667 2332 1793 2376 non
1842 2313 1964 2395 ipsi
2010 2330 2167 2390 nos3
2209 2320 2272 2374 et

769 2428 961 2473 omne
1020 2410 1495 2492 imperfectum,
1546 2410 2000 2474 commutabile
2050 2429 2123 2472 ac
2174 2411 2274 2473 de-

770 2509 1078 2590 pendenS,
1122 2508 1480 2571 necessario
1526 2517 1974 2591 praesupponat
2012 2527 2125 2570 ens
2163 2508 2270 2570 ab·

766 2607 973 2669 solute
1022 2606 1401 2688 perfectum,
1458 2607 1913 2679 necessarium,
1971 2607 2273 2689 indepen-

765 2705 945 2778 dens,
993 2723 1030 2766 a
1072 2722 1200 2786 quo
1252 2704 1414 2766 fluat
1460 2713 1523 2768 et
1566 2712 1994 2768 conservetur.
2050 2705 2154 2767 Sic
2209 2711 2271 2768 et

764 2821 957 2865 omne
979 2802 1406 2884 compositum
1438 2809 1502 2864 et
1531 2803 1807 2876 unitum,
1832 2803 2271 2884 praesupponit

766 2901 1042 2981 simplex
1075 2907 1139 2962 et
1171 2918 1405 2978 unum3
1430 2901 1638 2962 omnis
1671 2901 1893 2962 itidem
1928 2900 2271 2962 multitudo

2377 741 2835 824 independen3‚
2870 761 2998 807 non
3031 743 3342 824 indigens
3381 743 3469 804 Ex
3501 758 3630 824 quo
3659 755 3880 802 neces·

2378 840 2544 904 sario
2585 842 2897 923 sequitur,
2931 843 3100 925 quod
3139 843 3305 904 Deus
3343 849 3440 904 est
3478 839 3775 902 infinitus
3813 842 3878 898 et

2380 937 2994 1021 incircumscriptus,
3028 941 3271 1022 Nempe
3315 940 3486 1022 quod
3517 956 3633 1021 per
3662 943 3882 1019 poten·

2380 1037 2534 1100 tiam
2566 1046 2942 1114 coarctatur,
2966 1047 3077 1101 aut
3107 1058 3220 1122 per
3249 1037 3684 1101 differentiam
3717 1033 3884 1096 limi-

2380 1143 2570 1209 tatur,
2624 1136 2725 1199 vel
2777 1155 2890 1218 per
2941 1138 3269 1200 materiam
3320 1135 3722 1206 terminatur,
3773 1151 3883 1196 ne-

2381 1253 2696 1315 quaquam
2725 1243 2821 1297 est
2851 1255 3052 1318 purus
3082 1243 3277 1309 actus,
3293 1234 3402 1297 sed
3434 1229 3881 1316 potentialitati

2379 1332 2735 1394 admixtum
2778 1342 2891 1396 est.
2937 1334 3064 1397 Nec
3117 1334 3242 1397 tale
3281 1351 3396 1396 ens
3443 1340 3542 1396 est
3587 1329 3880 1394 absolute

2381 1428 2739 1512 perfectum
2775 1449 2790 1493 :
2825 1431 2956 1494 imo
2998 1432 3106 1494 ubi
3151 1431 3459 1514 perfectio
3499 1430 3590 1493 rei
3627 1427 3876 1499 finitur,

2382 1528 2471 1590 ibi
2503 1529 2643 1610 ejus
2675 1531 3075 1611 imperfectio
3107 1529 3459 1592 inchoatur.
3483 1529 3645 1591 Hinc
3674 1527 3876 1590 Deum

2381 1645 2520 1689 esse
2551 1627 2880 1690 infinitum
2914 1629 2978 1689 in
3011 1648 3079 1691 se
3119 1629 3280 1710 ipse,
3317 1629 3382 1689 in
3422 1645 3539 1690 sua
3575 1624 3876 1696 essentia,

2381 1725 2446 1786 in
2477 1725 2955 1806 omnipotentia,
2989 1728 3054 1788 in
3086 1725 3398 1808 sapientia
3425 1733 3617 1806 atque
3647 1722 3713 1785 in
3742 1740 3881 1785 om-

2301 1820 2350 1884 B
2383 1823 2448 1884 ni
2480 1823 2874 1905 perfectione
2914 1831 2977 1886 et
3013 1824 3234 1904 gloria,
3269 1832 3333 1886 et
3363 1825 3574 1905 ipsum
3621 1839 3884 1904 quoque

2383 1939 2498 2003 per
2537 1922 3114 1983 transcendentiam
3158 1941 3298 1984 esse
3343 1920 3606 2003 ubique,
3640 1938 3714 1981 ac
3750 1937 3887 1981 om-

2383 2018 2491 2080 nia
2549 2026 2902 2099 penetrare,
2954 2027 3017 2081 et
3076 2021 3525 2082 universorum
3585 2016 3887 2081 essentiis

2385 2115 2584 2188 illabi,
2619 2123 2681 2178 et
2713 2116 2864 2179 item
2899 2137 3097 2179 unum
3131 2118 3462 2178 dumtaxat
3489 2134 3651 2188 esse,
3678 2121 3889 2197 potest

2385 2213 2718 2277 verissime
2750 2214 3192 2288 demonstrari,
3226 2222 3291 2277 et
3329 2213 3772 2295 multipliciter
3809 2231 3886 2274 ac

2383 2313 2703 2376 ostensive
2739 2313 2868 2394 jam
2921 2322 3068 2376 ante
3108 2313 3448 2394 probatum
3499 2320 3636 2392 est3
3687 2330 3887 2394 quan-

2384 2430 2574 2493 quam
2646 2411 2846 2492 aliqui
2909 2412 3376 2485 contradicunt,
3441 2411 3626 2474 aliter
3691 2409 3886 2473 senti·

2383 2517 2584 2582 enteS,
2627 2517 2816 2590 atque
2862 2509 2923 2571 in
2969 2509 3089 2572 hoc
3133 2510 3556 2572 caecutienteS.

2463 2607 2772 2690 Denique,
2823 2608 3137 2689 quidquid
3188 2607 3491 2670 convenit
3528 2606 3679 2681 Deo,
3729 2624 3874 2668 cum

2384 2704 2638 2767 infinita
2678 2706 2898 2787 utique
2941 2705 3319 2768 excellentia
3361 2705 3661 2768 convenit
3702 2704 3785 2777 ei,
3819 2711 3884 2766 et

2382 2822 2528 2864 cum
2575 2802 2942 2865 exclusione
2986 2803 3355 2867 omnimoda
3398 2802 3499 2864 sui
3541 2802 3820 2884 oppositi
3865 2819 3878 2864 :

2381 2902 2910 2983 quemadmodum
2968 2901 3282 2983 sapientia
3332 2908 3459 2963 tam
3514 2899 3771 2963 infinite
3821 2908 3887 2963 et

766 2997 1093 3060 derivatur
1112 2997 1193 3060 ab
1219 3015 1365 3060 uno.
1391 2998 1707 3080 AmpliuS,
1732 2998 2044 3079 quidquid
2074 2998 2267 3059 alicui
2301 3000 2344 3065 C
2385 2998 2665 3080 perfecte
2711 2999 3010 3062 convenit
3052 3000 3181 3061 Deo
3223 2998 3670 3080 omnipotenti,
3713 2999 3884 3079 quod

768 3095 1071 3157 convenit
1110 3113 1235 3159 non
1282 3096 1635 3158 secundum
1678 3095 1846 3176 quod
1888 3095 2122 3177 ipsum,
2159 3115 2272 3176 per

768 3192 1050 3275 aliquam
1098 3211 1354 3256 causam
1387 3193 1689 3256 convenit
1716 3193 1773 3255 ei
1810 3210 1825 3254 :
1859 3194 2027 3275 quod
2058 3202 2270 3256 autem

774 3309 1032 3354 causam
1063 3308 1190 3353 non
1222 3291 1545 3365 habet,est
1575 3291 2018 3353 immediatum
2058 3299 2120 3354 et
2154 3291 2277 3373 pri-

780 3407 982 3451 mum.
1026 3389 1267 3450 Idcirco
1306 3395 1554 3470 oportet
1595 3389 1763 3471 quod
1809 3389 1891 3451 sit
1933 3408 2048 3471 per
2091 3408 2180 3463 se,
2215 3397 2277 3453 et

784 3486 1139 3550 secundum
1183 3487 1352 3568 quod
1392 3487 1604 3568 ipsum
1638 3504 1652 3549 :
1686 3495 1749 3550 et
1786 3488 1955 3568 quod
1994 3488 2117 3550 tale
2156 3495 2272 3562 est,

782 3603 911 3647 non
954 3584 1204 3648 excedit
1250 3584 1408 3647 illud
1456 3585 1560 3647 cui
1606 3584 1700 3646 sic
1748 3587 2065 3648 convenit.
2118 3585 2277 3647 Hinc

782 3700 920 3744 esse
952 3700 1080 3744 non
1112 3689 1319 3764 potest
1361 3681 1609 3745 duobus
1649 3690 1759 3745 aut
1795 3682 2091 3764 pluribus
2128 3699 2277 3746 con-

781 3780 1001 3842 venire
1044 3799 1159 3862 per
1200 3799 1269 3843 se
1307 3787 1371 3842 et
1412 3781 1765 3843 secundum
1815 3781 1985 3863 quod
2036 3781 2273 3863 ipsum,

780 3876 890 3938 sed
922 3877 1033 3939 uni
1064 3878 1413 3954 dumtaxat,
1446 3878 1587 3941 aliis
1619 3896 1770 3942 vero
1801 3898 1913 3960 per
1943 3879 2280 3966 participa-

779 3975 1020 4038 tionem
1062 3975 1143 4039 ab
1187 3976 1317 4039 illo.

1104 4245 1623 4313 PROPOSITIO
1673 4248 1947 4312 LXXX.

860 4466 1536 4547 Quemadmodum
1556 4467 1805 4532 Deum
1836 4480 2028 4546 esse,
2051 4467 2273 4533 natu-

777 4564 1089 4632 ralibus
1147 4562 1596 4631 rationibus
1655 4563 2270 4647 demonstratur,

776 4667 897 4730 ita
946 4667 1029 4730 et
1075 4678 1165 4729 ea
1207 4678 1379 4743 quae
1427 4665 1904 4729 necessariis
1945 4662 2272 4729 rationi-

775 4763 926 4828 bus
996 4761 1525 4828 ostenduntur
1602 4762 1764 4828 Deo
1842 4763 2100 4829 inesse
2180 4778 2271 4830 ac

774 4862 1225 4942 convenire,
1257 4861 1559 4940 queunt
1599 4860 1919 4942 probari
1958 4861 2270 4928 demon-

776 4961 1137 5029 strative.

854 5059 1031 5134 Quod
1061 5065 1179 5131 est,
1211 5057 1362 5139 quia
1390 5057 1758 5138 hujusmodi
1792 5065 2273 5140 consequuntur

772 5157 1133 5221 necessario
1161 5157 1237 5220 ad
1278 5155 1398 5218 hoc
1438 5157 1605 5238 quod
1645 5156 1809 5218 Deus
1848 5163 1963 5218 est.
2000 5155 2272 5218 Demon-

772 5262 1043 5321 stratum
1090 5261 1185 5318 est
1233 5261 1448 5318 autem
1496 5254 1665 5336 quod
1714 5253 1878 5316 Deus
1926 5260 2024 5316 est
2066 5272 2266 5336 purus

2384 3095 2474 3159 nil
2536 3115 2794 3178 prorsus
2855 3096 3241 3178 insipientiae
3289 3104 3400 3158 aut
3447 3096 3888 3185 minorationis

2384 3195 2712 3275 sapientiae
2763 3203 2971 3275 potest
3018 3195 3084 3256 in
3139 3213 3214 3258 eo
3265 3194 3632 3258 consistere.
3679 3194 3886 3257 Simili

2388 3292 2598 3366 mode,
2631 3311 2830 3374 quum
2871 3292 3037 3355 Deus
3083 3292 3148 3353 in
3190 3311 3304 3354 sua
3346 3301 3570 3356 natura
3600 3293 3684 3354 sit
3714 3311 3891 3374 pror-

2387 3408 2496 3451 sus
2529 3389 2829 3471 perfecte,
2857 3389 3112 3452 infinite
3140 3397 3331 3472 atque
3363 3390 3707 3472 purissime
3733 3390 3892 3452 sim-

2389 3487 2559 3569 plex,
2602 3505 3006 3568 nequaquam
3050 3496 3258 3569 potest
3302 3489 3367 3550 in
3408 3489 3548 3571 ipso
3591 3507 3730 3552 esse
3771 3487 3891 3550 ali-

2388 3603 2513 3666 qua
2553 3584 2878 3647 distinctio
2916 3585 3224 3659 formalis,
3261 3603 3373 3648 seu
3414 3603 3544 3648 non
3587 3586 3887 3650 identitas

2389 3702 2466 3745 ex
2524 3691 2748 3746 natura
2798 3683 2911 3756 rei,
2954 3682 3119 3744 inter
3165 3684 3531 3747 essentialia
3577 3685 3886 3746 attributa

2389 3781 2610 3862 ipsius.
2646 3781 2969 3854 Praeterea,
3005 3800 3205 3863 quum
3237 3782 3481 3844 dictum
3524 3782 3628 3855 sit,
3661 3801 3884 3864 super-

2387 3879 3006 3961 praestantissimum‚
3037 3880 3639 3962 superessentialem
3679 3889 3743 3943 et
3777 3901 3885 3942 su-

2387 3976 3412 4060 perincomprehensibilissimum
3480 3978 3679 4040 Deum
3740 3979 3887 4042 ideo

2389 4093 2529 4137 esse
2565 4093 2640 4136 ac
2677 4074 2986 4157 appellari
3031 4094 3265 4157 purum
3305 4083 3537 4149 actum,
3578 4077 3886 4158 quoniam

2309 4176 2366 4239 D·
2389 4172 2529 4253 ejus
2568 4181 2666 4236 est
2702 4181 2910 4236 cetera
2953 4174 3252 4236 universa
3295 4190 3573 4248 movere,
3605 4183 3888 4248 actuare,

2389 4270 2725 4353 perficere,
2759 4289 2968 4352 neque
2997 4271 3078 4333 ab
3108 4271 3324 4355 aliquo
3357 4273 3621 4348 moveri,
3645 4275 3888 4337 actuari

2387 4377 2498 4431 aut
2528 4368 2793 4451 perfici3
2826 4368 2977 4431 hinc
3007 4369 3117 4451 qui
3163 4388 3279 4452 pro
3310 4372 3572 4434 modulo
3610 4390 3726 4436 suo
3763 4372 3890 4435 cla-

2388 4485 2456 4528 re
2505 4466 2804 4547 intelligit
2848 4466 3018 4548 quod
3067 4468 3232 4529 Deus
3282 4475 3378 4530 est
3424 4477 3604 4532 actus
3662 4489 3885 4552 puruS,

2387 4563 2611 4626 saltem
2664 4571 2972 4645 quantum
3023 4564 3101 4626 ad
3153 4567 3313 4643 quia
3360 4576 3476 4636 est,
3528 4568 3720 4630 etiam
3767 4587 3885 4631 suo

2388 4663 2576 4725 modo
2607 4663 2774 4726 clare
2807 4662 3144 4745 perpendit
3186 4662 3353 4744 quod
3403 4663 3539 4745 ipse
3579 4665 3664 4727 sit
3700 4667 3886 4747 peni-

2386 4769 2487 4824 tus
2565 4761 2980 4834 invariabiliS,
3051 4761 3514 4842 intemporaliS,
3584 4764 3876 4840 illocaliS‚

2384 4867 2680 4932 aeternus,
2728 4878 2801 4921 ac
2853 4859 2978 4922 sibi
3025 4859 3088 4921 in
3145 4878 3212 4922 se
3269 4861 3880 4941 supersufficientis-

2384 4958 2612 5031 simuS‚
2660 4957 3385 5039 superdeliciosissimus
3435 4965 3499 5020 et
3545 4963 3880 5043 superpul-

2382 5055 2762 5129 cherrimuS,
2819 5074 2893 5118 ac
2949 5055 3459 5118 eminentissime
3519 5058 3793 5141 simplex
3855 5077 3870 5122 ε

2381 5174 2523 5237 quae
2578 5154 2792 5218 omnia
2847 5153 3398 5236 supercertissime
3454 5164 3748 5219 constant
3795 5157 3876 5221 de

2380 5269 2538 5335 ipso,
