4300 6259
878 535 957 581 DE
996 534 1225 581 mamm
1266 534 1649 581 enisurum
1689 533 1991 593 mnomAE,
2037 534 2214 581 LIBER
2257 536 2319 581 Π.
2355 554 2430 565 -
2474 537 2612 583 AnT.
2661 538 2740 595 u,
2784 538 2864 583 LII

317 714 441 768 tem
498 706 683 789 ponit
739 705 805 768 in
865 706 1175 787 subjecto,
1226 706 1305 768 Et
1360 706 1569 788 quoad
1626 705 1813 779 hanc,
1842 706 1894 768 A

320 821 440 866 non
488 812 589 867 est
634 804 992 867 similitudo
1042 804 1297 868 unionis
1349 804 1615 868 istorum
1668 823 1811 866 cum

318 902 551 965 unione
592 903 785 966 Verbi
828 911 893 966 et
936 903 1235 965 hominis.
1283 903 1421 966 Alia
1465 910 1677 966 autem
1718 910 1818 965 est

314 1000 661 1062 accidentis
690 1007 756 1063 et
786 1000 1062 1081 subJecti
1094 999 1423 1073 habitudo,
1457 1000 1813 1063 secundum

314 1116 505 1179 quam
545 1097 909 1179 subjectum
941 1106 1037 1161 est
1061 1105 1364 1179 tanquam
1405 1097 1819 1161 subsistentia

315 1195 684 1270 accidentiS,
716 1195 960 1259 habens
1006 1195 1317 1259 rationem
1362 1194 1517 1257 finis
1560 1203 1623 1259 et
1666 1213 1813 1258 con-

316 1294 649 1367 servantia,
683 1294 749 1357 in
793 1312 983 1377 quem
1026 1300 1250 1356 natura
1292 1292 1640 1355 accidentis
1682 1301 1814 1355 ten·

316 1393 403 1455 dit
436 1410 451 1455 :
485 1399 549 1455 et
598 1393 733 1456 hoec
776 1392 1165 1475 comparatio
1204 1410 1317 1453 seu
1356 1391 1665 1455 habitudo
1705 1408 1811 1474 po-

314 1492 407 1555 nit
462 1492 531 1553 in
590 1490 881 1572 subjecto
940 1489 1393 1572 perfectionem
1445 1490 1807 1573 quamdam.

314 1590 413 1653 Sic
444 1608 699 1671 quoque
730 1590 795 1651 in
816 1589 1053 1652 unione
1080 1587 1350 1669 subjecti
1381 1596 1445 1651 et
1463 1586 1811 1650 accidentis

316 1706 435 1751 non
484 1706 553 1750 se
594 1688 788 1750 habet
828 1686 1193 1767 subjectum
1241 1695 1310 1749 ut
1350 1706 1495 1769 pars
1536 1686 1813 1767 alicujus

316 1785 483 1847 tertii
514 1804 591 1849 ex
632 1786 967 1868 utriusque
1006 1785 1237 1867 copula
1276 1784 1665 1857 resultantiS,
1699 1784 1809 1846 sed

3302 518 3423 581 449

2352 765 2842 832 ARTICULUS
2879 768 2990 830 LI.

2041 902 2225 969 Quod
2281 904 2586 964 humanae
2643 914 2906 966 natm-ce
2960 906 3316 981 assumptio

2159 992 2491 1065 potissime
2534 995 2920 1069 competebat
2971 994 3187 1056 Ver-be.

2060 1192 2193 1256 Nlo
2235 1202 2448 1257 autem
2494 1195 2603 1258 Dei
2649 1215 2796 1258 cum
2841 1196 3122 1271 homine,
3165 1196 3230 1259 in
3276 1196 3421 1260 bea-

2090 1292 2432 1355 titudinem
2491 1294 2774 1357 hominis
2817 1296 3166 1358 ordinatur.
3217 1295 3422 1358 Beati-

1920 1389 2075 1453 tudo
2104 1408 2257 1453 vero
2285 1398 2500 1453 nostra
2529 1392 2725 1474 (sicut
2754 1392 2908 1455 olim
2942 1394 3424 1476 ostendebatur)
3475 1415 3550 1459 ub.
3571 1415 3604 1469 ι,
3625 1420 3708 1462 art.
3811 1458 3818 1465 .

1922 1487 1987 1549 in
2033 1488 2573 1570 contemplatione
2624 1492 2846 1573 primae
2892 1492 3174 1555 veritatis
3221 1493 3421 1575 potis·
3448 1490 3526 1521 ω’
3550 1482 3647 1523 “¹“

1920 1584 2082 1647 sime
2112 1586 2456 1650 constituta
2499 1595 2613 1650 est.
2649 1588 3114 1672 Contemplatio
3153 1608 3304 1653 vero
3341 1590 3421 1654 ab

1922 1683 2251 1746 intellectu
2306 1685 2610 1766 procedit.
2659 1687 3058 1768 congruebat
3110 1689 3305 1771 igitur
3354 1697 3425 1751 ut

1920 1800 2035 1863 per
2062 1782 2344 1845 Verbum
2374 1784 2508 1847 haec
2549 1784 2874 1849 beatitudo
2913 1795 3422 1869 recuperaretur,

318 1891 384 1945 ut
430 1883 588 1965 quid
638 1885 955 1965 integrum
1004 1883 1317 1965 alterique
1372 1882 1809 1945 exsistentiam
1838 1889 1884 1952 Β
1918 1899 2117 1962 quum
2154 1880 2356 1963 ipsius
2385 1882 2575 1945 Verbi
2607 1885 2930 1964 generatio
2960 1884 3043 1947 sit
3072 1887 3426 1949 secundum

316 1982 625 2064 praebens.
676 1982 853 2046 Unde
913 2001 1031 2045 nec
1089 2001 1168 2045 ex
1218 1981 1329 2045 tali
1380 1980 1615 2044 unione
1666 1998 1811 2043 con-

314 2082 518 2161 surgit
570 2081 697 2144 alia
754 2081 1172 2163 personalitas
1232 2088 1462 2163 praeter
1518 2098 1811 2162 persona·

316 2179 557 2243 litatem
605 2179 901 2261 subjecti.
958 2181 1027 2242 In
1078 2180 1408 2263 proposito
1462 2178 1677 2259 igitur,
1728 2178 1809 2240 si-

316 2278 610 2342 militudo
666 2279 923 2342 unionis
972 2278 1163 2341 Verbi
1221 2296 1370 2341 cum
1417 2277 1699 2352 homine,
1749 2284 1811 2339 et

310 2376 659 2439 accidentis
690 2394 839 2438 curn
870 2375 1182 2457 subjecte,
1206 2374 1561 2438 secundum
1591 2392 1812 2437 secun-

311 2474 453 2535 dam
512 2473 961 2537 habitudinem
1019 2472 1481 2537 consideranda
1540 2479 1656 2534 est.
1708 2472 1810 2535 Sic

311 2572 479 2634 enim
534 2571 893 2655 hypostasis
945 2571 1155 2645 Verbi,
1204 2571 1269 2633 in
1317 2571 1417 2634 sui
1466 2570 1669 2653 ipsius
1717 2570 1812 2633 in·

312 2669 908 2745 commutabilitate,
953 2670 1365 2751 simplicitate
1412 2688 1487 2732 ac
1535 2670 1812 2751 puritate

312 2788 716 2851 permanenS,
764 2768 1031 2852 recipiet
1070 2768 1623 2831 denominationes
1672 2786 1813 2849 quae

312 2868 659 2931 humanam
724 2874 1015 2930 naturam
1079 2875 1461 2948 sequuntur,
1526 2866 1694 2928 sicut
1752 2872 1816 2928 et

308 2967 605 3029 accidens
664 2965 957 3047 subJecto
1012 2964 1598 3028 denominationem
1648 2982 1811 3027 com-

312 3065 723 3127 municat.De
752 3064 1085 3147 supposito
1113 3082 1391 3145 namque
1421 3063 1635 3146 aliquo
1664 3080 1813 3125 vere
1851 3066 1894 3129 C
1926 3062 2135 3142 imago
2186 3060 2530 3124 invisibilis
2578 3063 2712 3126 Dei.
2761 3064 2880 3126 Sed
2931 3072 2995 3125 et
3041 3064 3120 3127 de
3168 3066 3430 3129 homine

308 3164 615 3226 dicuntur
651 3182 727 3225 ea
766 3182 909 3245 quae
950 3171 1191 3226 naturae
1234 3162 1419 3243 cujus
1461 3162 1675 3244 ipsum
1718 3168 1815 3224 est

308 3262 742 3344 suppositum,
802 3268 1192 3344 competunt.
1250 3260 1561 3333 Quoniam
1620 3260 1815 3341 igitur

308 3360 545 3423 divinae
591 3360 1017 3442 humanoeque
1072 3366 1315 3421 naturae
1364 3366 1462 3421 est
1519 3376 1643 3420 una
1701 3358 1810 3440 hy-

308 3458 605 3539 postasiS,
676 3464 905 3541 utputa
973 3474 1245 3539 persona
1312 3454 1527 3530 Verbi,
1600 3456 1813 3538 palam

310 3556 475 3638 quod
508 3556 663 3618 huic
694 3554 1027 3637 supposito
1062 3553 1325 3616 attribui
1365 3561 1634 3636 possunt
1671 3573 1813 3635 quae

306 3656 384 3715 ad
428 3663 771 3735 utramque
814 3660 1107 3714 naturam
1151 3651 1523 3734 pertinent:
1558 3660 1622 3714 et
1663 3652 1808 3727 hoc,

306 3752 439 3814 sive
479 3750 889 3834 suppositum
928 3750 1049 3813 hoc
1098 3748 1502 3831 significetur
1541 3768 1655 3832 per
1701 3768 1811 3813 no-

308 3869 453 3913 men
504 3848 882 3931 significans
923 3848 1271 3911 humanam
1314 3856 1630 3923 naturam,
1676 3849 1813 3912 sive

304 3968 419 4031 per
478 3966 719 4011 nomen
771 3947 1111 4028 designans
1168 3953 1461 4009 naturam
1511 3966 1625 4010 seu
1671 3966 1815 4030 per-

305 4065 526 4110 sonam
560 4046 858 4109 divinam.
874 4044 1209 4126 Propterea
1240 4063 1461 4108 omnes
1490 4045 1587 4109 hae
1617 4064 1813 4108 enun-

306 4145 603 4209 tiationes
651 4163 819 4207 verae
866 4150 1015 4205 sunt
1066 4160 1081 4205 ε
1134 4144 1331 4206 Filius
1379 4143 1657 4225 Virginis
1714 4151 1812 4207 est

306 4243 505 4306 Filius
570 4242 791 4306 aeterni
856 4241 1055 4304 Patris
1089 4260 1106 4321 ;
1174 4241 1371 4305 Filius
1436 4242 1643 4306 Mariae
1713 4249 1810 4305 est
1842 4238 1893 4303 D
1924 4243 2083 4306 lium
2123 4241 2302 4305 omni
2343 4250 2668 4316 creaturae,
2702 4242 2768 4305 id
2806 4249 2902 4305 est
2938 4242 3187 4306 homini
3224 4261 3237 4307 :
3273 4243 3424 4308 hinc

302 4350 629 4421 aeternus3
674 4340 790 4403 Hic
838 4340 1031 4403 homo
1076 4346 1175 4401 est
1221 4339 1430 4419 Deus;
1480 4340 1642 4403 Puer
1691 4341 1809 4404 iste

304 4441 549 4504 creavit
577 4441 773 4503 coelos
802 4446 867 4502 et
894 4438 1135 4517 sidera3
1159 4438 1325 4501 Deus
1354 4446 1563 4514 natus,
1587 4458 1813 4523 passus

304 4545 369 4601 et
418 4545 715 4601 mortuus
763 4544 877 4600 est.
925 4536 993 4599 In
1043 4536 1345 4600 omnibus
1392 4537 1635 4620 quippe
1684 4556 1811 4601 ser·

308 4635 615 4699 monibus
666 4634 829 4708 istis,
880 4634 1103 4698 eadem
1163 4634 1521 4717 hypostasis
1580 4654 1813 4718 suppo-

304 4734 508 4809 nitur,
562 4732 728 4796 sicut
785 4741 1113 4795 ostensum
1171 4740 1288 4796 est.
1322 4734 1463 4814 „Sed
1521 4735 1817 4816 quamvis

306 4832 536 4895 divina
562 4838 627 4893 et
657 4832 937 4894 humana
965 4831 1045 4894 de
1080 4832 1307 4894 eodem
1348 4833 1682 4915 supposito
1722 4832 1815 4896 in·

306 4930 693 4994 differenter
748 4930 1197 5011 praedicentur,
1260 4947 1389 4993 non
1446 4938 1661 4993 tamen
1721 4949 1816 4993 se·

310 5028 601 5091 cundum
632 5027 801 5089 idem
834 5028 1145 5109 contingit
1174 5028 1237 5091 id
1269 5029 1817 5111 ipsum.Habitum

66 5152 282 5193 mum.
311 5145 597 5209 namque
640 5134 738 5188 est
776 5126 969 5209 paulo
1009 5134 1181 5202 ante,
1214 5130 1569 5192 secundum
1612 5130 1817 5192 diver-

1921 1978 2418 2043 intellectualem
2461 1982 2932 2046 emanationem
2971 2004 3008 2046 a
3035 1985 3232 2047 Patre.
3266 1984 3423 2049 Prae-

1919 2084 2113 2151 terea,
2164 2077 2450 2141 affinitas
2507 2080 2798 2161 quaedam
2857 2082 3200 2163 singularis
3261 2083 3427 2145 inter

1918 2175 2202 2239 Verbum
2259 2184 2323 2239 et
2379 2178 2754 2241 rationalem
2815 2188 3107 2242 naturam
3155 2181 3422 2244 exsistit.

1919 2274 2121 2337 Homo
2169 2295 2451 2358 namque
2499 2278 2783 2359 speciem
2845 2278 3108 2341 sortitur
3157 2279 3237 2341 ab
3287 2297 3427 2343 esse

1922 2372 2214 2436 rationali
2247 2394 2358 2436 seu
2391 2374 2826 2438 intellectuali.
2862 2376 3140 2440 Verbum
3171 2395 3428 2461 quoque

1921 2480 2019 2534 est
2046 2472 2367 2535 emanatio
2398 2472 2784 2535 intellectus.
2803 2474 2980 2537 Unde
3011 2476 3202 2538 etiam
3233 2496 3427 2558 supra

1920 2578 2251 2633 ostensum
2283 2578 2400 2645 est,
2434 2572 2604 2652 quod
2645 2571 2924 2634 Verbum
2967 2572 3052 2635 sit
3091 2573 3250 2636 ratio
3286 2574 3428 2635 uni·
3475 2592 3718 2645 usiam.

1922 2686 2275 2731 versorum.
2309 2669 2554 2743 Adhuc,
2586 2670 2796 2733 Verbo
2825 2678 2888 2732 et
2925 2670 3172 2733 homini
3202 2673 3426 2735 eadem
3453 2670 3570 2701 *ω’

1923 2766 2402 2829 assimilationis
2434 2768 2788 2849 proprietas
2819 2769 3426 2852 attribuitur,quan·

1924 2883 2117 2945 quam
2149 2883 2277 2927 non
2306 2865 2662 2929 secundum
2694 2884 3058 2948 comparem
3093 2868 3424 2931 rationem.

1924 2964 2013 3025 De
2062 2962 2270 3025 Verbo
2313 2983 2547 3046 nempe
2589 2965 2678 3026 ait
2719 2965 3080 3048 Apostolus,
3126 2968 3296 3049 quod
3347 2968 3431 3029 sit
3488 2988 3658 3034 eoam.
3693 3003 3721 3041 ι,

3461 3055 3536 3105 ¹53
3557 3052 3595 3095 11
3615 3052 3721 3096 Cor.

3458 3128 3500 3158 iv
3547 3118 3572 3158 4

1924 3178 2182 3242 quoque
2231 3161 2542 3242 scriptum
2589 3171 2686 3224 est
2729 3162 2807 3225 ad
2854 3162 3214 3226 Corinthios
3263 3182 3276 3226 :
3322 3165 3432 3227 Vir
3460 3145 3723 3228 tonina.

1925 3266 2021 3321 est
2050 3258 2260 3338 imago
2291 3258 2422 3321 Dei.
2457 3258 2550 3322 Ob
2581 3260 3028 3341 hujuscemodi
3061 3261 3254 3342 igitur
3284 3280 3429 3326 con-

1924 3356 2340 3431 venientiam,
2375 3358 2586 3439 potius
2622 3357 2830 3422 Verbo
2872 3377 3066 3441 quam
3107 3359 3270 3422 Patri
3315 3380 3430 3425 seu

1926 3453 2194 3536 Spiritui
2265 3455 2495 3518 Sancto
2563 3455 2985 3519 conveniebat
3052 3457 3424 3522 incarnatio.

1923 3551 2242 3634 Ampliu3‚
2275 3572 2476 3635 quum
2507 3553 2788 3617 Verbum
2823 3554 2907 3616 sit
2942 3554 3270 3637 exemplar
3297 3575 3430 3619 om-

1924 3651 2104 3714 nium
2166 3651 2505 3727 factorum,
2569 3653 2926 3715 secundum
2989 3654 3426 3736 praeinducta3

1922 3749 2114 3813 homo
2143 3758 2351 3813 autem
2381 3752 2572 3813 etiam
2604 3751 3064 3833 quodammodo
3092 3761 3189 3814 est
3217 3753 3428 3816 omnis

1924 3856 2233 3923 creatura,
2282 3856 2508 3931 utputa
2557 3849 2732 3912 omni
2783 3856 3024 3911 naturae
3071 3852 3428 3913 communi-

1923 3966 2095 4021 cam,
2136 3955 2202 4010 et
2241 3947 2800 4030 participationem
2838 3946 3233 4011 conformem
3277 3968 3426 4013 cum

1922 4046 2172 4108 cunctis
2218 4044 2482 4118 habenS,
2523 4046 3063 4127 quemadmodum
3111 4047 3176 4108 in
3219 4047 3426 4110 Marco

1922 4143 2235 4226 scriptum
2295 4150 2412 4219 est,
2464 4143 2702 4207 Euntes
2757 4144 3098 4227 praedicate
3145 4144 3427 4227 Evange·
3455 4158 3716 4267 garam,

1923 4360 2142 4404 rursus
2174 4341 2578 4423 competebat
2606 4340 2813 4405 Verbo
2844 4340 3014 4403 uniri
3045 4342 3312 4406 homini.

2309 4603 2800 4670 ARTICULUS
2846 4604 2991 4671 LII.

1924 4740 2060 4798 Cur
2098 4739 2275 4799 Deus
2315 4737 2522 4806 home,
2554 4745 2614 4796 et
2655 4739 2736 4796 de
2779 4738 3102 4814 oriqinali
3137 4748 3419 4815 peccate.

2075 4931 2228 4996 ANC
2267 4930 2508 5014 quippe
2545 4930 2735 4994 Verbi
2777 4932 3299 5009 incarnationem,
3333 4954 3425 4997 re-

2104 5028 2539 5111 demptionem
2571 5036 2848 5091 nostram
2880 5030 3426 5112 appellamus.Re·

1928 5130 2212 5213 demptio
2279 5136 2494 5190 autem
2564 5145 2642 5189 ex
2712 5128 3080 5209 captivitate
3151 5130 3426 5211 quadam

312 5244 417 5289 sas
486 5232 745 5287 naturas
800 5232 929 5287 tam
987 5225 1288 5289 distincta
1344 5227 1684 5309 praedicata
1741 5229 1821 5291 de
1928 5230 2122 5312 eripit
2177 5227 2560 5309 redemptos
2618 5225 2978 5289 Videndum
3038 5227 3231 5309 igitur
3302 5248 3428 5311 qua

314 5342 447 5387 una
488 5322 618 5386 dici
662 5323 1011 5407 hypostasi.

571 5455 635 5508 T.
674 5457 753 5509 33.

1930 5327 2294 5411 captivitate
2337 5323 2806 5399 detinebamur,
2837 5332 2909 5386 ut
2949 5324 3031 5388 ob
3076 5325 3218 5407 ejus
3261 5327 3430 5390 solu·

3113 5458 3176 5511 29
