4300 6259
902 468 1024 535 410

1514 493 1593 541 DE
1636 495 1861 542 mmm:
1902 496 2282 543 cumsTlANAE:
2323 496 2623 553 Timonut,
2667 496 2842 543 LIBER
2881 496 2944 542 11.
2991 514 3072 525 —
3112 498 3251 545 Aur.
3295 498 3406 545 xlx

903 662 1079 725 tione
1130 674 1519 729 concurrunt
1564 666 1767 729 virtus
1816 667 2023 733 activa
2082 669 2280 751 patris
2337 667 2481 732 etA
2515 668 2598 731 sit
2663 676 2992 733 aeternum.
3056 670 3334 753 Ideoque
3393 670 3504 733 Dei
3561 670 3780 733 Filium
3831 667 3967 731 dixit

906 762 1158 843 passiva
1204 766 1442 827 matris.
1476 766 1673 829 Patris
1715 774 1930 829 antem
1973 776 2070 830 est
2111 769 2260 832 dare
2302 788 2404 832 na-

904 867 1113 923 turam
1159 870 1223 924 et
1265 864 1546 946 speciem
1594 866 1813 947 proliS,
1849 866 2067 928 matris
2112 885 2265 930 vero
2307 876 2404 929 est

904 959 1243 1042 concipere
1287 970 1352 1025 et
1400 964 1732 1044 parturire.
1782 964 2117 1029 Generatio
2161 966 2402 1048 quippe

904 1057 1117 1131 Verbi,
1151 1078 1293 1141 quae
1333 1061 1817 1143 simplicissima
1847 1070 1943 1126 est
1973 1071 2034 1125 et
2066 1064 2402 1145 purissimi

904 1156 1289 1232 intellectus,
1352 1159 1629 1241 duplicis
1695 1161 1953 1224 virtutis
2014 1163 2403 1226 concausali-

901 1262 1097 1319 tatem
1142 1275 1269 1320 non
1314 1257 1550 1338 exigit3
1592 1259 1702 1322 sed
1746 1278 1819 1321 ea
1864 1279 2005 1341 quae
2050 1261 2403 1324 distinctim

906 1354 973 1416 in
1006 1355 1383 1437 corporibus
1412 1356 1778 1419 viventibus
1807 1358 2262 1421 adscribuntur
2299 1380 2404 1442 pa-

906 1451 987 1513 tri
1019 1460 1084 1515 et
1122 1453 1331 1527 matri,
1364 1454 1748 1536 simpliciter
1790 1464 1853 1518 et
1898 1457 2129 1519 unitim
2176 1476 2404 1521 conve-

904 1551 1093 1614 niunt
1122 1560 1360 1617 aeterno
1390 1555 1553 1616 Patri
1590 1572 1602 1616 :
1639 1556 1777 1636 ipse
1806 1555 1981 1618 enim
2022 1556 2304 1639 concipit
2341 1565 2404 1620 et

902 1650 1128 1731 gignit,
1161 1659 1225 1713 et
1264 1659 1553 1714 naturam
1592 1652 1919 1716 diffundit.

1286 1916 1776 1983 ARTICULUS
1822 1920 2014 1983 XIX.

947 2058 1123 2125 Quid
1163 2060 1243 2117 de
1284 2059 1457 2118 Filio
1495 2060 1621 2119 Dei
1654 2059 1868 2119 Arius
1905 2060 2210 2133 opinatus
2250 2060 2357 2118 sic.

909 2240 1589 2440 QUEMADMODUM
1618 2264 1685 2307 se
1718 2244 1907 2307 habet
1938 2252 2294 2308 monstrum
2338 2245 2402 2307 in

1076 2352 1321 2417 natura,
1356 2343 1449 2405 sic
1478 2362 1547 2405 se
1577 2343 1767 2405 habet
1799 2343 2027 2405 falsum
2062 2344 2124 2405 in
2159 2343 2402 2406 intelle-

905 2450 1031 2504 ctu.
1069 2440 1247 2503 Sicut
1278 2440 1473 2522 igitur
1502 2441 1736 2505 divinae
1767 2441 2156 2504 causalitatis
2198 2442 2402 2525 perfe-

907 2540 1034 2602 ctio
1094 2538 1159 2601 in
1220 2546 1447 2601 natura
1503 2540 1761 2603 admisit
1819 2546 2122 2614 monstra,
2186 2540 2278 2602 sic
2338 2540 2401 2602 in

907 2637 1235 2701 intellectu
1297 2637 1555 2700 admisit
1609 2638 1769 2700 falsa
1826 2638 2059 2701 divinae
2118 2637 2402 2701 veritatis

906 2736 1599 2818 plenitudotquatenus
1630 2736 1797 2797 sicut
1830 2756 1942 2817 per
1974 2744 2402 2799 monstruoso-

906 2852 1048 2895 rum
1092 2834 1447 2897 effectuum
1488 2833 1959 2897 deformitatem
2006 2833 2259 2915 plenius
2309 2854 2402 2897 re-

902 2932 1239 3013 splendent
1258 2932 1549 3015 proprius
1572 2940 1761 3014 atque
1786 2932 2201 2995 connaturalis
2220 2933 2405 2995 decor

2510 787 2735 849 puram
2786 775 3140 831 creaturam
3191 786 3204 830 :
3249 787 3377 832 non
3426 769 3677 851 quidem
3724 788 3800 831 ex
3842 766 3968 831 sub-

2510 867 2742 929 stantia
2785 867 3003 941 Patris,
3057 869 3167 931 sed
3215 886 3294 931 ex
3342 868 3545 931 nihilo
3594 868 3968 951 productam3

2510 984 2639 1028 non
2681 964 2763 1027 ab
2805 972 3064 1040 aetern0,
3107 967 3218 1029 sed
3259 974 3406 1030 ante
3453 967 3663 1029 mundi
3707 965 3974 1028 constitu·

2511 1063 2752 1127 tionem
2787 1082 2800 1125 ε
2838 1064 2902 1126 in
2946 1072 3218 1139 tantum,
3255 1074 3325 1128 ut
3369 1066 3712 1128 secundum
3749 1064 3968 1134 Arium,

2513 1170 2578 1225 et
2639 1162 2896 1243 angelos
2956 1170 3020 1225 et
3076 1181 3335 1226 omnem
3404 1164 3594 1226 aliam
3649 1170 3969 1225 creaturam

2513 1261 2823 1325 creaverit
2864 1262 3031 1324 Deus
3073 1282 3187 1345 per
3225 1263 3418 1325 talem
3461 1262 3716 1326 filialem
3755 1269 3972 1323 creatu-

2512 1378 2668 1422 ram.
2724 1360 2896 1422 Dixit
2949 1361 3188 1443 quippe
3247 1362 3412 1424 hanc
3469 1370 3812 1423 creaturam
3865 1361 3975 1421 Deo

2511 1456 2934 1531 simillimam,
2954 1466 3018 1520 et
3048 1458 3277 1520 ceteris
3308 1459 3974 1541 praeexaltatam‚atque

2511 1556 2762 1637 corpori
2795 1556 3026 1619 Christi
3057 1557 3197 1620 loco
3225 1558 3456 1621 animae
3489 1558 3728 1619 unitam
3762 1574 3776 1617 :
3807 1556 3894 1618 sic
3920 1564 3978 1616 ut

2511 1672 2636 1717 non
2671 1654 2754 1717 sit
2786 1654 2850 1717 in
2878 1654 3129 1718 Christo
3157 1655 3459 1719 divinitas
3499 1663 3610 1718 aut
3644 1655 3847 1717 anima
3871 1653 3979 1717 alia

2511 1771 2702 1834 quam
2762 1753 3207 1834 hujuscemodi
3267 1761 3576 1817 creatura.
3632 1755 3794 1817 Unde
3847 1753 3978 1815 unio

2427 1849 2474 1910 B
2511 1850 2701 1914 Verbi
2734 1852 2846 1915 Dei
2877 1871 3024 1914 cum
3065 1870 3330 1935 corpore
3367 1853 3624 1927 Christi,
3655 1852 3974 1917 secundum

2509 1950 2756 2025 Arium,
2808 1968 2936 2014 non
2984 1951 3194 2014 solum
3242 1952 3408 2014 facta
3455 1960 3553 2015 est
3601 1953 3668 2015 in
3711 1969 3975 2034 persona,

2510 2050 2620 2112 sed
2651 2050 2844 2112 etiam
2883 2049 2949 2111 in
2995 2057 3219 2114 natura
3251 2068 3265 2113 :
3301 2057 3367 2113 et
3403 2050 3486 2114 ob
3527 2050 3616 2127 id,
3648 2070 3716 2113 ea
3753 2069 3886 2132 quae
3921 2047 3974 2110 in

2511 2147 2857 2230 Scripturis
2914 2147 3110 2210 sacris
3169 2148 3494 2211 declarant
3549 2149 3776 2212 Filium
3822 2149 3977 2210 Patre

2513 2247 2849 2320 minorem,
2883 2253 2955 2308 ut
2983 2254 3132 2309 sunt
3164 2266 3416 2329 pavere,
3451 2246 3826 2319 contristari,
3859 2245 3976 2307 fati-

2510 2345 2642 2427 gari
2693 2353 2757 2407 et
2803 2345 2986 2419 mori,
3034 2345 3194 2407 dixit
3236 2347 3581 2409 convenire
3627 2346 3860 2410 Christo
3899 2364 3978 2406 se·

2513 2444 2795 2505 cundum
2825 2462 3194 2525 supremam
3227 2451 3518 2507 naturam
3558 2463 3746 2526 quam
3788 2443 3977 2515 habet,

2512 2550 2584 2603 ut
2624 2542 2758 2604 haec
2798 2542 3138 2604 credantur
3185 2542 3411 2605 cadere
3461 2543 3526 2604 in
3579 2543 3778 2625 ipsam
3823 2549 3980 2603 natu-

2513 2659 2647 2702 ram
2704 2639 2917 2713 Verbi,
2979 2647 3044 2702 et
3100 2657 3226 2702 non
3286 2647 3535 2703 tantum
3595 2641 3662 2703 in
3717 2648 3980 2703 naturam

2512 2745 2929 2820 assumptam.

2591 2836 2955 2910 Enimvero,
2970 2836 3264 2918 quamvis
3286 2836 3560 2899 rationes
3583 2836 3804 2899 multas
3821 2836 3982 2899 Arius

2512 2953 2627 3017 pro
2677 2954 2744 2998 se
2795 2935 3074 3009 inducat,
3127 2955 3268 3017 quae
3317 2935 3380 2997 in
3433 2936 3692 3017 speciali
3740 2933 3984 2997 articulo

906 3031 1343 3113 perfectioque
1375 3040 1637 3104 naturae,
1670 3032 1763 3093 sic
1796 3050 1909 3113 per
1938 3030 2245 3093 falsarum
2279 3037 2399 3093 tra·
2435 3030 2476 3093 C
2511 3034 2883 3114 colligendae
2912 3042 3082 3107 sunt,
3113 3034 3270 3095 dum
3309 3041 3531 3096 contra
3567 3042 3860 3098 aeternam
3893 3052 3982 3114 ge·

904 3130 1221 3192 ditionum
1264 3129 1764 3192 confutationem
1814 3129 2143 3211 limpidius
2197 3129 2404 3192 eluce-

904 3236 1039 3291 scat
1096 3228 1460 3291 divinarum
1529 3228 1963 3290 doctrinarum
2022 3228 2273 3290 veritaS.
2337 3230 2398 3291 Si

904 3327 1141 3391 etenim
1182 3327 1327 3409 quis
1366 3326 1675 3407 sagaciter
1717 3334 1961 3409 penset,
1997 3327 2403 3390 contuebitur

903 3443 1189 3508 prorsuS,
1250 3426 1419 3507 quod
1489 3425 1736 3488 nullum
1808 3443 2031 3487 eorum
2091 3444 2206 3508 per
2261 3446 2402 3508 quae

905 3531 1365 3607 praeostensum
1418 3532 1513 3586 est
1562 3524 1626 3587 in
1677 3524 2111 3606 praeinductiS,
2155 3524 2404 3585 christi-

907 3641 1093 3685 anam
1124 3622 1436 3685 theoriam
1468 3623 1752 3686 veritatis
1785 3642 1914 3685 suae
1954 3623 2166 3684 sortiri
2212 3622 2402 3685 stabi-

908 3720 1035 3783 lem
1080 3719 1645 3802 inviolabilemque
1678 3719 2074 3794 firmitatem,
2108 3720 2273 3783 adsit
2303 3720 2402 3781 his

906 3820 1019 3901 qui
1049 3820 1432 3882 documenta
1462 3819 1790 3882 catholicas
1830 3819 2129 3881 Ecclesiae
2161 3826 2404 3882 contra-

906 3918 999 3979 ria
1041 3917 1447 3980 induxerunt.

985 4016 1094 4078 His
1138 4016 1333 4097 igitur
1370 4036 1511 4098 quae
1561 4016 1639 4078 de
1684 4016 1795 4077 Dei
1846 4015 2005 4078 Filio
2056 4014 2405 4097 praehabita

901 4114 1309 4188 sunt,nolens
1340 4115 1526 4177 Arius
1555 4113 2162 4196 acquiescere,dixit
2188 4114 2402 4175 Jesum

2512 3131 2905 3194 nerationem
2937 3138 3002 3193 et
3042 3131 3516 3213 processionem
3558 3152 3699 3213 quae
3743 3132 3804 3193 in
3845 3131 3983 3193 divi-

2508 3232 2610 3292 nis
2661 3230 3030 3304 creduntur,
3075 3230 3663 3312 argumentabitur3
3699 3250 3870 3293 suam
3911 3238 3984 3291 ta·

2510 3348 2657 3391 men
2730 3328 3133 3410 positionem,
3194 3328 3294 3391 vel
3363 3329 3576 3410 potius
3642 3328 3981 3400 falsitatem,

2509 3446 2702 3489 sacrae
2732 3426 3076 3508 Scripturae
3105 3426 3494 3508 quibusdam
3523 3426 3983 3489 auctoritatibus

2509 3525 2796 3587 stabilire
2840 3526 3103 3587 studuit.
3138 3525 3313 3598 Quod
3359 3525 3532 3587 enim
3573 3543 3808 3589 nomen
3843 3524 3984 3587 filia-

2509 3624 2700 3686 tionis
2731 3623 2965 3686 divinae
2997 3623 3302 3685 creaturis
3333 3623 3740 3695 attribuatur,
3775 3624 3981 3685 mirum

2510 3740 2636 3785 non
2670 3729 2784 3785 est.
2819 3722 3064 3784 Dicitur
3094 3740 3372 3803 namque
3403 3722 3468 3784 in
3501 3722 3668 3785 libro
3695 3723 3810 3785 Job
3842 3740 3854 3782 :
3883 3721 3980 3784 chi
4007 3740 4187 3782 Jotmm.

2510 3840 2670 3895 eraS,
2703 3839 2904 3902 quum
2951 3840 3052 3883 me
3091 3820 3424 3883 laudarent
3463 3828 3632 3883 astra
3677 3812 3981 3891 matutina,
4010 3806 4085 3852 ³¹³·

2511 3928 2574 3982 et
2599 3919 2951 4000 jubilarent
2989 3936 3212 3982 omnes
3252 3918 3374 3980 filii
3417 3919 3576 3981 Dei?
3606 3920 3905 4001 Denique,
3933 3926 3984 3979 et

2511 4018 2724 4099 ipsum
2755 4034 2990 4079 nomen
3021 4016 3132 4079 Dei
3165 4017 3474 4079 creaturis
3512 4016 3791 4079 adscribi
3831 4034 3984 4097 repe-

2511 4116 2694 4189 ritur,
2726 4114 2892 4177 sicut
2921 4115 2987 4176 in
3020 4114 3268 4177 Psalmo
3311 4114 3549 4177 dicitur
3580 4133 3594 4176 ε
3631 4116 3798 4177 Deus
3837 4114 3983 4177 stetit
4031 4130 4190 4171 mim.

902 4211 1224 4276 Christum
1256 4213 1367 4275 Dei
1400 4232 1538 4275 esse
1571 4213 1823 4286 Filium,
1858 4230 1983 4274 non
2018 4230 2132 4293 per
2163 4219 2402 4274 naturae
2433 4210 2481 4272 D
2514 4215 2577 4276 in
2622 4232 2938 4297 synagoga
2975 4214 3261 4277 deorum.
3295 4211 3780 4276 Rationabiliter
3817 4212 3987 4294 igitur
4013 4201 4041 4237 ¹·

903 4311 1236 4385 unitatem,
1272 4312 1380 4373 sed
1412 4310 1493 4374 ob
1526 4311 1759 4374 divinae
1796 4311 2210 4393 perfectionis
2247 4310 2406 4373 emi-

2510 4316 2609 4394 (ut
2639 4312 2827 4375 Arius
2865 4312 2982 4393 ait)
3012 4312 3324 4393 contingit
3364 4319 3434 4373 ut
3471 4311 3606 4375 haec
3643 4320 3778 4374 tam
3815 4311 3986 4374 subli-

902 4410 1260 4472 nentiorem
1332 4408 1910 4491 participationem,
1971 4417 2077 4471 aut
2146 4416 2406 4491 propter
2515 4412 2637 4473 mis
2681 4417 2990 4484 creatura,
3039 4410 3392 4471 secundum
3437 4427 3612 4483 eum,
3646 4417 3710 4472 et
3748 4410 3904 4476 Deus
3937 4417 3990 4471 et

902 4526 1253 4571 consensus
1298 4507 1812 4571 indissolubilem
1858 4508 2185 4570 unionem.
2220 4507 2403 4569 Nem-

2515 4509 2625 4572 Dei
2687 4508 2882 4570 Filius
2933 4507 3313 4590 appelletur.
3366 4507 3485 4570 Sed
3536 4508 3706 4589 quod
3760 4526 3880 4571 non
3923 4507 3990 4569 sit

902 4626 1008 4690 pe,
1044 4626 1242 4689 quum
1294 4606 1377 4669 sit
1414 4606 1527 4668 Dei
1568 4605 1766 4668 Filius
1817 4607 1881 4667 in
1933 4624 1999 4668 se
2048 4606 2406 4669 subsistens
2515 4626 2705 4669 verus
2750 4606 2916 4667 Deus
2961 4611 3024 4666 et
3063 4605 3190 4666 Deo
3228 4604 3391 4666 Patri
3431 4603 3990 4675 consubstantialiS,

904 4723 1199 4789 persona,
1240 4713 1303 4768 et
1348 4724 1385 4767 a
1431 4706 1609 4767 Patre
1659 4704 2137 4787 suppositaliter
2186 4704 2408 4767 distin-

907 4812 1070 4877 ctus,
1111 4804 1447 4867 admittere
1500 4803 1843 4866 noluerunt
1889 4822 2098 4886 neque
2150 4803 2409 4866 credere

910 4903 1252 4965 voluerunt
1297 4902 1485 4964 Arius
1533 4909 1596 4964 et
1640 4901 2013 4975 Eunomus,
2062 4920 2254 4963 unam
2300 4921 2412 4962 nu-

914 5018 1091 5062 mero
1138 5018 1277 5063 esse
1325 5000 1523 5062 Patris
1571 5019 1645 5061 ac
1687 4998 1829 5061 Filii
1880 5004 2193 5061 naturam.
2241 4999 2412 5061 Dixit

913 5116 1063 5179 ergo
1102 5098 1311 5173 Arius,
1344 5098 1453 5161 Dei
1494 5098 1726 5161 Filium
1768 5115 1891 5161 non
1932 5116 2071 5160 esse
2111 5097 2276 5159 Patri
2316 5115 2414 5160 co-

912 5205 1247 5271 aeternum,
1289 5216 1490 5277 quum
1536 5196 1889 5259 secundum
1936 5195 2089 5258 fidei
2133 5196 2414 5258 testimo-

913 5294 1021 5357 nia
1064 5295 1226 5357 nihil
1272 5294 1775 5357 substantialiter
1815 5314 1851 5356 a
1893 5295 2021 5357 Deo
2064 5294 2414 5369 diversum,

2519 4705 2789 4769 videtur.
2824 4702 2983 4765 Nam
3029 4702 3361 4765 Timotheo
3403 4701 3711 4777 scribenS,
3745 4704 3832 4765 ait
3856 4704 3993 4785 Apo

2519 4802 2718 4865 stolus
2773 4818 2786 4863 :
2841 4800 3066 4863 Serves
3117 4801 3486 4863 mandatum
3546 4800 3686 4862 sine
3747 4800 3991 4863 macula.
4039 4810 4174 4883 ΠΜ

2521 4918 2724 4981 usque
2775 4898 2838 4960 in
2894 4898 3242 4961 adventum
3301 4898 3555 4961 Domini
3614 4899 3818 4961 nostri
3869 4878 4116 4961 165υ““““

2521 4996 2777 5071 Christi,
2831 5014 3024 5078 quem
3083 4997 3216 5058 suis
3273 4995 3674 5078 temporibus
3729 4997 3995 5060 ostendet.

2523 5096 2745 5159 beatus
2790 5102 2853 5157 et
2893 5094 3066 5157 solus
3109 5102 3333 5177 potens
3371 5094 3501 5158 Rex
3537 5114 3762 5176 regum
3807 5104 3865 5158 et
3899 5096 3994 5157 Do·

2525 5194 2741 5257 minus
2779 5192 3274 5266 dominantium,
3311 5192 3422 5273 qui
3460 5192 3634 5255 solus
3672 5192 3866 5257 habet
3899 5193 3995 5255 im·

2527 5291 3000 5366 mortalitatem,
3040 5298 3106 5353 et
3145 5290 3356 5353 lucem
3400 5289 3644 5354 habitat
3691 5290 3996 5355 inaccessi-
