<?xml version="1.0" encoding="UTF-8"?>
<!DOCTYPE html PUBLIC "-//W3C//DTD XHTML 1.0 Transitional//EN"
    "http://www.w3.org/TR/xhtml1/DTD/xhtml1-transitional.dtd">
<html xmlns="http://www.w3.org/1999/xhtml" xml:lang="en" lang="en">
 <head>
  <title>
</title>
<meta http-equiv="Content-Type" content="text/html;charset=utf-8" />
  <meta name='ocr-system' content='tesseract 3.04.00' />
  <meta name='ocr-capabilities' content='ocr_page ocr_carea ocr_par ocr_line ocrx_word'/>
</head>
<body>
  <div class='ocr_page' id='page_1' title='image "./doctorisecstati05unkngoog_0498.png"; bbox 0 0 4300 6259; ppageno 0'>
   <div class='ocr_carea' id='block_1_1' title="bbox 848 486 968 551">
    <p class='ocr_par' dir='ltr' id='par_1_1' title="bbox 848 486 968 551">
     <span class='ocr_line' id='line_1_1' title="bbox 848 486 968 551; baseline -0.017 0"><span class='ocrx_word' id='word_1_1' title='bbox 848 486 968 551; x_wconf 79' lang='lat'><strong>474</strong></span> 
     </span>
    </p>
   </div>
   <div class='ocr_carea' id='block_1_2' title="bbox 1424 511 3394 569">
    <p class='ocr_par' dir='ltr' id='par_1_2' title="bbox 1424 511 3394 569">
     <span class='ocr_line' id='line_1_2' title="bbox 1424 511 3394 569; baseline 0.003 -13"><span class='ocrx_word' id='word_1_2' title='bbox 1424 511 1503 557; x_wconf 79' lang='lat' dir='ltr'><strong>DE</strong></span> <span class='ocrx_word' id='word_1_3' title='bbox 1545 511 1771 558; x_wconf 67' lang='lat' dir='ltr'><strong>Lunum</strong></span> <span class='ocrx_word' id='word_1_4' title='bbox 1812 512 2192 558; x_wconf 77' lang='lat' dir='ltr'><strong>CHRISTIANAE</strong></span> <span class='ocrx_word' id='word_1_5' title='bbox 2234 511 2532 569; x_wconf 63' lang='lat' dir='ltr'><strong>Tuscum,</strong></span> <span class='ocrx_word' id='word_1_6' title='bbox 2577 512 2750 559; x_wconf 79' lang='lat' dir='ltr'><strong>LIBER</strong></span> <span class='ocrx_word' id='word_1_7' title='bbox 2792 511 2854 558; x_wconf 89' lang='lat'><strong>11.</strong></span> <span class='ocrx_word' id='word_1_8' title='bbox 2900 531 2980 542; x_wconf 89' lang='grc'><strong>-</strong></span> <span class='ocrx_word' id='word_1_9' title='bbox 3019 513 3158 560; x_wconf 77' lang='lat' dir='ltr'><strong>ART.</strong></span> <span class='ocrx_word' id='word_1_10' title='bbox 3203 513 3394 561; x_wconf 78' lang='lat' dir='ltr'>LXXIII</span> 
     </span>
    </p>
   </div>
   <div class='ocr_carea' id='block_1_3' title="bbox 932 679 3946 767">
    <p class='ocr_par' dir='ltr' id='par_1_3' title="bbox 932 679 3946 767">
     <span class='ocr_line' id='line_1_3' title="bbox 932 679 3946 767; baseline 0.002 -25"><span class='ocrx_word' id='word_1_11' title='bbox 932 679 1027 742; x_wconf 87' lang='lat' dir='ltr'><strong>Ad</strong></span> <span class='ocrx_word' id='word_1_12' title='bbox 1058 680 1308 745; x_wconf 81' lang='lat' dir='ltr'><strong>tertiam</strong></span> <span class='ocrx_word' id='word_1_13' title='bbox 1342 684 1879 766; x_wconf 89' lang='lat' dir='ltr'><strong>respondendum,</strong></span> <span class='ocrx_word' id='word_1_14' title='bbox 1904 685 2073 767; x_wconf 93' lang='lat' dir='ltr'><strong>quod</strong></span> <span class='ocrx_word' id='word_1_15' title='bbox 2106 685 2172 746; x_wconf 91' lang='lat' dir='ltr'><strong>in</strong></span> <span class='ocrx_word' id='word_1_16' title='bbox 2206 693 2348 767; x_wconf 56' lang='lat' dir='ltr'><strong>pecss</strong></span> <span class='ocrx_word' id='word_1_17' title='bbox 2379 685 2432 748; x_wconf 89' lang='lat' dir='ltr'>A</span> <span class='ocrx_word' id='word_1_18' title='bbox 2465 695 2656 748; x_wconf 91' lang='lat' dir='ltr'><strong>retur.</strong></span> <span class='ocrx_word' id='word_1_19' title='bbox 2684 687 2856 750; x_wconf 86' lang='lat' dir='ltr'><strong>Talia</strong></span> <span class='ocrx_word' id='word_1_20' title='bbox 2885 704 3038 750; x_wconf 91' lang='lat' dir='ltr'><strong>vero</strong></span> <span class='ocrx_word' id='word_1_21' title='bbox 3079 685 3380 760; x_wconf 90' lang='lat' dir='ltr'><strong>remedia,</strong></span> <span class='ocrx_word' id='word_1_22' title='bbox 3416 685 3708 751; x_wconf 70' lang='lat' dir='ltr'><strong>Ecclesiae</strong></span> <span class='ocrx_word' id='word_1_23' title='bbox 3749 704 3946 748; x_wconf 86' lang='lat' dir='ltr'><strong>sacra·</strong></span> 
     </span>
    </p>
   </div>
   <div class='ocr_carea' id='block_1_4' title="bbox 796 780 2348 1849">
    <p class='ocr_par' dir='ltr' id='par_1_4' title="bbox 796 780 2348 1849">
     <span class='ocr_line' id='line_1_4' title="bbox 796 780 2348 864; baseline 0.005 -25"><span class='ocrx_word' id='word_1_24' title='bbox 796 819 803 826; x_wconf 88' lang='lat'>-</span> <span class='ocrx_word' id='word_1_25' title='bbox 850 787 993 841; x_wconf 89' lang='lat' dir='ltr'><strong>cato</strong></span> <span class='ocrx_word' id='word_1_26' title='bbox 1030 780 1337 844; x_wconf 86' lang='lat' dir='ltr'><strong>daemonis</strong></span> <span class='ocrx_word' id='word_1_27' title='bbox 1377 800 1504 845; x_wconf 92' lang='lat' dir='ltr'><strong>non</strong></span> <span class='ocrx_word' id='word_1_28' title='bbox 1544 791 1679 844; x_wconf 87' lang='lat' dir='ltr'><strong>erat</strong></span> <span class='ocrx_word' id='word_1_29' title='bbox 1723 784 2176 864; x_wconf 72' lang='lat' dir='ltr'><strong>praetermissio</strong></span> <span class='ocrx_word' id='word_1_30' title='bbox 2219 803 2348 846; x_wconf 91' lang='lat' dir='ltr'><strong>me-</strong></span> 
     </span>
     <span class='ocr_line' id='line_1_5' title="bbox 849 877 2347 964; baseline 0.004 -26"><span class='ocrx_word' id='word_1_31' title='bbox 849 877 941 938; x_wconf 90' lang='lat' dir='ltr'><strong>dii</strong></span> <span class='ocrx_word' id='word_1_32' title='bbox 991 896 1103 959; x_wconf 90' lang='lat' dir='ltr'><strong>per</strong></span> <span class='ocrx_word' id='word_1_33' title='bbox 1148 880 1800 961; x_wconf 82' lang='lat' dir='ltr'><strong>superabundantiam</strong></span> <span class='ocrx_word' id='word_1_34' title='bbox 1850 883 2188 964; x_wconf 78' lang='lat' dir='ltr'><strong>passioniS‚</strong></span> <span class='ocrx_word' id='word_1_35' title='bbox 2237 882 2347 944; x_wconf 91' lang='lat' dir='ltr'><strong>sed</strong></span> 
     </span>
     <span class='ocr_line' id='line_1_6' title="bbox 849 977 2346 1061; baseline 0.003 -24"><span class='ocrx_word' id='word_1_36' title='bbox 849 994 965 1058; x_wconf 91' lang='lat' dir='ltr'><strong>per</strong></span> <span class='ocrx_word' id='word_1_37' title='bbox 995 977 1491 1059; x_wconf 61' lang='lat' dir='ltr'><strong>inaequalitatem</strong></span> <span class='ocrx_word' id='word_1_38' title='bbox 1521 980 1802 1061; x_wconf 81' lang='lat' dir='ltr'><strong>justitiae.</strong></span> <span class='ocrx_word' id='word_1_39' title='bbox 1838 982 1967 1043; x_wconf 91' lang='lat' dir='ltr'><strong>Deo</strong></span> <span class='ocrx_word' id='word_1_40' title='bbox 2010 981 2208 1054; x_wconf 90' lang='lat' dir='ltr'><strong>enim,</strong></span> <span class='ocrx_word' id='word_1_41' title='bbox 2243 981 2346 1042; x_wconf 91' lang='lat' dir='ltr'><strong>cui</strong></span> 
     </span>
     <span class='ocr_line' id='line_1_7' title="bbox 848 1074 2347 1160; baseline 0.004 -24"><span class='ocrx_word' id='word_1_42' title='bbox 848 1074 1069 1138; x_wconf 80' lang='lat' dir='ltr'>debuit</span> <span class='ocrx_word' id='word_1_43' title='bbox 1117 1094 1308 1139; x_wconf 90' lang='lat' dir='ltr'><strong>omne</strong></span> <span class='ocrx_word' id='word_1_44' title='bbox 1356 1079 1525 1160; x_wconf 92' lang='lat' dir='ltr'><strong>quod</strong></span> <span class='ocrx_word' id='word_1_45' title='bbox 1573 1087 1671 1141; x_wconf 91' lang='lat' dir='ltr'><strong>est</strong></span> <span class='ocrx_word' id='word_1_46' title='bbox 1718 1087 1781 1142; x_wconf 92' lang='lat' dir='ltr'><strong>et</strong></span> <span class='ocrx_word' id='word_1_47' title='bbox 1837 1079 2081 1152; x_wconf 85' lang='lat' dir='ltr'><strong>habuit,</strong></span> <span class='ocrx_word' id='word_1_48' title='bbox 2136 1081 2347 1142; x_wconf 91' lang='lat' dir='ltr'><strong>minus</strong></span> 
     </span>
     <span class='ocr_line' id='line_1_8' title="bbox 846 1173 2347 1262; baseline 0.004 -27"><span class='ocrx_word' id='word_1_49' title='bbox 846 1173 1145 1237; x_wconf 87' lang='lat' dir='ltr'><strong>retribuit</strong></span> <span class='ocrx_word' id='word_1_50' title='bbox 1177 1196 1371 1258; x_wconf 88' lang='lat' dir='ltr'><strong>quam</strong></span> <span class='ocrx_word' id='word_1_51' title='bbox 1412 1177 1702 1240; x_wconf 90' lang='lat' dir='ltr'><strong>debebat.</strong></span> <span class='ocrx_word' id='word_1_52' title='bbox 1738 1214 1818 1224; x_wconf 94' lang='lat'><strong>—</strong></span> <span class='ocrx_word' id='word_1_53' title='bbox 1850 1179 2200 1262; x_wconf 81' lang='lat' dir='ltr'><strong>Responsio</strong></span> <span class='ocrx_word' id='word_1_54' title='bbox 2242 1180 2347 1241; x_wconf 92' lang='lat' dir='ltr'><strong>de—</strong></span> 
     </span>
     <span class='ocr_line' id='line_1_9' title="bbox 847 1272 2346 1358; baseline 0.004 -26"><span class='ocrx_word' id='word_1_55' title='bbox 847 1272 1043 1353; x_wconf 90' lang='lat' dir='ltr'><strong>nique</strong></span> <span class='ocrx_word' id='word_1_56' title='bbox 1086 1282 1326 1354; x_wconf 83' lang='lat' dir='ltr'><strong>quartae</strong></span> <span class='ocrx_word' id='word_1_57' title='bbox 1370 1275 1755 1356; x_wconf 73' lang='lat' dir='ltr'><strong>obiectionis</strong></span> <span class='ocrx_word' id='word_1_58' title='bbox 1795 1284 1911 1350; x_wconf 90' lang='lat' dir='ltr'><strong>est,</strong></span> <span class='ocrx_word' id='word_1_59' title='bbox 1955 1277 2122 1358; x_wconf 91' lang='lat' dir='ltr'><strong>quod</strong></span> <span class='ocrx_word' id='word_1_60' title='bbox 2168 1284 2346 1338; x_wconf 89' lang='lat' dir='ltr'><strong>natu-</strong></span> 
     </span>
     <span class='ocr_line' id='line_1_10' title="bbox 847 1370 2347 1455; baseline 0.003 -24"><span class='ocrx_word' id='word_1_61' title='bbox 847 1370 1004 1432; x_wconf 83' lang='lat' dir='ltr'><strong>ralia</strong></span> <span class='ocrx_word' id='word_1_62' title='bbox 1035 1389 1161 1434; x_wconf 92' lang='lat' dir='ltr'><strong>non</strong></span> <span class='ocrx_word' id='word_1_63' title='bbox 1192 1381 1320 1435; x_wconf 90' lang='lat' dir='ltr'><strong>tam</strong></span> <span class='ocrx_word' id='word_1_64' title='bbox 1352 1382 1548 1455; x_wconf 86' lang='lat' dir='ltr'><strong>agunt</strong></span> <span class='ocrx_word' id='word_1_65' title='bbox 1576 1394 1765 1455; x_wconf 86' lang='lat' dir='ltr'><strong>quam</strong></span> <span class='ocrx_word' id='word_1_66' title='bbox 1798 1383 2091 1455; x_wconf 87' lang='lat' dir='ltr'><strong>aguntur.</strong></span> <span class='ocrx_word' id='word_1_67' title='bbox 2114 1375 2347 1438; x_wconf 89' lang='lat' dir='ltr'><strong>Natura</strong></span> 
     </span>
     <span class='ocr_line' id='line_1_11' title="bbox 850 1469 2344 1554; baseline 0.003 -24"><span class='ocrx_word' id='word_1_68' title='bbox 850 1469 1048 1543; x_wconf 91' lang='lat' dir='ltr'><strong>enim,</strong></span> <span class='ocrx_word' id='word_1_69' title='bbox 1102 1491 1244 1553; x_wconf 83' lang='lat' dir='ltr'><strong>quae</strong></span> <span class='ocrx_word' id='word_1_70' title='bbox 1294 1490 1407 1554; x_wconf 93' lang='lat' dir='ltr'><strong>per</strong></span> <span class='ocrx_word' id='word_1_71' title='bbox 1464 1492 1533 1534; x_wconf 89' lang='lat' dir='ltr'><strong>se</strong></span> <span class='ocrx_word' id='word_1_72' title='bbox 1593 1492 1757 1536; x_wconf 88' lang='lat' dir='ltr'><strong>caeca</strong></span> <span class='ocrx_word' id='word_1_73' title='bbox 1817 1481 1933 1546; x_wconf 91' lang='lat' dir='ltr'><strong>est,</strong></span> <span class='ocrx_word' id='word_1_74' title='bbox 1984 1474 2064 1535; x_wconf 91' lang='lat' dir='ltr'><strong>ab</strong></span> <span class='ocrx_word' id='word_1_75' title='bbox 2120 1482 2344 1554; x_wconf 84' lang='lat' dir='ltr'><strong>agente</strong></span> 
     </span>
     <span class='ocr_line' id='line_1_12' title="bbox 852 1568 2347 1654; baseline 0.004 -26"><span class='ocrx_word' id='word_1_76' title='bbox 852 1568 1171 1648; x_wconf 85' lang='lat' dir='ltr'><strong>cognitive</strong></span> <span class='ocrx_word' id='word_1_77' title='bbox 1201 1570 1515 1652; x_wconf 77' lang='lat' dir='ltr'><strong>dirigitur.</strong></span> <span class='ocrx_word' id='word_1_78' title='bbox 1550 1572 1787 1634; x_wconf 89' lang='lat' dir='ltr'><strong>Mentes</strong></span> <span class='ocrx_word' id='word_1_79' title='bbox 1819 1590 1990 1645; x_wconf 89' lang='lat' dir='ltr'><strong>ver0,</strong></span> <span class='ocrx_word' id='word_1_80' title='bbox 2016 1591 2158 1654; x_wconf 72' lang='lat' dir='ltr'><strong>quae</strong></span> <span class='ocrx_word' id='word_1_81' title='bbox 2189 1571 2347 1634; x_wconf 91' lang='lat' dir='ltr'><strong>libe-</strong></span> 
     </span>
     <span class='ocr_line' id='line_1_13' title="bbox 854 1669 2343 1752; baseline 0.004 -25"><span class='ocrx_word' id='word_1_82' title='bbox 854 1683 938 1728; x_wconf 83' lang='lat' dir='ltr'><strong>rae</strong></span> <span class='ocrx_word' id='word_1_83' title='bbox 968 1675 1137 1741; x_wconf 86' lang='lat' dir='ltr'><strong>sunt,</strong></span> <span class='ocrx_word' id='word_1_84' title='bbox 1174 1677 1369 1749; x_wconf 90' lang='lat' dir='ltr'><strong>agunt</strong></span> <span class='ocrx_word' id='word_1_85' title='bbox 1398 1689 1536 1733; x_wconf 92' lang='lat' dir='ltr'><strong>sese</strong></span> <span class='ocrx_word' id='word_1_86' title='bbox 1567 1677 1755 1752; x_wconf 92' lang='lat' dir='ltr'><strong>prout</strong></span> <span class='ocrx_word' id='word_1_87' title='bbox 1784 1669 2047 1751; x_wconf 89' lang='lat' dir='ltr'><strong>eligunt.</strong></span> <span class='ocrx_word' id='word_1_88' title='bbox 2072 1706 2151 1714; x_wconf 96' lang='lat'><strong>—</strong></span> <span class='ocrx_word' id='word_1_89' title='bbox 2172 1671 2343 1733; x_wconf 88' lang='lat' dir='ltr'><strong>Ideo-</strong></span> 
     </span>
     <span class='ocr_line' id='line_1_14' title="bbox 854 1767 2344 1849; baseline 0.003 -23"><span class='ocrx_word' id='word_1_90' title='bbox 854 1784 980 1846; x_wconf 87' lang='lat' dir='ltr'><strong>que</strong></span> <span class='ocrx_word' id='word_1_91' title='bbox 1038 1767 1482 1849; x_wconf 87' lang='lat' dir='ltr'><strong>propinquitas</strong></span> <span class='ocrx_word' id='word_1_92' title='bbox 1540 1788 1759 1830; x_wconf 90' lang='lat' dir='ltr'><strong>earum</strong></span> <span class='ocrx_word' id='word_1_93' title='bbox 1821 1769 1899 1830; x_wconf 89' lang='lat' dir='ltr'><strong>ad</strong></span> <span class='ocrx_word' id='word_1_94' title='bbox 1958 1769 2157 1831; x_wconf 90' lang='lat' dir='ltr'><strong>Deum</strong></span> <span class='ocrx_word' id='word_1_95' title='bbox 2217 1787 2344 1831; x_wconf 89' lang='lat' dir='ltr'><strong>non</strong></span> 
     </span>
    </p>
   </div>
   <div class='ocr_carea' id='block_1_5' title="bbox 2459 785 3956 1849">
    <p class='ocr_par' dir='ltr' id='par_1_5' title="bbox 2463 785 3138 867">
     <span class='ocr_line' id='line_1_15' title="bbox 2463 785 3138 867; baseline 0.001 -22"><span class='ocrx_word' id='word_1_96' title='bbox 2463 793 2676 846; x_wconf 88' lang='lat' dir='ltr'><strong>menta</strong></span> <span class='ocrx_word' id='word_1_97' title='bbox 2715 785 3138 867; x_wconf 86' lang='lat' dir='ltr'><strong>appellantur.</strong></span> 
     </span>
    </p>

    <p class='ocr_par' dir='ltr' id='par_1_6' title="bbox 2459 882 3956 1849">
     <span class='ocr_line' id='line_1_16' title="bbox 2542 882 3948 965; baseline 0 -21"><span class='ocrx_word' id='word_1_98' title='bbox 2542 882 2848 955; x_wconf 87' lang='lat' dir='ltr'><strong>Quoniam</strong></span> <span class='ocrx_word' id='word_1_99' title='bbox 2901 882 3097 965; x_wconf 86' lang='lat' dir='ltr'><strong>igitur</strong></span> <span class='ocrx_word' id='word_1_100' title='bbox 3141 883 3557 946; x_wconf 73' lang='lat' dir='ltr'><strong>Eucharistiae</strong></span> <span class='ocrx_word' id='word_1_101' title='bbox 3605 901 3948 945; x_wconf 87' lang='lat' dir='ltr'><strong>sacramen-</strong></span> 
     </span>
     <span class='ocr_line' id='line_1_17' title="bbox 2462 981 3948 1064; baseline -0.001 -21"><span class='ocrx_word' id='word_1_102' title='bbox 2462 989 2600 1043; x_wconf 93' lang='lat' dir='ltr'><strong>tum</strong></span> <span class='ocrx_word' id='word_1_103' title='bbox 2643 981 2975 1064; x_wconf 87' lang='lat' dir='ltr'><strong>spirituale</strong></span> <span class='ocrx_word' id='word_1_104' title='bbox 3012 983 3476 1046; x_wconf 87' lang='lat' dir='ltr'><strong>nutrimentum</strong></span> <span class='ocrx_word' id='word_1_105' title='bbox 3523 988 3623 1044; x_wconf 90' lang='lat' dir='ltr'><strong>est</strong></span> <span class='ocrx_word' id='word_1_106' title='bbox 3665 989 3726 1043; x_wconf 89' lang='lat' dir='ltr'><strong>et</strong></span> <span class='ocrx_word' id='word_1_107' title='bbox 3773 981 3948 1043; x_wconf 89' lang='lat' dir='ltr'><strong>cibus</strong></span> 
     </span>
     <span class='ocr_line' id='line_1_18' title="bbox 2461 1079 3951 1162; baseline -0.001 -21"><span class='ocrx_word' id='word_1_108' title='bbox 2461 1080 2748 1161; x_wconf 89' lang='lat' dir='ltr'><strong>spiritus,</strong></span> <span class='ocrx_word' id='word_1_109' title='bbox 2782 1079 2949 1142; x_wconf 89' lang='lat' dir='ltr'><strong>sicut</strong></span> <span class='ocrx_word' id='word_1_110' title='bbox 2978 1081 3220 1162; x_wconf 83' lang='lat' dir='ltr'><strong>corpori</strong></span> <span class='ocrx_word' id='word_1_111' title='bbox 3261 1080 3592 1162; x_wconf 87' lang='lat' dir='ltr'><strong>corporale</strong></span> <span class='ocrx_word' id='word_1_112' title='bbox 3635 1087 3693 1142; x_wconf 91' lang='lat' dir='ltr'><strong>et</strong></span> <span class='ocrx_word' id='word_1_113' title='bbox 3735 1081 3803 1140; x_wconf 90' lang='lat' dir='ltr'><strong>in</strong></span> <span class='ocrx_word' id='word_1_114' title='bbox 3845 1099 3951 1140; x_wconf 91' lang='lat' dir='ltr'><strong>nu-</strong></span> 
     </span>
     <span class='ocr_line' id='line_1_19' title="bbox 2461 1178 3949 1241; baseline 0 -2"><span class='ocrx_word' id='word_1_115' title='bbox 2461 1178 2596 1240; x_wconf 89' lang='lat' dir='ltr'><strong>triti</strong></span> <span class='ocrx_word' id='word_1_116' title='bbox 2663 1187 2951 1241; x_wconf 88' lang='lat' dir='ltr'><strong>naturam</strong></span> <span class='ocrx_word' id='word_1_117' title='bbox 3021 1178 3512 1241; x_wconf 86' lang='lat' dir='ltr'><strong>transmutabile</strong></span> <span class='ocrx_word' id='word_1_118' title='bbox 3581 1178 3949 1240; x_wconf 87' lang='lat' dir='ltr'><strong>alimentum</strong></span> 
     </span>
     <span class='ocr_line' id='line_1_20' title="bbox 2461 1275 3951 1359; baseline -0.001 -22"><span class='ocrx_word' id='word_1_119' title='bbox 2461 1277 2894 1338; x_wconf 87' lang='lat' dir='ltr'><strong>necessarium</strong></span> <span class='ocrx_word' id='word_1_120' title='bbox 2925 1284 3040 1348; x_wconf 92' lang='lat' dir='ltr'><strong>est,</strong></span> <span class='ocrx_word' id='word_1_121' title='bbox 3065 1285 3379 1359; x_wconf 89' lang='lat' dir='ltr'><strong>quatenus</strong></span> <span class='ocrx_word' id='word_1_122' title='bbox 3412 1277 3648 1339; x_wconf 89' lang='lat' dir='ltr'><strong>nedum</strong></span> <span class='ocrx_word' id='word_1_123' title='bbox 3677 1277 3755 1338; x_wconf 88' lang='lat' dir='ltr'><strong>ad</strong></span> <span class='ocrx_word' id='word_1_124' title='bbox 3785 1275 3951 1337; x_wconf 91' lang='lat' dir='ltr'><strong>debi-</strong></span> 
     </span>
     <span class='ocr_line' id='line_1_21' title="bbox 2459 1375 3952 1457; baseline -0.001 -21"><span class='ocrx_word' id='word_1_125' title='bbox 2459 1382 2590 1436; x_wconf 85' lang='lat' dir='ltr'><strong>tam</strong></span> <span class='ocrx_word' id='word_1_126' title='bbox 2621 1375 3040 1457; x_wconf 88' lang='lat' dir='ltr'><strong>quantitatem</strong></span> <span class='ocrx_word' id='word_1_127' title='bbox 3075 1376 3425 1457; x_wconf 86' lang='lat' dir='ltr'><strong>perveniat‚</strong></span> <span class='ocrx_word' id='word_1_128' title='bbox 3451 1375 3562 1437; x_wconf 90' lang='lat' dir='ltr'><strong>sed</strong></span> <span class='ocrx_word' id='word_1_129' title='bbox 3594 1375 3784 1436; x_wconf 89' lang='lat' dir='ltr'><strong>etiam</strong></span> <span class='ocrx_word' id='word_1_130' title='bbox 3815 1383 3952 1456; x_wconf 87' lang='lat' dir='ltr'><strong>post</strong></span> 
     </span>
     <span class='ocr_line' id='line_1_22' title="bbox 2463 1472 3950 1555; baseline 0 -21"><span class='ocrx_word' id='word_1_131' title='bbox 2463 1473 2636 1536; x_wconf 91' lang='lat' dir='ltr'><strong>illius</strong></span> <span class='ocrx_word' id='word_1_132' title='bbox 2665 1473 3068 1555; x_wconf 88' lang='lat' dir='ltr'><strong>adeptionem</strong></span> <span class='ocrx_word' id='word_1_133' title='bbox 3103 1481 3496 1536; x_wconf 80' lang='lat' dir='ltr'><strong>sustentetur</strong></span> <span class='ocrx_word' id='word_1_134' title='bbox 3525 1482 3590 1536; x_wconf 91' lang='lat' dir='ltr'><strong>et</strong></span> <span class='ocrx_word' id='word_1_135' title='bbox 3618 1472 3950 1542; x_wconf 77' lang='lat' dir='ltr'><strong>subsistat:</strong></span> 
     </span>
     <span class='ocr_line' id='line_1_23' title="bbox 2461 1570 3950 1654; baseline 0 -22"><span class='ocrx_word' id='word_1_136' title='bbox 2461 1571 2552 1633; x_wconf 90' lang='lat' dir='ltr'><strong>sic</strong></span> <span class='ocrx_word' id='word_1_137' title='bbox 2583 1571 2803 1652; x_wconf 89' lang='lat' dir='ltr'><strong>utique</strong></span> <span class='ocrx_word' id='word_1_138' title='bbox 2832 1579 2896 1633; x_wconf 94' lang='lat' dir='ltr'><strong>et</strong></span> <span class='ocrx_word' id='word_1_139' title='bbox 2937 1572 3000 1632; x_wconf 92' lang='lat' dir='ltr'><strong>in</strong></span> <span class='ocrx_word' id='word_1_140' title='bbox 3041 1572 3358 1654; x_wconf 87' lang='lat' dir='ltr'><strong>spirituali</strong></span> <span class='ocrx_word' id='word_1_141' title='bbox 3405 1573 3536 1633; x_wconf 87' lang='lat' dir='ltr'><strong>vita</strong></span> <span class='ocrx_word' id='word_1_142' title='bbox 3579 1570 3950 1633; x_wconf 87' lang='lat' dir='ltr'><strong>alimentum</strong></span> 
     </span>
     <span class='ocr_line' id='line_1_24' title="bbox 2459 1669 3956 1751; baseline 0 -21"><span class='ocrx_word' id='word_1_143' title='bbox 2459 1669 2778 1751; x_wconf 90' lang='lat' dir='ltr'><strong>quoddam</strong></span> <span class='ocrx_word' id='word_1_144' title='bbox 2810 1669 3064 1751; x_wconf 91' lang='lat' dir='ltr'><strong>spiritui</strong></span> <span class='ocrx_word' id='word_1_145' title='bbox 3097 1669 3526 1733; x_wconf 87' lang='lat' dir='ltr'><strong>necessarium</strong></span> <span class='ocrx_word' id='word_1_146' title='bbox 3559 1669 3824 1742; x_wconf 85' lang='lat' dir='ltr'><strong>exsistit,</strong></span> <span class='ocrx_word' id='word_1_147' title='bbox 3837 1687 3956 1750; x_wconf 92' lang='lat' dir='ltr'><strong>quo</strong></span> 
     </span>
     <span class='ocr_line' id='line_1_25' title="bbox 2459 1767 3953 1849; baseline 0 -21"><span class='ocrx_word' id='word_1_148' title='bbox 2459 1767 2590 1829; x_wconf 92' lang='lat' dir='ltr'><strong>vita</strong></span> <span class='ocrx_word' id='word_1_149' title='bbox 2617 1768 2827 1830; x_wconf 90' lang='lat' dir='ltr'><strong>denuo</strong></span> <span class='ocrx_word' id='word_1_150' title='bbox 2867 1767 3468 1849; x_wconf 86' lang='lat' dir='ltr'><strong>regenerati,gratia</strong></span> <span class='ocrx_word' id='word_1_151' title='bbox 3508 1775 3574 1830; x_wconf 88' lang='lat' dir='ltr'><strong>et</strong></span> <span class='ocrx_word' id='word_1_152' title='bbox 3613 1767 3953 1828; x_wconf 83' lang='lat' dir='ltr'><strong>virtutibus</strong></span> 
     </span>
    </p>
   </div>
   <div class='ocr_carea' id='block_1_6' title="bbox 851 1863 3954 1950">
    <p class='ocr_par' dir='ltr' id='par_1_7' title="bbox 851 1863 3954 1950">
     <span class='ocr_line' id='line_1_26' title="bbox 851 1863 3954 1950; baseline 0.001 -26"><span class='ocrx_word' id='word_1_153' title='bbox 851 1863 1019 1925; x_wconf 91' lang='lat' dir='ltr'><strong>tollit</strong></span> <span class='ocrx_word' id='word_1_154' title='bbox 1078 1873 1146 1926; x_wconf 92' lang='lat' dir='ltr'><strong>ut</strong></span> <span class='ocrx_word' id='word_1_155' title='bbox 1200 1885 1465 1948; x_wconf 89' lang='lat' dir='ltr'><strong>peccare</strong></span> <span class='ocrx_word' id='word_1_156' title='bbox 1520 1867 1783 1950; x_wconf 90' lang='lat' dir='ltr'><strong>possint.</strong></span> <span class='ocrx_word' id='word_1_157' title='bbox 1837 1867 1915 1928; x_wconf 90' lang='lat' dir='ltr'><strong>Et</strong></span> <span class='ocrx_word' id='word_1_158' title='bbox 1968 1869 2059 1930; x_wconf 92' lang='lat' dir='ltr'><strong>sic</strong></span> <span class='ocrx_word' id='word_1_159' title='bbox 2122 1867 2346 1949; x_wconf 85' lang='lat' dir='ltr'><strong>quinta</strong></span> <span class='ocrx_word' id='word_1_160' title='bbox 2382 1866 2429 1928; x_wconf 94' lang='lat' dir='ltr'>B</span> <span class='ocrx_word' id='word_1_161' title='bbox 2459 1874 2722 1940; x_wconf 86' lang='lat' dir='ltr'><strong>crescat,</strong></span> <span class='ocrx_word' id='word_1_162' title='bbox 2765 1875 3175 1930; x_wconf 89' lang='lat' dir='ltr'><strong>conservetur</strong></span> <span class='ocrx_word' id='word_1_163' title='bbox 3223 1875 3286 1930; x_wconf 86' lang='lat' dir='ltr'><strong>et</strong></span> <span class='ocrx_word' id='word_1_164' title='bbox 3336 1868 3685 1949; x_wconf 89' lang='lat' dir='ltr'><strong>perduret:</strong></span> <span class='ocrx_word' id='word_1_165' title='bbox 3727 1875 3794 1930; x_wconf 90' lang='lat' dir='ltr'><strong>et</strong></span> <span class='ocrx_word' id='word_1_166' title='bbox 3839 1867 3954 1930; x_wconf 89' lang='lat' dir='ltr'><strong>hoc</strong></span> 
     </span>
    </p>
   </div>
   <div class='ocr_carea' id='block_1_7' title="bbox 848 1962 2347 2635">
    <p class='ocr_par' dir='ltr' id='par_1_8' title="bbox 848 1962 2347 2635">
     <span class='ocr_line' id='line_1_27' title="bbox 852 1962 2347 2048; baseline 0.005 -26"><span class='ocrx_word' id='word_1_167' title='bbox 852 1962 1153 2026; x_wconf 87' lang='lat' dir='ltr'><strong>instantia</strong></span> <span class='ocrx_word' id='word_1_168' title='bbox 1182 1963 1341 2026; x_wconf 89' lang='lat' dir='ltr'><strong>solvi</strong></span> <span class='ocrx_word' id='word_1_169' title='bbox 1376 1975 1601 2048; x_wconf 91' lang='lat' dir='ltr'><strong>potest.</strong></span> <span class='ocrx_word' id='word_1_170' title='bbox 1626 2002 1705 2011; x_wconf 90' lang='lat'><em>—</em></span> <span class='ocrx_word' id='word_1_171' title='bbox 1728 1966 1913 2029; x_wconf 84' lang='lat' dir='ltr'><strong>Sexta</strong></span> <span class='ocrx_word' id='word_1_172' title='bbox 1940 1974 2153 2028; x_wconf 89' lang='lat' dir='ltr'><strong>autem</strong></span> <span class='ocrx_word' id='word_1_173' title='bbox 2186 1967 2347 2029; x_wconf 90' lang='lat' dir='ltr'><strong>ratio</strong></span> 
     </span>
     <span class='ocr_line' id='line_1_28' title="bbox 850 2061 2346 2144; baseline 0.003 -23"><span class='ocrx_word' id='word_1_174' title='bbox 850 2061 1057 2123; x_wconf 89' lang='lat' dir='ltr'><strong>soluta</strong></span> <span class='ocrx_word' id='word_1_175' title='bbox 1094 2070 1194 2124; x_wconf 90' lang='lat' dir='ltr'><strong>est</strong></span> <span class='ocrx_word' id='word_1_176' title='bbox 1236 2063 1300 2124; x_wconf 94' lang='lat' dir='ltr'><strong>in</strong></span> <span class='ocrx_word' id='word_1_177' title='bbox 1343 2065 1638 2126; x_wconf 82' lang='lat' dir='ltr'><strong>secundae</strong></span> <span class='ocrx_word' id='word_1_178' title='bbox 1687 2073 1750 2126; x_wconf 87' lang='lat' dir='ltr'><strong>et</strong></span> <span class='ocrx_word' id='word_1_179' title='bbox 1795 2064 1995 2126; x_wconf 82' lang='lat' dir='ltr'><strong>tertiae</strong></span> <span class='ocrx_word' id='word_1_180' title='bbox 2044 2063 2346 2144; x_wconf 90' lang='lat' dir='ltr'><strong>objectio-</strong></span> 
     </span>
     <span class='ocr_line' id='line_1_29' title="bbox 852 2160 2342 2225; baseline 0.004 -6"><span class='ocrx_word' id='word_1_181' title='bbox 852 2178 1009 2220; x_wconf 88' lang='lat' dir='ltr'><strong>num</strong></span> <span class='ocrx_word' id='word_1_182' title='bbox 1052 2160 1386 2223; x_wconf 88' lang='lat' dir='ltr'><strong>solutione.</strong></span> <span class='ocrx_word' id='word_1_183' title='bbox 1422 2197 1502 2207; x_wconf 94' lang='lat'><strong>—</strong></span> <span class='ocrx_word' id='word_1_184' title='bbox 1533 2163 1763 2224; x_wconf 89' lang='lat' dir='ltr'><strong>Ultima</strong></span> <span class='ocrx_word' id='word_1_185' title='bbox 1802 2163 1994 2224; x_wconf 91' lang='lat' dir='ltr'><strong>etiam</strong></span> <span class='ocrx_word' id='word_1_186' title='bbox 2038 2162 2198 2225; x_wconf 91' lang='lat' dir='ltr'><strong>ratio</strong></span> <span class='ocrx_word' id='word_1_187' title='bbox 2233 2162 2342 2225; x_wconf 95' lang='lat' dir='ltr'><strong>ob-</strong></span> 
     </span>
     <span class='ocr_line' id='line_1_30' title="bbox 848 2257 2340 2342; baseline 0.004 -24"><span class='ocrx_word' id='word_1_188' title='bbox 848 2257 1032 2331; x_wconf 87' lang='lat' dir='ltr'><strong>tinet,</strong></span> <span class='ocrx_word' id='word_1_189' title='bbox 1096 2259 1265 2341; x_wconf 92' lang='lat' dir='ltr'><strong>quod</strong></span> <span class='ocrx_word' id='word_1_190' title='bbox 1316 2268 1458 2342; x_wconf 92' lang='lat' dir='ltr'><strong>post</strong></span> <span class='ocrx_word' id='word_1_191' title='bbox 1517 2270 1850 2342; x_wconf 89' lang='lat' dir='ltr'><strong>peccatum</strong></span> <span class='ocrx_word' id='word_1_192' title='bbox 1909 2262 2158 2324; x_wconf 82' lang='lat' dir='ltr'><strong>daemon</strong></span> <span class='ocrx_word' id='word_1_193' title='bbox 2215 2280 2340 2324; x_wconf 92' lang='lat' dir='ltr'><strong>non</strong></span> 
     </span>
     <span class='ocr_line' id='line_1_31' title="bbox 849 2357 2344 2441; baseline 0.003 -24"><span class='ocrx_word' id='word_1_194' title='bbox 849 2357 1144 2438; x_wconf 82' lang='lat' dir='ltr'><strong>resurgit,</strong></span> <span class='ocrx_word' id='word_1_195' title='bbox 1179 2376 1305 2420; x_wconf 90' lang='lat' dir='ltr'><strong>non</strong></span> <span class='ocrx_word' id='word_1_196' title='bbox 1336 2367 1546 2422; x_wconf 90' lang='lat' dir='ltr'><strong>autem</strong></span> <span class='ocrx_word' id='word_1_197' title='bbox 1590 2360 1758 2441; x_wconf 90' lang='lat' dir='ltr'><strong>quod</strong></span> <span class='ocrx_word' id='word_1_198' title='bbox 1802 2360 2064 2422; x_wconf 89' lang='lat' dir='ltr'><strong>omnino</strong></span> <span class='ocrx_word' id='word_1_199' title='bbox 2102 2360 2344 2422; x_wconf 88' lang='lat' dir='ltr'><strong>inaver-</strong></span> 
     </span>
     <span class='ocr_line' id='line_1_32' title="bbox 848 2455 2344 2540; baseline 0.003 -24"><span class='ocrx_word' id='word_1_200' title='bbox 848 2455 1052 2518; x_wconf 88' lang='lat' dir='ltr'><strong>tibilis</strong></span> <span class='ocrx_word' id='word_1_201' title='bbox 1104 2457 1185 2519; x_wconf 91' lang='lat' dir='ltr'><strong>sit</strong></span> <span class='ocrx_word' id='word_1_202' title='bbox 1233 2477 1268 2520; x_wconf 90' lang='lat' dir='ltr'><strong>a</strong></span> <span class='ocrx_word' id='word_1_203' title='bbox 1316 2458 1443 2521; x_wconf 90' lang='lat' dir='ltr'><strong>Deo</strong></span> <span class='ocrx_word' id='word_1_204' title='bbox 1493 2477 1746 2540; x_wconf 86' lang='lat' dir='ltr'><strong>semper</strong></span> <span class='ocrx_word' id='word_1_205' title='bbox 1802 2466 1866 2520; x_wconf 93' lang='lat' dir='ltr'><strong>et</strong></span> <span class='ocrx_word' id='word_1_206' title='bbox 1922 2478 1957 2520; x_wconf 92' lang='lat' dir='ltr'><strong>a</strong></span> <span class='ocrx_word' id='word_1_207' title='bbox 2012 2459 2111 2520; x_wconf 92' lang='lat' dir='ltr'><strong>sui</strong></span> <span class='ocrx_word' id='word_1_208' title='bbox 2175 2459 2344 2540; x_wconf 90' lang='lat' dir='ltr'><strong>prin-</strong></span> 
     </span>
     <span class='ocr_line' id='line_1_33' title="bbox 848 2571 1037 2635; baseline 0.005 -20"><span class='ocrx_word' id='word_1_209' title='bbox 848 2571 1037 2635; x_wconf 80' lang='lat' dir='ltr'><strong>cipio.</strong></span> 
     </span>
    </p>
   </div>
   <div class='ocr_carea' id='block_1_8' title="bbox 1176 2811 2021 2877">
    <p class='ocr_par' dir='ltr' id='par_1_9' title="bbox 1176 2811 2021 2877">
     <span class='ocr_line' id='line_1_34' title="bbox 1176 2811 2021 2877; baseline 0.004 -3"><span class='ocrx_word' id='word_1_210' title='bbox 1176 2811 1664 2876; x_wconf 87' lang='lat' dir='ltr'><strong>ARTICULUS</strong></span> <span class='ocrx_word' id='word_1_211' title='bbox 1711 2814 2021 2877; x_wconf 91' lang='lat' dir='ltr'><strong>LXXIII.</strong></span> 
     </span>
    </p>
   </div>
   <div class='ocr_carea' id='block_1_9' title="bbox 1077 2953 2119 3013">
    <p class='ocr_par' dir='ltr' id='par_1_10' title="bbox 1077 2953 2119 3013">
     <span class='ocr_line' id='line_1_35' title="bbox 1077 2953 2119 3013; baseline 0.002 -2"><span class='ocrx_word' id='word_1_212' title='bbox 1077 2954 1173 3012; x_wconf 82' lang='lat' dir='ltr'><strong>De</strong></span> <span class='ocrx_word' id='word_1_213' title='bbox 1214 2959 1616 3010; x_wconf 77' lang='lat' dir='ltr'><strong>sacramento</strong></span> <span class='ocrx_word' id='word_1_214' title='bbox 1658 2953 2119 3013; x_wconf 79' lang='lat' dir='ltr'><strong>Eucharistioe.</strong></span> 
     </span>
    </p>
   </div>
   <div class='ocr_carea' id='block_1_10' title="bbox 848 3145 2351 4212">
    <p class='ocr_par' dir='ltr' id='par_1_11' title="bbox 974 3145 2342 3228">
     <span class='ocr_line' id='line_1_36' title="bbox 974 3145 2342 3228; baseline 0 -20"><span class='ocrx_word' id='word_1_215' title='bbox 974 3147 1123 3208; x_wconf 75' lang='lat' dir='ltr'><strong>UNT</strong></span> <span class='ocrx_word' id='word_1_216' title='bbox 1155 3145 1451 3226; x_wconf 91' lang='lat' dir='ltr'><strong>equidem</strong></span> <span class='ocrx_word' id='word_1_217' title='bbox 1488 3146 1784 3209; x_wconf 88' lang='lat' dir='ltr'><strong>Ecclesiae</strong></span> <span class='ocrx_word' id='word_1_218' title='bbox 1815 3148 2104 3228; x_wconf 83' lang='lat' dir='ltr'><strong>quaedam</strong></span> <span class='ocrx_word' id='word_1_219' title='bbox 2136 3166 2342 3209; x_wconf 87' lang='lat' dir='ltr'><strong>sacra-</strong></span> 
     </span>
    </p>

    <p class='ocr_par' dir='ltr' id='par_1_12' title="bbox 848 3245 2351 4212">
     <span class='ocr_line' id='line_1_37' title="bbox 994 3245 2346 3326; baseline -0.001 -21"><span class='ocrx_word' id='word_1_220' title='bbox 994 3251 1245 3306; x_wconf 91' lang='lat' dir='ltr'><strong>menta:</strong></span> <span class='ocrx_word' id='word_1_221' title='bbox 1283 3262 1553 3325; x_wconf 89' lang='lat' dir='ltr'><strong>quorum</strong></span> <span class='ocrx_word' id='word_1_222' title='bbox 1602 3245 1879 3326; x_wconf 89' lang='lat' dir='ltr'><strong>primum</strong></span> <span class='ocrx_word' id='word_1_223' title='bbox 1917 3245 2346 3326; x_wconf 83' lang='lat' dir='ltr'><strong>praecipuum-</strong></span> 
     </span>
     <span class='ocr_line' id='line_1_38' title="bbox 850 3341 2346 3424; baseline 0.001 -23"><span class='ocrx_word' id='word_1_224' title='bbox 850 3359 975 3423; x_wconf 93' lang='lat' dir='ltr'><strong>que</strong></span> <span class='ocrx_word' id='word_1_225' title='bbox 1007 3349 1103 3402; x_wconf 90' lang='lat' dir='ltr'><strong>est</strong></span> <span class='ocrx_word' id='word_1_226' title='bbox 1132 3341 1550 3414; x_wconf 89' lang='lat' dir='ltr'><strong>Eucharistia,</strong></span> <span class='ocrx_word' id='word_1_227' title='bbox 1585 3349 1649 3403; x_wconf 90' lang='lat' dir='ltr'><strong>et</strong></span> <span class='ocrx_word' id='word_1_228' title='bbox 1692 3349 1761 3402; x_wconf 90' lang='lat' dir='ltr'><strong>ut</strong></span> <span class='ocrx_word' id='word_1_229' title='bbox 1804 3342 2086 3424; x_wconf 82' lang='lat' dir='ltr'><strong>Dionysii</strong></span> <span class='ocrx_word' id='word_1_230' title='bbox 2132 3341 2346 3404; x_wconf 89' lang='lat' dir='ltr'><strong>verbis</strong></span> 
     </span>
     <span class='ocr_line' id='line_1_39' title="bbox 850 3439 2345 3522; baseline 0.001 -22"><span class='ocrx_word' id='word_1_231' title='bbox 850 3446 1013 3514; x_wconf 88' lang='lat' dir='ltr'><strong>utar,</strong></span> <span class='ocrx_word' id='word_1_232' title='bbox 1058 3439 1276 3501; x_wconf 91' lang='lat' dir='ltr'><strong>divina</strong></span> <span class='ocrx_word' id='word_1_233' title='bbox 1326 3439 1738 3502; x_wconf 87' lang='lat' dir='ltr'><strong>Eucharistia.</strong></span> <span class='ocrx_word' id='word_1_234' title='bbox 1784 3439 1925 3502; x_wconf 79' lang='lat' dir='ltr'><strong>Haec</strong></span> <span class='ocrx_word' id='word_1_235' title='bbox 1973 3458 2205 3522; x_wconf 89' lang='lat' dir='ltr'><strong>nempe</strong></span> <span class='ocrx_word' id='word_1_236' title='bbox 2253 3460 2345 3501; x_wconf 89' lang='lat' dir='ltr'><strong>sa-</strong></span> 
     </span>
     <span class='ocr_line' id='line_1_40' title="bbox 852 3538 2340 3620; baseline -0.001 -20"><span class='ocrx_word' id='word_1_237' title='bbox 852 3546 1175 3600; x_wconf 88' lang='lat' dir='ltr'><strong>cramenta</strong></span> <span class='ocrx_word' id='word_1_238' title='bbox 1198 3538 1494 3600; x_wconf 63' lang='lat' dir='ltr'><strong>Ecclesiae</strong></span> <span class='ocrx_word' id='word_1_239' title='bbox 1519 3556 1775 3620; x_wconf 93' lang='lat' dir='ltr'><strong>prorsus</strong></span> <span class='ocrx_word' id='word_1_240' title='bbox 1798 3540 2155 3601; x_wconf 87' lang='lat' dir='ltr'><strong>necessaria</strong></span> <span class='ocrx_word' id='word_1_241' title='bbox 2174 3546 2340 3600; x_wconf 91' lang='lat' dir='ltr'><strong>sunt.</strong></span> 
     </span>
     <span class='ocr_line' id='line_1_41' title="bbox 851 3637 2344 3719; baseline -0.001 -20"><span class='ocrx_word' id='word_1_242' title='bbox 851 3637 1256 3700; x_wconf 86' lang='lat' dir='ltr'><strong>Sacramenta</strong></span> <span class='ocrx_word' id='word_1_243' title='bbox 1299 3637 1489 3698; x_wconf 90' lang='lat' dir='ltr'><strong>etiam</strong></span> <span class='ocrx_word' id='word_1_244' title='bbox 1537 3657 1612 3698; x_wconf 87' lang='lat' dir='ltr'><strong>ex</strong></span> <span class='ocrx_word' id='word_1_245' title='bbox 1659 3637 1953 3719; x_wconf 89' lang='lat' dir='ltr'><strong>passione</strong></span> <span class='ocrx_word' id='word_1_246' title='bbox 1990 3637 2221 3700; x_wconf 90' lang='lat' dir='ltr'><strong>Christi</strong></span> <span class='ocrx_word' id='word_1_247' title='bbox 2253 3637 2344 3698; x_wconf 78' lang='lat' dir='ltr'><strong>ef-</strong></span> 
     </span>
     <span class='ocr_line' id='line_1_42' title="bbox 848 3735 2346 3816; baseline 0 -20"><span class='ocrx_word' id='word_1_248' title='bbox 848 3735 1142 3797; x_wconf 90' lang='lat' dir='ltr'><strong>ficaciam</strong></span> <span class='ocrx_word' id='word_1_249' title='bbox 1193 3735 1413 3796; x_wconf 90' lang='lat' dir='ltr'><strong>sortita</strong></span> <span class='ocrx_word' id='word_1_250' title='bbox 1460 3743 1627 3797; x_wconf 90' lang='lat' dir='ltr'><strong>sunt.</strong></span> <span class='ocrx_word' id='word_1_251' title='bbox 1665 3737 1771 3798; x_wconf 88' lang='lat' dir='ltr'><strong>Est</strong></span> <span class='ocrx_word' id='word_1_252' title='bbox 1820 3754 2097 3816; x_wconf 89' lang='lat' dir='ltr'><strong>namque</strong></span> <span class='ocrx_word' id='word_1_253' title='bbox 2145 3753 2346 3796; x_wconf 90' lang='lat' dir='ltr'><strong>sacra-</strong></span> 
     </span>
     <span class='ocr_line' id='line_1_43' title="bbox 848 3833 2342 3914; baseline -0.001 -18"><span class='ocrx_word' id='word_1_254' title='bbox 848 3842 1145 3908; x_wconf 89' lang='lat' dir='ltr'><strong>mentum,</strong></span> <span class='ocrx_word' id='word_1_255' title='bbox 1171 3834 1513 3896; x_wconf 89' lang='lat' dir='ltr'><strong>invisibilis</strong></span> <span class='ocrx_word' id='word_1_256' title='bbox 1547 3833 1763 3914; x_wconf 73' lang='lat' dir='ltr'><strong>gratiae</strong></span> <span class='ocrx_word' id='word_1_257' title='bbox 1794 3833 2047 3896; x_wconf 87' lang='lat' dir='ltr'><strong>visibile</strong></span> <span class='ocrx_word' id='word_1_258' title='bbox 2080 3834 2342 3914; x_wconf 89' lang='lat' dir='ltr'><strong>signum.</strong></span> 
     </span>
     <span class='ocr_line' id='line_1_44' title="bbox 848 3933 2351 3996; baseline -0.001 0"><span class='ocrx_word' id='word_1_259' title='bbox 848 3933 1202 3996; x_wconf 87' lang='lat' dir='ltr'><strong>Invisibilia</strong></span> <span class='ocrx_word' id='word_1_260' title='bbox 1229 3940 1443 3995; x_wconf 91' lang='lat' dir='ltr'><strong>autem</strong></span> <span class='ocrx_word' id='word_1_261' title='bbox 1475 3933 1584 3995; x_wconf 91' lang='lat' dir='ltr'><strong>Dei</strong></span> <span class='ocrx_word' id='word_1_262' title='bbox 1617 3933 1781 3995; x_wconf 92' lang='lat' dir='ltr'><strong>dona</strong></span> <span class='ocrx_word' id='word_1_263' title='bbox 1811 3953 1956 3995; x_wconf 89' lang='lat' dir='ltr'><strong>cum</strong></span> <span class='ocrx_word' id='word_1_264' title='bbox 1986 3933 2351 3996; x_wconf 90' lang='lat' dir='ltr'><strong>visibilibus</strong></span> 
     </span>
     <span class='ocr_line' id='line_1_45' title="bbox 850 4030 2350 4113; baseline 0 -19"><span class='ocrx_word' id='word_1_265' title='bbox 850 4032 1050 4112; x_wconf 87' lang='lat' dir='ltr'><strong>signis</strong></span> <span class='ocrx_word' id='word_1_266' title='bbox 1083 4030 1453 4094; x_wconf 90' lang='lat' dir='ltr'><strong>hominibus</strong></span> <span class='ocrx_word' id='word_1_267' title='bbox 1485 4031 1672 4104; x_wconf 89' lang='lat' dir='ltr'><strong>tradi,</strong></span> <span class='ocrx_word' id='word_1_268' title='bbox 1707 4031 1962 4113; x_wconf 91' lang='lat' dir='ltr'><strong>penitus</strong></span> <span class='ocrx_word' id='word_1_269' title='bbox 1995 4051 2350 4112; x_wconf 89' lang='lat' dir='ltr'><strong>congruum</strong></span> 
     </span>
     <span class='ocr_line' id='line_1_46' title="bbox 850 4130 2346 4212; baseline 0 -20"><span class='ocrx_word' id='word_1_270' title='bbox 850 4131 1275 4211; x_wconf 84' lang='lat' dir='ltr'><strong>humanaeque</strong></span> <span class='ocrx_word' id='word_1_271' title='bbox 1298 4130 1645 4192; x_wconf 91' lang='lat' dir='ltr'><strong>conditioni</strong></span> <span class='ocrx_word' id='word_1_272' title='bbox 1670 4131 2212 4212; x_wconf 86' lang='lat' dir='ltr'><strong>proportionatum</strong></span> <span class='ocrx_word' id='word_1_273' title='bbox 2236 4139 2346 4202; x_wconf 89' lang='lat' dir='ltr'><strong>est,</strong></span> 
     </span>
    </p>
   </div>
   <div class='ocr_carea' id='block_1_11' title="bbox 2453 1966 3958 2836">
    <p class='ocr_par' dir='ltr' id='par_1_13' title="bbox 2453 1966 3958 2836">
     <span class='ocr_line' id='line_1_47' title="bbox 2459 1966 3956 2047; baseline -0.001 -18"><span class='ocrx_word' id='word_1_274' title='bbox 2459 1967 2674 2029; x_wconf 90' lang='lat' dir='ltr'><strong>divina</strong></span> <span class='ocrx_word' id='word_1_275' title='bbox 2704 1966 3100 2028; x_wconf 88' lang='lat' dir='ltr'><strong>Eucharistia</strong></span> <span class='ocrx_word' id='word_1_276' title='bbox 3131 1975 3244 2028; x_wconf 90' lang='lat' dir='ltr'><strong>est.</strong></span> <span class='ocrx_word' id='word_1_277' title='bbox 3265 1967 3513 2047; x_wconf 89' lang='lat' dir='ltr'><strong>Quippe</strong></span> <span class='ocrx_word' id='word_1_278' title='bbox 3543 1985 3744 2047; x_wconf 91' lang='lat' dir='ltr'><strong>quum</strong></span> <span class='ocrx_word' id='word_1_279' title='bbox 3777 1966 3956 2047; x_wconf 89' lang='lat' dir='ltr'><strong>spiri-</strong></span> 
     </span>
     <span class='ocr_line' id='line_1_48' title="bbox 2457 2065 3954 2147; baseline -0.001 -20"><span class='ocrx_word' id='word_1_280' title='bbox 2457 2065 2654 2128; x_wconf 89' lang='lat' dir='ltr'><strong>tualia</strong></span> <span class='ocrx_word' id='word_1_281' title='bbox 2711 2065 2832 2128; x_wconf 92' lang='lat' dir='ltr'><strong>sub</strong></span> <span class='ocrx_word' id='word_1_282' title='bbox 2891 2065 3321 2147; x_wconf 89' lang='lat' dir='ltr'><strong>corporalium</strong></span> <span class='ocrx_word' id='word_1_283' title='bbox 3383 2084 3598 2128; x_wconf 86' lang='lat' dir='ltr'><strong>rerum</strong></span> <span class='ocrx_word' id='word_1_284' title='bbox 3649 2065 3774 2127; x_wconf 88' lang='lat' dir='ltr'><strong>sibi</strong></span> <span class='ocrx_word' id='word_1_285' title='bbox 3823 2082 3954 2128; x_wconf 86' lang='lat' dir='ltr'><strong>cor-</strong></span> 
     </span>
     <span class='ocr_line' id='line_1_49' title="bbox 2459 2164 3954 2246; baseline -0.001 -21"><span class='ocrx_word' id='word_1_286' title='bbox 2459 2164 2981 2246; x_wconf 89' lang='lat' dir='ltr'><strong>respondentium</strong></span> <span class='ocrx_word' id='word_1_287' title='bbox 3015 2164 3355 2246; x_wconf 87' lang='lat' dir='ltr'><strong>speciebus</strong></span> <span class='ocrx_word' id='word_1_288' title='bbox 3385 2173 3815 2245; x_wconf 86' lang='lat' dir='ltr'><strong>congruenter</strong></span> <span class='ocrx_word' id='word_1_289' title='bbox 3851 2181 3954 2225; x_wconf 87' lang='lat' dir='ltr'><strong>no·</strong></span> 
     </span>
     <span class='ocr_line' id='line_1_50' title="bbox 2459 2261 3958 2345; baseline -0.001 -20"><span class='ocrx_word' id='word_1_290' title='bbox 2459 2263 2558 2325; x_wconf 92' lang='lat' dir='ltr'><strong>bis</strong></span> <span class='ocrx_word' id='word_1_291' title='bbox 2601 2263 3163 2345; x_wconf 89' lang='lat' dir='ltr'><strong>(quemadmodum</strong></span> <span class='ocrx_word' id='word_1_292' title='bbox 3223 2261 3508 2324; x_wconf 85' lang='lat' dir='ltr'><strong>habitum</strong></span> <span class='ocrx_word' id='word_1_293' title='bbox 3557 2263 3684 2342; x_wconf 91' lang='lat' dir='ltr'><strong>est)</strong></span> <span class='ocrx_word' id='word_1_294' title='bbox 3731 2262 3958 2324; x_wconf 89' lang='lat' dir='ltr'><strong>donen-</strong></span> 
     </span>
     <span class='ocr_line' id='line_1_51' title="bbox 2459 2360 3958 2443; baseline -0.002 -19"><span class='ocrx_word' id='word_1_295' title='bbox 2459 2371 2579 2436; x_wconf 85' lang='lat' dir='ltr'><strong>tur,</strong></span> <span class='ocrx_word' id='word_1_296' title='bbox 2626 2361 2994 2443; x_wconf 88' lang='lat' dir='ltr'><strong>hujusmodi</strong></span> <span class='ocrx_word' id='word_1_297' title='bbox 3043 2361 3376 2443; x_wconf 86' lang='lat' dir='ltr'><strong>spirituale</strong></span> <span class='ocrx_word' id='word_1_298' title='bbox 3417 2360 3804 2423; x_wconf 87' lang='lat' dir='ltr'><strong>alimentum</strong></span> <span class='ocrx_word' id='word_1_299' title='bbox 3843 2361 3958 2421; x_wconf 89' lang='lat' dir='ltr'><strong>sub</strong></span> 
     </span>
     <span class='ocr_line' id='line_1_52' title="bbox 2461 2458 3958 2542; baseline -0.001 -20"><span class='ocrx_word' id='word_1_300' title='bbox 2461 2461 2887 2542; x_wconf 88' lang='lat' dir='ltr'><strong>corporalium</strong></span> <span class='ocrx_word' id='word_1_301' title='bbox 2947 2459 3399 2522; x_wconf 89' lang='lat' dir='ltr'><strong>alimentorum</strong></span> <span class='ocrx_word' id='word_1_302' title='bbox 3450 2458 3675 2522; x_wconf 78' lang='lat' dir='ltr'><strong>formis</strong></span> <span class='ocrx_word' id='word_1_303' title='bbox 3723 2459 3958 2540; x_wconf 90' lang='lat' dir='ltr'><strong>quibus</strong></span> 
     </span>
     <span class='ocr_line' id='line_1_53' title="bbox 2457 2557 3952 2639; baseline 0.001 -18"><span class='ocrx_word' id='word_1_304' title='bbox 2457 2558 2862 2621; x_wconf 90' lang='lat' dir='ltr'><strong>communius</strong></span> <span class='ocrx_word' id='word_1_305' title='bbox 2894 2559 3158 2632; x_wconf 89' lang='lat' dir='ltr'><strong>utimur,</strong></span> <span class='ocrx_word' id='word_1_306' title='bbox 3195 2558 3376 2639; x_wconf 91' lang='lat' dir='ltr'><strong>panis</strong></span> <span class='ocrx_word' id='word_1_307' title='bbox 3409 2557 3658 2620; x_wconf 91' lang='lat' dir='ltr'><strong>scilicet</strong></span> <span class='ocrx_word' id='word_1_308' title='bbox 3695 2565 3762 2620; x_wconf 89' lang='lat' dir='ltr'><strong>et</strong></span> <span class='ocrx_word' id='word_1_309' title='bbox 3801 2558 3952 2622; x_wconf 82' lang='lat' dir='ltr'><strong>vini.</strong></span> 
     </span>
     <span class='ocr_line' id='line_1_54' title="bbox 2457 2654 3958 2719; baseline -0.001 -1"><span class='ocrx_word' id='word_1_310' title='bbox 2457 2657 2756 2718; x_wconf 85' lang='lat' dir='ltr'><strong>traditum</strong></span> <span class='ocrx_word' id='word_1_311' title='bbox 2806 2664 2923 2718; x_wconf 90' lang='lat' dir='ltr'><strong>est.</strong></span> <span class='ocrx_word' id='word_1_312' title='bbox 2967 2656 3096 2719; x_wconf 85' lang='lat' dir='ltr'><strong>Hoc</strong></span> <span class='ocrx_word' id='word_1_313' title='bbox 3144 2663 3360 2718; x_wconf 85' lang='lat' dir='ltr'><strong>aute-m</strong></span> <span class='ocrx_word' id='word_1_314' title='bbox 3409 2673 3540 2718; x_wconf 90' lang='lat' dir='ltr'><strong>non</strong></span> <span class='ocrx_word' id='word_1_315' title='bbox 3589 2656 3680 2718; x_wconf 91' lang='lat' dir='ltr'><strong>sic</strong></span> <span class='ocrx_word' id='word_1_316' title='bbox 3733 2654 3958 2718; x_wconf 87' lang='lat' dir='ltr'><strong>intelli·</strong></span> 
     </span>
     <span class='ocr_line' id='line_1_55' title="bbox 2453 2749 3956 2836; baseline -0.003 -19"><span class='ocrx_word' id='word_1_317' title='bbox 2453 2755 2730 2836; x_wconf 85' lang='lat' dir='ltr'><strong>gendum</strong></span> <span class='ocrx_word' id='word_1_318' title='bbox 2778 2762 2875 2816; x_wconf 91' lang='lat' dir='ltr'><strong>est</strong></span> <span class='ocrx_word' id='word_1_319' title='bbox 2918 2754 3099 2835; x_wconf 90' lang='lat' dir='ltr'><strong>quasi</strong></span> <span class='ocrx_word' id='word_1_320' title='bbox 3139 2753 3518 2816; x_wconf 85' lang='lat' dir='ltr'><strong>alimentum</strong></span> <span class='ocrx_word' id='word_1_321' title='bbox 3565 2750 3736 2816; x_wconf 89' lang='lat' dir='ltr'><strong>istud</strong></span> <span class='ocrx_word' id='word_1_322' title='bbox 3775 2749 3956 2836; x_wconf 82' lang='lat' dir='ltr'><strong>spiri-</strong></span> 
     </span>
    </p>
   </div>
   <div class='ocr_carea' id='block_1_12' title="bbox 2452 2851 3956 2934">
    <p class='ocr_par' dir='ltr' id='par_1_14' title="bbox 2452 2851 3956 2934">
     <span class='ocr_line' id='line_1_56' title="bbox 2452 2851 3956 2934; baseline -0.001 -20"><span class='ocrx_word' id='word_1_323' title='bbox 2452 2853 2623 2915; x_wconf 88' lang='lat' dir='ltr'><strong>tuale</strong></span> <span class='ocrx_word' id='word_1_324' title='bbox 2676 2871 2804 2915; x_wconf 93' lang='lat' dir='ltr'><strong>non</strong></span> <span class='ocrx_word' id='word_1_325' title='bbox 2853 2853 2936 2915; x_wconf 90' lang='lat' dir='ltr'><strong>sit</strong></span> <span class='ocrx_word' id='word_1_326' title='bbox 2983 2871 3208 2915; x_wconf 87' lang='lat' dir='ltr'><strong>verum</strong></span> <span class='ocrx_word' id='word_1_327' title='bbox 3259 2870 3491 2934; x_wconf 90' lang='lat' dir='ltr'><strong>corpus</strong></span> <span class='ocrx_word' id='word_1_328' title='bbox 3543 2852 3802 2924; x_wconf 87' lang='lat' dir='ltr'><strong>Christi,</strong></span> <span class='ocrx_word' id='word_1_329' title='bbox 3852 2851 3956 2913; x_wconf 86' lang='lat' dir='ltr'><strong>sed</strong></span> 
     </span>
    </p>
   </div>
   <div class='ocr_carea' id='block_1_13' title="bbox 2455 2950 3958 3034">
    <p class='ocr_par' dir='ltr' id='par_1_15' title="bbox 2455 2950 3958 3034">
     <span class='ocr_line' id='line_1_57' title="bbox 2455 2950 3958 3034; baseline -0.001 -22"><span class='ocrx_word' id='word_1_330' title='bbox 2455 2951 2758 3034; x_wconf 89' lang='lat' dir='ltr'><strong>quoniam</strong></span> <span class='ocrx_word' id='word_1_331' title='bbox 2789 2950 3088 3033; x_wconf 90' lang='lat' dir='ltr'><strong>spiritum</strong></span> <span class='ocrx_word' id='word_1_332' title='bbox 3120 2959 3695 3032; x_wconf 89' lang='lat' dir='ltr'><strong>mentemque,non</strong></span> <span class='ocrx_word' id='word_1_333' title='bbox 3729 2969 3958 3032; x_wconf 89' lang='lat' dir='ltr'><strong>corpus</strong></span> 
     </span>
    </p>
   </div>
   <div class='ocr_carea' id='block_1_14' title="bbox 2381 3049 3956 3131">
    <p class='ocr_par' dir='ltr' id='par_1_16' title="bbox 2381 3049 3956 3131">
     <span class='ocr_line' id='line_1_58' title="bbox 2381 3049 3956 3131; baseline -0.004 -15"><span class='ocrx_word' id='word_1_334' title='bbox 2381 3055 2423 3117; x_wconf 92' lang='lat' dir='ltr'><strong>C</strong></span> <span class='ocrx_word' id='word_1_335' title='bbox 2455 3050 2688 3123; x_wconf 81' lang='lat' dir='ltr'><strong>reficit,</strong></span> <span class='ocrx_word' id='word_1_336' title='bbox 2735 3050 2879 3112; x_wconf 91' lang='lat' dir='ltr'><strong>ideo</strong></span> <span class='ocrx_word' id='word_1_337' title='bbox 2929 3050 3262 3131; x_wconf 87' lang='lat' dir='ltr'><strong>spirituale</strong></span> <span class='ocrx_word' id='word_1_338' title='bbox 3311 3049 3568 3111; x_wconf 90' lang='lat' dir='ltr'><strong>dicitur.</strong></span> <span class='ocrx_word' id='word_1_339' title='bbox 3611 3049 3742 3111; x_wconf 86' lang='lat' dir='ltr'><strong>Hoc</strong></span> <span class='ocrx_word' id='word_1_340' title='bbox 3787 3068 3956 3110; x_wconf 88' lang='lat' dir='ltr'><strong>nam-</strong></span> 
     </span>
    </p>
   </div>
   <div class='ocr_carea' id='block_1_15' title="bbox 2454 3148 3957 3417">
    <p class='ocr_par' dir='ltr' id='par_1_17' title="bbox 2454 3148 3957 3417">
     <span class='ocr_line' id='line_1_59' title="bbox 2454 3148 3957 3230; baseline -0.002 -19"><span class='ocrx_word' id='word_1_341' title='bbox 2454 3168 2579 3230; x_wconf 91' lang='lat' dir='ltr'><strong>que</strong></span> <span class='ocrx_word' id='word_1_342' title='bbox 2626 3149 3001 3210; x_wconf 85' lang='lat' dir='ltr'><strong>alimentum</strong></span> <span class='ocrx_word' id='word_1_343' title='bbox 3062 3149 3126 3209; x_wconf 90' lang='lat' dir='ltr'><strong>in</strong></span> <span class='ocrx_word' id='word_1_344' title='bbox 3187 3166 3256 3210; x_wconf 91' lang='lat' dir='ltr'><strong>se</strong></span> <span class='ocrx_word' id='word_1_345' title='bbox 3311 3148 3570 3230; x_wconf 90' lang='lat' dir='ltr'><strong>quidem</strong></span> <span class='ocrx_word' id='word_1_346' title='bbox 3633 3148 3957 3230; x_wconf 89' lang='lat' dir='ltr'><strong>corporale</strong></span> 
     </span>
     <span class='ocr_line' id='line_1_60' title="bbox 2456 3246 3952 3328; baseline -0.002 -19"><span class='ocrx_word' id='word_1_347' title='bbox 2456 3255 2700 3319; x_wconf 89' lang='lat' dir='ltr'><strong>est‚seu</strong></span> <span class='ocrx_word' id='word_1_348' title='bbox 2730 3265 2808 3308; x_wconf 85' lang='lat' dir='ltr'><strong>ex</strong></span> <span class='ocrx_word' id='word_1_349' title='bbox 2842 3254 3017 3328; x_wconf 90' lang='lat' dir='ltr'><strong>parte</strong></span> <span class='ocrx_word' id='word_1_350' title='bbox 3049 3246 3324 3328; x_wconf 81' lang='lat' dir='ltr'><strong>propriae</strong></span> <span class='ocrx_word' id='word_1_351' title='bbox 3354 3254 3615 3309; x_wconf 82' lang='lat' dir='ltr'><strong>naturae.</strong></span> <span class='ocrx_word' id='word_1_352' title='bbox 3635 3247 3952 3328; x_wconf 85' lang='lat' dir='ltr'><strong>Scriptum</strong></span> 
     </span>
     <span class='ocr_line' id='line_1_61' title="bbox 2457 3344 3954 3417; baseline -0.001 -10"><span class='ocrx_word' id='word_1_353' title='bbox 2457 3352 2554 3407; x_wconf 90' lang='lat' dir='ltr'><strong>est</strong></span> <span class='ocrx_word' id='word_1_354' title='bbox 2601 3347 2771 3407; x_wconf 91' lang='lat' dir='ltr'><strong>enim</strong></span> <span class='ocrx_word' id='word_1_355' title='bbox 2830 3362 2844 3407; x_wconf 75' lang='grc' dir='ltr'>ε</span> <span class='ocrx_word' id='word_1_356' title='bbox 2899 3345 3056 3408; x_wconf 88' lang='lat' dir='ltr'><strong>Caro</strong></span> <span class='ocrx_word' id='word_1_357' title='bbox 3106 3363 3248 3407; x_wconf 87' lang='lat' dir='ltr'><strong>mea</strong></span> <span class='ocrx_word' id='word_1_358' title='bbox 3295 3363 3443 3407; x_wconf 92' lang='lat' dir='ltr'><strong>vere</strong></span> <span class='ocrx_word' id='word_1_359' title='bbox 3490 3352 3589 3406; x_wconf 92' lang='lat' dir='ltr'><strong>est</strong></span> <span class='ocrx_word' id='word_1_360' title='bbox 3635 3344 3846 3417; x_wconf 91' lang='lat' dir='ltr'><strong>cibus,</strong></span> <span class='ocrx_word' id='word_1_361' title='bbox 3895 3353 3954 3406; x_wconf 89' lang='lat' dir='ltr'><strong>et</strong></span> 
     </span>
    </p>
   </div>
   <div class='ocr_carea' id='block_1_16' title="bbox 4000 3361 4186 3402">
    <p class='ocr_par' dir='ltr' id='par_1_18' title="bbox 4000 3361 4186 3402">
     <span class='ocr_line' id='line_1_62' title="bbox 4000 3361 4186 3402; baseline 0 -5"><span class='ocrx_word' id='word_1_362' title='bbox 4000 3361 4134 3402; x_wconf 64' lang='lat' dir='ltr'><strong>luat-x.</strong></span> <span class='ocrx_word' id='word_1_363' title='bbox 4148 3373 4186 3397; x_wconf 70' lang='grc' dir='ltr'><strong>τι.</strong></span> 
     </span>
    </p>
   </div>
   <div class='ocr_carea' id='block_1_17' title="bbox 2459 3428 4039 3525">
    <p class='ocr_par' dir='ltr' id='par_1_19' title="bbox 2459 3428 4039 3525">
     <span class='ocr_line' id='line_1_63' title="bbox 2459 3428 4039 3525; baseline -0.001 -21"><span class='ocrx_word' id='word_1_364' title='bbox 2459 3443 2717 3524; x_wconf 90' lang='lat' dir='ltr'><strong>sanguis</strong></span> <span class='ocrx_word' id='word_1_365' title='bbox 2766 3462 2947 3506; x_wconf 87' lang='lat' dir='ltr'><strong>meus</strong></span> <span class='ocrx_word' id='word_1_366' title='bbox 2997 3462 3146 3506; x_wconf 90' lang='lat' dir='ltr'><strong>vere</strong></span> <span class='ocrx_word' id='word_1_367' title='bbox 3198 3451 3296 3505; x_wconf 91' lang='lat' dir='ltr'><strong>est</strong></span> <span class='ocrx_word' id='word_1_368' title='bbox 3338 3449 3547 3525; x_wconf 90' lang='lat' dir='ltr'><strong>potus.</strong></span> <span class='ocrx_word' id='word_1_369' title='bbox 3600 3442 3724 3504; x_wconf 89' lang='lat' dir='ltr'><strong>Sed</strong></span> <span class='ocrx_word' id='word_1_370' title='bbox 3775 3441 3954 3504; x_wconf 89' lang='lat' dir='ltr'><strong>cibus</strong></span> <span class='ocrx_word' id='word_1_371' title='bbox 3982 3428 4039 3465; x_wconf 51' lang='lat'><strong>⁵5·</strong></span> 
     </span>
    </p>
   </div>
   <div class='ocr_carea' id='block_1_18' title="bbox 2459 3539 3964 4212">
    <p class='ocr_par' dir='ltr' id='par_1_20' title="bbox 2459 3539 3960 3899">
     <span class='ocr_line' id='line_1_64' title="bbox 2459 3539 3956 3622; baseline -0.001 -20"><span class='ocrx_word' id='word_1_372' title='bbox 2459 3542 2577 3604; x_wconf 90' lang='lat' dir='ltr'><strong>iste</strong></span> <span class='ocrx_word' id='word_1_373' title='bbox 2607 3543 2706 3621; x_wconf 91' lang='lat' dir='ltr'><strong>(ut</strong></span> <span class='ocrx_word' id='word_1_374' title='bbox 2737 3548 2975 3604; x_wconf 90' lang='lat' dir='ltr'><strong>tactum</strong></span> <span class='ocrx_word' id='word_1_375' title='bbox 3012 3549 3108 3604; x_wconf 92' lang='lat' dir='ltr'><strong>est</strong></span> <span class='ocrx_word' id='word_1_376' title='bbox 3139 3541 3340 3621; x_wconf 90' lang='lat' dir='ltr'><strong>nunc)</strong></span> <span class='ocrx_word' id='word_1_377' title='bbox 3366 3539 3448 3603; x_wconf 91' lang='lat' dir='ltr'><strong>ob</strong></span> <span class='ocrx_word' id='word_1_378' title='bbox 3496 3540 3559 3602; x_wconf 91' lang='lat' dir='ltr'><strong>id</strong></span> <span class='ocrx_word' id='word_1_379' title='bbox 3605 3541 3956 3622; x_wconf 86' lang='lat' dir='ltr'><strong>spiritualis</strong></span> 
     </span>
     <span class='ocr_line' id='line_1_65' title="bbox 2459 3638 3956 3721; baseline -0.003 -19"><span class='ocrx_word' id='word_1_380' title='bbox 2459 3641 2847 3714; x_wconf 89' lang='lat' dir='ltr'><strong>nominatur,</strong></span> <span class='ocrx_word' id='word_1_381' title='bbox 2895 3640 3197 3721; x_wconf 89' lang='lat' dir='ltr'><strong>quoniam</strong></span> <span class='ocrx_word' id='word_1_382' title='bbox 3243 3657 3370 3702; x_wconf 90' lang='lat' dir='ltr'><strong>non</strong></span> <span class='ocrx_word' id='word_1_383' title='bbox 3415 3639 3482 3700; x_wconf 92' lang='lat' dir='ltr'><strong>in</strong></span> <span class='ocrx_word' id='word_1_384' title='bbox 3521 3657 3783 3701; x_wconf 89' lang='lat' dir='ltr'><strong>carnem</strong></span> <span class='ocrx_word' id='word_1_385' title='bbox 3827 3638 3956 3700; x_wconf 88' lang='lat' dir='ltr'><strong>aliti</strong></span> 
     </span>
     <span class='ocr_line' id='line_1_66' title="bbox 2461 3737 3960 3820; baseline -0.003 -20"><span class='ocrx_word' id='word_1_386' title='bbox 2461 3739 3102 3820; x_wconf 89' lang='lat' dir='ltr'><strong>convertitur,neque</strong></span> <span class='ocrx_word' id='word_1_387' title='bbox 3133 3755 3363 3819; x_wconf 90' lang='lat' dir='ltr'><strong>corpus</strong></span> <span class='ocrx_word' id='word_1_388' title='bbox 3396 3737 3620 3818; x_wconf 88' lang='lat' dir='ltr'><strong>replet,</strong></span> <span class='ocrx_word' id='word_1_389' title='bbox 3645 3737 3759 3800; x_wconf 89' lang='lat' dir='ltr'><strong>sed</strong></span> <span class='ocrx_word' id='word_1_390' title='bbox 3792 3755 3960 3799; x_wconf 87' lang='lat' dir='ltr'><strong>men-</strong></span> 
     </span>
     <span class='ocr_line' id='line_1_67' title="bbox 2460 3836 2968 3899; baseline -0.006 0"><span class='ocrx_word' id='word_1_391' title='bbox 2460 3846 2589 3899; x_wconf 91' lang='lat' dir='ltr'><strong>tem</strong></span> <span class='ocrx_word' id='word_1_392' title='bbox 2635 3836 2968 3899; x_wconf 78' lang='lat' dir='ltr'><strong>confortat.</strong></span> 
     </span>
    </p>

    <p class='ocr_par' dir='ltr' id='par_1_21' title="bbox 2462 3933 3964 4212">
     <span class='ocr_line' id='line_1_68' title="bbox 2541 3933 3964 4016; baseline -0.004 -18"><span class='ocrx_word' id='word_1_393' title='bbox 2541 3935 2849 4016; x_wconf 91' lang='lat' dir='ltr'><strong>Denique,</strong></span> <span class='ocrx_word' id='word_1_394' title='bbox 2910 3935 3079 3996; x_wconf 91' lang='lat' dir='ltr'><strong>sicut</strong></span> <span class='ocrx_word' id='word_1_395' title='bbox 3134 3952 3248 4015; x_wconf 90' lang='lat' dir='ltr'><strong>per</strong></span> <span class='ocrx_word' id='word_1_396' title='bbox 3317 3933 3716 4015; x_wconf 90' lang='lat' dir='ltr'><strong>Baptismum</strong></span> <span class='ocrx_word' id='word_1_397' title='bbox 3779 3934 3964 3996; x_wconf 89' lang='lat' dir='ltr'><strong>homo</strong></span> 
     </span>
     <span class='ocr_line' id='line_1_69' title="bbox 2462 4031 3963 4115; baseline -0.002 -20"><span class='ocrx_word' id='word_1_398' title='bbox 2462 4032 2882 4115; x_wconf 87' lang='lat' dir='ltr'><strong>spiritualiter</strong></span> <span class='ocrx_word' id='word_1_399' title='bbox 2933 4039 3344 4112; x_wconf 86' lang='lat' dir='ltr'><strong>regeneratur</strong></span> <span class='ocrx_word' id='word_1_400' title='bbox 3390 4031 3732 4113; x_wconf 89' lang='lat' dir='ltr'><strong>denuoque</strong></span> <span class='ocrx_word' id='word_1_401' title='bbox 3787 4050 3963 4093; x_wconf 85' lang='lat' dir='ltr'><strong>rena-</strong></span> 
     </span>
     <span class='ocr_line' id='line_1_70' title="bbox 2463 4129 3962 4212; baseline -0.001 -20"><span class='ocrx_word' id='word_1_402' title='bbox 2463 4132 2683 4205; x_wconf 89' lang='lat' dir='ltr'><strong>scitur,</strong></span> <span class='ocrx_word' id='word_1_403' title='bbox 2718 4131 2811 4192; x_wconf 90' lang='lat' dir='ltr'><strong>sic</strong></span> <span class='ocrx_word' id='word_1_404' title='bbox 2856 4149 2971 4212; x_wconf 91' lang='lat' dir='ltr'><strong>per</strong></span> <span class='ocrx_word' id='word_1_405' title='bbox 3013 4129 3476 4192; x_wconf 88' lang='lat' dir='ltr'><strong>Eucharistiam</strong></span> <span class='ocrx_word' id='word_1_406' title='bbox 3521 4129 3962 4211; x_wconf 77' lang='lat' dir='ltr'><strong>spiritualiter,</strong></span> 
     </span>
    </p>
   </div>
   <div class='ocr_carea' id='block_1_19' title="bbox 853 4227 3962 4310">
    <p class='ocr_par' dir='ltr' id='par_1_22' title="bbox 853 4227 3962 4310">
     <span class='ocr_line' id='line_1_71' title="bbox 853 4227 3962 4310; baseline -0 -21"><span class='ocrx_word' id='word_1_407' title='bbox 853 4247 1053 4309; x_wconf 89' lang='lat' dir='ltr'><strong>quum</strong></span> <span class='ocrx_word' id='word_1_408' title='bbox 1094 4248 1171 4290; x_wconf 84' lang='lat' dir='ltr'><strong>ex</strong></span> <span class='ocrx_word' id='word_1_409' title='bbox 1210 4228 1625 4290; x_wconf 89' lang='lat' dir='ltr'><strong>sensibilibus</strong></span> <span class='ocrx_word' id='word_1_410' title='bbox 1675 4229 2124 4310; x_wconf 90' lang='lat' dir='ltr'><strong>corporeisque</strong></span> <span class='ocrx_word' id='word_1_411' title='bbox 2176 4237 2350 4290; x_wconf 90' lang='lat' dir='ltr'><strong>natu·</strong></span> <span class='ocrx_word' id='word_1_412' title='bbox 2382 4233 2429 4294; x_wconf 91' lang='lat' dir='ltr'>D</span> <span class='ocrx_word' id='word_1_413' title='bbox 2464 4249 2543 4292; x_wconf 91' lang='lat' dir='ltr'><strong>ne</strong></span> <span class='ocrx_word' id='word_1_414' title='bbox 2575 4229 2703 4290; x_wconf 90' lang='lat' dir='ltr'><strong>vita</strong></span> <span class='ocrx_word' id='word_1_415' title='bbox 2732 4228 2976 4290; x_wconf 80' lang='lat' dir='ltr'><strong>defluat</strong></span> <span class='ocrx_word' id='word_1_416' title='bbox 3007 4227 3261 4300; x_wconf 82' lang='lat' dir='ltr'><strong>mentiS‚</strong></span> <span class='ocrx_word' id='word_1_417' title='bbox 3297 4247 3438 4308; x_wconf 83' lang='lat' dir='ltr'><strong>quae</strong></span> <span class='ocrx_word' id='word_1_418' title='bbox 3469 4228 3580 4289; x_wconf 89' lang='lat' dir='ltr'><strong>Dei</strong></span> <span class='ocrx_word' id='word_1_419' title='bbox 3611 4228 3819 4308; x_wconf 84' lang='lat' dir='ltr'><strong>gratia</strong></span> <span class='ocrx_word' id='word_1_420' title='bbox 3847 4237 3962 4290; x_wconf 86' lang='lat' dir='ltr'><strong>est.</strong></span> 
     </span>
    </p>
   </div>
   <div class='ocr_carea' id='block_1_20' title="bbox 852 4326 2361 5394">
    <p class='ocr_par' dir='ltr' id='par_1_23' title="bbox 852 4326 2361 5394">
     <span class='ocr_line' id='line_1_72' title="bbox 854 4326 2348 4400; baseline 0 -12"><span class='ocrx_word' id='word_1_421' title='bbox 854 4326 941 4388; x_wconf 91' lang='lat' dir='ltr'><strong>ris</strong></span> <span class='ocrx_word' id='word_1_422' title='bbox 985 4327 1063 4389; x_wconf 91' lang='lat' dir='ltr'><strong>ad</strong></span> <span class='ocrx_word' id='word_1_423' title='bbox 1115 4327 1333 4389; x_wconf 87' lang='lat' dir='ltr'><strong>divina</strong></span> <span class='ocrx_word' id='word_1_424' title='bbox 1384 4346 1457 4388; x_wconf 91' lang='lat' dir='ltr'><strong>ac</strong></span> <span class='ocrx_word' id='word_1_425' title='bbox 1514 4327 1865 4389; x_wconf 89' lang='lat' dir='ltr'><strong>invisibilia</strong></span> <span class='ocrx_word' id='word_1_426' title='bbox 1916 4328 2348 4400; x_wconf 89' lang='lat' dir='ltr'><strong>sursumduci,</strong></span> 
     </span>
     <span class='ocr_line' id='line_1_73' title="bbox 855 4425 2352 4506; baseline 0.001 -19"><span class='ocrx_word' id='word_1_427' title='bbox 855 4443 1250 4506; x_wconf 85' lang='lat' dir='ltr'><strong>congeneum</strong></span> <span class='ocrx_word' id='word_1_428' title='bbox 1283 4444 1355 4486; x_wconf 90' lang='lat' dir='ltr'><strong>ac</strong></span> <span class='ocrx_word' id='word_1_429' title='bbox 1388 4425 1797 4488; x_wconf 88' lang='lat' dir='ltr'><strong>connaturale</strong></span> <span class='ocrx_word' id='word_1_430' title='bbox 1828 4426 1909 4486; x_wconf 90' lang='lat' dir='ltr'><strong>sit</strong></span> <span class='ocrx_word' id='word_1_431' title='bbox 1939 4426 2204 4488; x_wconf 91' lang='lat' dir='ltr'><strong>homini.</strong></span> <span class='ocrx_word' id='word_1_432' title='bbox 2238 4427 2352 4489; x_wconf 90' lang='lat' dir='ltr'><strong>Per</strong></span> 
     </span>
     <span class='ocr_line' id='line_1_74' title="bbox 854 4523 2350 4604; baseline 0.001 -19"><span class='ocrx_word' id='word_1_433' title='bbox 854 4523 1139 4586; x_wconf 88' lang='lat' dir='ltr'><strong>visibilia</strong></span> <span class='ocrx_word' id='word_1_434' title='bbox 1170 4524 1382 4604; x_wconf 84' lang='lat' dir='ltr'><strong>itaque</strong></span> <span class='ocrx_word' id='word_1_435' title='bbox 1414 4524 1703 4604; x_wconf 84' lang='lat' dir='ltr'><strong>quaedam</strong></span> <span class='ocrx_word' id='word_1_436' title='bbox 1744 4523 2037 4604; x_wconf 89' lang='lat' dir='ltr'><strong>congruit</strong></span> <span class='ocrx_word' id='word_1_437' title='bbox 2076 4531 2147 4585; x_wconf 90' lang='lat' dir='ltr'><strong>ut</strong></span> <span class='ocrx_word' id='word_1_438' title='bbox 2185 4525 2350 4586; x_wconf 90' lang='lat' dir='ltr'><strong>salu-</strong></span> 
     </span>
     <span class='ocr_line' id='line_1_75' title="bbox 857 4621 2351 4702; baseline -0.001 -17"><span class='ocrx_word' id='word_1_439' title='bbox 857 4631 985 4685; x_wconf 92' lang='lat' dir='ltr'><strong>tem</strong></span> <span class='ocrx_word' id='word_1_440' title='bbox 1032 4622 1096 4683; x_wconf 93' lang='lat' dir='ltr'><strong>in</strong></span> <span class='ocrx_word' id='word_1_441' title='bbox 1141 4621 1325 4684; x_wconf 91' lang='lat' dir='ltr'><strong>nobis</strong></span> <span class='ocrx_word' id='word_1_442' title='bbox 1364 4627 1665 4702; x_wconf 91' lang='lat' dir='ltr'><strong>operetur</strong></span> <span class='ocrx_word' id='word_1_443' title='bbox 1712 4623 1899 4683; x_wconf 80' lang='lat' dir='ltr'><strong>Deus,</strong></span> <span class='ocrx_word' id='word_1_444' title='bbox 1941 4623 2131 4684; x_wconf 91' lang='lat' dir='ltr'><strong>Porro</strong></span> <span class='ocrx_word' id='word_1_445' title='bbox 2182 4641 2351 4684; x_wconf 91' lang='lat' dir='ltr'><strong>mors</strong></span> 
     </span>
     <span class='ocr_line' id='line_1_76' title="bbox 856 4719 2353 4801; baseline -0.001 -18"><span class='ocrx_word' id='word_1_446' title='bbox 856 4720 1090 4784; x_wconf 90' lang='lat' dir='ltr'><strong>Christi</strong></span> <span class='ocrx_word' id='word_1_447' title='bbox 1151 4728 1249 4782; x_wconf 90' lang='lat' dir='ltr'><strong>est</strong></span> <span class='ocrx_word' id='word_1_448' title='bbox 1306 4719 1485 4801; x_wconf 88' lang='lat' dir='ltr'><strong>quasi</strong></span> <span class='ocrx_word' id='word_1_449' title='bbox 1548 4720 1930 4782; x_wconf 90' lang='lat' dir='ltr'><strong>universalis</strong></span> <span class='ocrx_word' id='word_1_450' title='bbox 1992 4740 2183 4783; x_wconf 86' lang='lat' dir='ltr'><strong>causa</strong></span> <span class='ocrx_word' id='word_1_451' title='bbox 2240 4721 2353 4782; x_wconf 91' lang='lat' dir='ltr'><strong>hu-</strong></span> 
     </span>
     <span class='ocr_line' id='line_1_77' title="bbox 856 4817 2349 4882; baseline 0 -1"><span class='ocrx_word' id='word_1_452' title='bbox 856 4839 1058 4882; x_wconf 83' lang='lat' dir='ltr'><strong>manae</strong></span> <span class='ocrx_word' id='word_1_453' title='bbox 1089 4817 1330 4881; x_wconf 89' lang='lat' dir='ltr'><strong>salutis.</strong></span> <span class='ocrx_word' id='word_1_454' title='bbox 1366 4817 1798 4881; x_wconf 87' lang='lat' dir='ltr'><strong>Universalem</strong></span> <span class='ocrx_word' id='word_1_455' title='bbox 1841 4827 2053 4880; x_wconf 91' lang='lat' dir='ltr'><strong>autem</strong></span> <span class='ocrx_word' id='word_1_456' title='bbox 2094 4839 2349 4881; x_wconf 90' lang='lat' dir='ltr'><strong>causam</strong></span> 
     </span>
     <span class='ocr_line' id='line_1_78' title="bbox 852 4917 2352 4998; baseline -0.001 -18"><span class='ocrx_word' id='word_1_457' title='bbox 852 4917 1261 4980; x_wconf 90' lang='lat' dir='ltr'><strong>determinari</strong></span> <span class='ocrx_word' id='word_1_458' title='bbox 1295 4923 1544 4998; x_wconf 87' lang='lat' dir='ltr'><strong>oportet</strong></span> <span class='ocrx_word' id='word_1_459' title='bbox 1574 4923 1636 4978; x_wconf 87' lang='lat' dir='ltr'><strong>et</strong></span> <span class='ocrx_word' id='word_1_460' title='bbox 1664 4917 1971 4998; x_wconf 89' lang='lat' dir='ltr'><strong>applicari</strong></span> <span class='ocrx_word' id='word_1_461' title='bbox 2002 4919 2079 4979; x_wconf 91' lang='lat' dir='ltr'><strong>ad</strong></span> <span class='ocrx_word' id='word_1_462' title='bbox 2123 4937 2352 4979; x_wconf 86' lang='lat' dir='ltr'><strong>unum-</strong></span> 
     </span>
     <span class='ocr_line' id='line_1_79' title="bbox 853 5015 2354 5098; baseline 0 -20"><span class='ocrx_word' id='word_1_463' title='bbox 853 5035 1175 5098; x_wconf 87' lang='lat' dir='ltr'><strong>quemque</strong></span> <span class='ocrx_word' id='word_1_464' title='bbox 1206 5015 1511 5077; x_wconf 73' lang='lat' dir='ltr'><strong>effectum</strong></span> <span class='ocrx_word' id='word_1_465' title='bbox 1548 5016 2015 5096; x_wconf 87' lang='lat' dir='ltr'><strong>particularem.</strong></span> <span class='ocrx_word' id='word_1_466' title='bbox 2054 5017 2211 5078; x_wconf 89' lang='lat' dir='ltr'><strong>Hinc</strong></span> <span class='ocrx_word' id='word_1_467' title='bbox 2243 5018 2354 5097; x_wconf 88' lang='lat' dir='ltr'><strong>igi-</strong></span> 
     </span>
     <span class='ocr_line' id='line_1_80' title="bbox 852 5113 2355 5187; baseline 0 -10"><span class='ocrx_word' id='word_1_468' title='bbox 852 5124 957 5177; x_wconf 90' lang='lat' dir='ltr'><strong>tur</strong></span> <span class='ocrx_word' id='word_1_469' title='bbox 985 5113 1415 5177; x_wconf 89' lang='lat' dir='ltr'><strong>necessarium</strong></span> <span class='ocrx_word' id='word_1_470' title='bbox 1461 5121 1615 5187; x_wconf 90' lang='lat' dir='ltr'><strong>erat,</strong></span> <span class='ocrx_word' id='word_1_471' title='bbox 1649 5113 1939 5176; x_wconf 88' lang='lat' dir='ltr'><strong>exhiberi</strong></span> <span class='ocrx_word' id='word_1_472' title='bbox 1981 5114 2355 5177; x_wconf 88' lang='lat' dir='ltr'><strong>hominibus</strong></span> 
     </span>
     <span class='ocr_line' id='line_1_81' title="bbox 854 5211 2355 5294; baseline 0.001 -21"><span class='ocrx_word' id='word_1_473' title='bbox 854 5212 1145 5294; x_wconf 83' lang='lat' dir='ltr'><strong>quaedam</strong></span> <span class='ocrx_word' id='word_1_474' title='bbox 1221 5211 1498 5273; x_wconf 90' lang='lat' dir='ltr'><strong>remedia</strong></span> <span class='ocrx_word' id='word_1_475' title='bbox 1575 5230 1690 5293; x_wconf 90' lang='lat' dir='ltr'><strong>per</strong></span> <span class='ocrx_word' id='word_1_476' title='bbox 1750 5231 1889 5294; x_wconf 86' lang='lat' dir='ltr'><strong>quae</strong></span> <span class='ocrx_word' id='word_1_477' title='bbox 1963 5212 2355 5276; x_wconf 82' lang='lat' dir='ltr'><strong>beneficium</strong></span> 
     </span>
     <span class='ocr_line' id='line_1_82' title="bbox 860 5309 2361 5394; baseline 0.002 -23"><span class='ocrx_word' id='word_1_478' title='bbox 860 5310 1081 5372; x_wconf 90' lang='lat' dir='ltr'><strong>mortis</strong></span> <span class='ocrx_word' id='word_1_479' title='bbox 1114 5309 1345 5373; x_wconf 91' lang='lat' dir='ltr'><strong>Christi</strong></span> <span class='ocrx_word' id='word_1_480' title='bbox 1375 5309 1469 5372; x_wconf 89' lang='lat' dir='ltr'><strong>eis</strong></span> <span class='ocrx_word' id='word_1_481' title='bbox 1509 5310 1980 5393; x_wconf 89' lang='lat' dir='ltr'><strong>quodammodo</strong></span> <span class='ocrx_word' id='word_1_482' title='bbox 2021 5311 2361 5394; x_wconf 86' lang='lat' dir='ltr'><strong>conjunge·</strong></span> 
     </span>
    </p>
   </div>
   <div class='ocr_carea' id='block_1_21' title="bbox 2463 4325 3972 5392">
    <p class='ocr_par' dir='ltr' id='par_1_24' title="bbox 2463 4325 3972 5392">
     <span class='ocr_line' id='line_1_83' title="bbox 2463 4325 3966 4408; baseline -0.002 -17"><span class='ocrx_word' id='word_1_483' title='bbox 2463 4329 2730 4391; x_wconf 89' lang='lat' dir='ltr'><strong>cibatur.</strong></span> <span class='ocrx_word' id='word_1_484' title='bbox 2747 4327 2946 4389; x_wconf 80' lang='lat' dir='ltr'><strong>Aliter</strong></span> <span class='ocrx_word' id='word_1_485' title='bbox 2973 4335 3185 4388; x_wconf 84' lang='lat' dir='ltr'><strong>autem</strong></span> <span class='ocrx_word' id='word_1_486' title='bbox 3219 4325 3628 4407; x_wconf 87' lang='lat' dir='ltr'><strong>conjungitur</strong></span> <span class='ocrx_word' id='word_1_487' title='bbox 3655 4345 3966 4408; x_wconf 86' lang='lat' dir='ltr'><strong>generans</strong></span> 
     </span>
     <span class='ocr_line' id='line_1_84' title="bbox 2463 4424 3964 4508; baseline -0.003 -20"><span class='ocrx_word' id='word_1_488' title='bbox 2463 4427 2699 4508; x_wconf 82' lang='lat' dir='ltr'><strong>genit0,</strong></span> <span class='ocrx_word' id='word_1_489' title='bbox 2760 4433 2824 4488; x_wconf 90' lang='lat' dir='ltr'><strong>et</strong></span> <span class='ocrx_word' id='word_1_490' title='bbox 2891 4424 3358 4487; x_wconf 88' lang='lat' dir='ltr'><strong>nutrimentum</strong></span> <span class='ocrx_word' id='word_1_491' title='bbox 3428 4425 3690 4487; x_wconf 89' lang='lat' dir='ltr'><strong>nutrito.</strong></span> <span class='ocrx_word' id='word_1_492' title='bbox 3755 4425 3964 4487; x_wconf 91' lang='lat' dir='ltr'><strong>Palam</strong></span> 
     </span>
     <span class='ocr_line' id='line_1_85' title="bbox 2463 4523 3962 4606; baseline -0.001 -19"><span class='ocrx_word' id='word_1_493' title='bbox 2463 4543 2697 4606; x_wconf 92' lang='lat' dir='ltr'><strong>nempe</strong></span> <span class='ocrx_word' id='word_1_494' title='bbox 2739 4531 2856 4598; x_wconf 93' lang='lat' dir='ltr'><strong>est,</strong></span> <span class='ocrx_word' id='word_1_495' title='bbox 2898 4543 3208 4605; x_wconf 89' lang='lat' dir='ltr'><strong>generans</strong></span> <span class='ocrx_word' id='word_1_496' title='bbox 3255 4524 3608 4586; x_wconf 88' lang='lat' dir='ltr'><strong>secundum</strong></span> <span class='ocrx_word' id='word_1_497' title='bbox 3659 4523 3962 4586; x_wconf 86' lang='lat' dir='ltr'><strong>virtutem</strong></span> 
     </span>
     <span class='ocr_line' id='line_1_86' title="bbox 2465 4622 3968 4705; baseline -0.002 -19"><span class='ocrx_word' id='word_1_498' title='bbox 2465 4623 2747 4705; x_wconf 89' lang='lat' dir='ltr'><strong>copulari</strong></span> <span class='ocrx_word' id='word_1_499' title='bbox 2810 4623 3064 4702; x_wconf 84' lang='lat' dir='ltr'><strong>genit03</strong></span> <span class='ocrx_word' id='word_1_500' title='bbox 3113 4622 3493 4684; x_wconf 91' lang='lat' dir='ltr'><strong>alimentum</strong></span> <span class='ocrx_word' id='word_1_501' title='bbox 3543 4640 3692 4685; x_wconf 82' lang='lat' dir='ltr'><strong>vero</strong></span> <span class='ocrx_word' id='word_1_502' title='bbox 3741 4641 3968 4685; x_wconf 87' lang='lat' dir='ltr'><strong>secun·</strong></span> 
     </span>
     <span class='ocr_line' id='line_1_87' title="bbox 2465 4719 3970 4801; baseline 0 -18"><span class='ocrx_word' id='word_1_503' title='bbox 2465 4723 2618 4783; x_wconf 91' lang='lat' dir='ltr'><strong>dum</strong></span> <span class='ocrx_word' id='word_1_504' title='bbox 2666 4719 3091 4782; x_wconf 89' lang='lat' dir='ltr'><strong>substantiam</strong></span> <span class='ocrx_word' id='word_1_505' title='bbox 3143 4719 3293 4782; x_wconf 90' lang='lat' dir='ltr'><strong>alito</strong></span> <span class='ocrx_word' id='word_1_506' title='bbox 3343 4720 3646 4801; x_wconf 86' lang='lat' dir='ltr'><strong>conjungi</strong></span> <span class='ocrx_word' id='word_1_507' title='bbox 3705 4739 3970 4783; x_wconf 83' lang='lat' dir='ltr'><strong>necesse</strong></span> 
     </span>
     <span class='ocr_line' id='line_1_88' title="bbox 2463 4816 3970 4899; baseline -0.002 -18"><span class='ocrx_word' id='word_1_508' title='bbox 2463 4827 2578 4882; x_wconf 92' lang='lat' dir='ltr'><strong>est.</strong></span> <span class='ocrx_word' id='word_1_509' title='bbox 2614 4818 2691 4880; x_wconf 91' lang='lat' dir='ltr'><strong>Ut</strong></span> <span class='ocrx_word' id='word_1_510' title='bbox 2719 4835 2868 4897; x_wconf 87' lang='lat' dir='ltr'><strong>ergo</strong></span> <span class='ocrx_word' id='word_1_511' title='bbox 2901 4816 3339 4899; x_wconf 92' lang='lat' dir='ltr'><strong>corporalibus</strong></span> <span class='ocrx_word' id='word_1_512' title='bbox 3369 4817 3570 4898; x_wconf 88' lang='lat' dir='ltr'><strong>signis</strong></span> <span class='ocrx_word' id='word_1_513' title='bbox 3601 4818 3970 4899; x_wconf 84' lang='lat' dir='ltr'><strong>spirituales</strong></span> 
     </span>
     <span class='ocr_line' id='line_1_89' title="bbox 2465 4915 3968 4999; baseline -0.001 -20"><span class='ocrx_word' id='word_1_514' title='bbox 2465 4917 2738 4980; x_wconf 73' lang='lat' dir='ltr'><strong>effectus</strong></span> <span class='ocrx_word' id='word_1_515' title='bbox 2795 4916 3354 4997; x_wconf 90' lang='lat' dir='ltr'><strong>correspondeant,</strong></span> <span class='ocrx_word' id='word_1_516' title='bbox 3416 4915 3798 4999; x_wconf 78' lang='lat' dir='ltr'><strong>mysterium</strong></span> <span class='ocrx_word' id='word_1_517' title='bbox 3861 4917 3968 4979; x_wconf 90' lang='lat' dir='ltr'><strong>Dei</strong></span> 
     </span>
     <span class='ocr_line' id='line_1_90' title="bbox 2468 5014 3968 5097; baseline -0.001 -19"><span class='ocrx_word' id='word_1_518' title='bbox 2468 5015 2776 5078; x_wconf 90' lang='lat' dir='ltr'><strong>incarnati</strong></span> <span class='ocrx_word' id='word_1_519' title='bbox 2815 5015 3002 5077; x_wconf 91' lang='lat' dir='ltr'><strong>aliter</strong></span> <span class='ocrx_word' id='word_1_520' title='bbox 3043 5014 3108 5076; x_wconf 93' lang='lat' dir='ltr'><strong>in</strong></span> <span class='ocrx_word' id='word_1_521' title='bbox 3158 5014 3504 5096; x_wconf 88' lang='lat' dir='ltr'><strong>Baptismo,</strong></span> <span class='ocrx_word' id='word_1_522' title='bbox 3545 5015 3653 5096; x_wconf 91' lang='lat' dir='ltr'><strong>qui</strong></span> <span class='ocrx_word' id='word_1_523' title='bbox 3707 5016 3968 5097; x_wconf 88' lang='lat' dir='ltr'><strong>spiritu-</strong></span> 
     </span>
     <span class='ocr_line' id='line_1_91' title="bbox 2465 5113 3972 5195; baseline -0.001 -17"><span class='ocrx_word' id='word_1_524' title='bbox 2465 5116 2651 5178; x_wconf 90' lang='lat' dir='ltr'><strong>aliter</strong></span> <span class='ocrx_word' id='word_1_525' title='bbox 2691 5121 3043 5194; x_wconf 84' lang='lat' dir='ltr'><strong>regenerat‚</strong></span> <span class='ocrx_word' id='word_1_526' title='bbox 3085 5121 3277 5195; x_wconf 89' lang='lat' dir='ltr'><strong>atque</strong></span> <span class='ocrx_word' id='word_1_527' title='bbox 3314 5113 3498 5176; x_wconf 88' lang='lat' dir='ltr'><strong>aliter</strong></span> <span class='ocrx_word' id='word_1_528' title='bbox 3548 5113 3612 5175; x_wconf 90' lang='lat' dir='ltr'><strong>in</strong></span> <span class='ocrx_word' id='word_1_529' title='bbox 3669 5113 3972 5177; x_wconf 84' lang='lat' dir='ltr'><strong>Euchari-</strong></span> 
     </span>
     <span class='ocr_line' id='line_1_92' title="bbox 2470 5210 3966 5294; baseline -0.002 -17"><span class='ocrx_word' id='word_1_530' title='bbox 2470 5213 2606 5277; x_wconf 84' lang='lat' dir='ltr'><strong>stiae</strong></span> <span class='ocrx_word' id='word_1_531' title='bbox 2665 5218 3087 5285; x_wconf 81' lang='lat' dir='ltr'><strong>sacramentO,</strong></span> <span class='ocrx_word' id='word_1_532' title='bbox 3139 5210 3309 5292; x_wconf 91' lang='lat' dir='ltr'><strong>quod</strong></span> <span class='ocrx_word' id='word_1_533' title='bbox 3375 5211 3673 5294; x_wconf 90' lang='lat' dir='ltr'><strong>spiritum</strong></span> <span class='ocrx_word' id='word_1_534' title='bbox 3733 5213 3966 5284; x_wconf 74' lang='lat' dir='ltr'><strong>reficit,</strong></span> 
     </span>
     <span class='ocr_line' id='line_1_93' title="bbox 2471 5309 3970 5392; baseline -0.003 -16"><span class='ocrx_word' id='word_1_535' title='bbox 2471 5311 2656 5376; x_wconf 91' lang='lat' dir='ltr'><strong>nobis</strong></span> <span class='ocrx_word' id='word_1_536' title='bbox 2698 5309 2917 5372; x_wconf 92' lang='lat' dir='ltr'><strong>unitur</strong></span> <span class='ocrx_word' id='word_1_537' title='bbox 2951 5309 3302 5392; x_wconf 88' lang='lat' dir='ltr'><strong>:quoniam</strong></span> <span class='ocrx_word' id='word_1_538' title='bbox 3347 5310 3704 5372; x_wconf 89' lang='lat' dir='ltr'><strong>secundum</strong></span> <span class='ocrx_word' id='word_1_539' title='bbox 3747 5311 3970 5374; x_wconf 80' lang='lat' dir='ltr'><strong>simili-</strong></span> 
     </span>
    </p>
   </div>
   <div class='ocr_carea' id='block_1_22' title="bbox 4251 41 4254 1354">
    <p class='ocr_par' dir='ltr' id='par_1_25' title="bbox 4251 41 4254 1354">
     <span class='ocr_line' id='line_1_94' title="bbox 4251 41 4254 1354; baseline 0 0"><span class='ocrx_word' id='word_1_540' title='bbox 4251 41 4254 1354; x_wconf 95' lang='lat' dir='ltr'><strong> </strong></span> 
     </span>
    </p>
   </div>
   <div class='ocr_carea' id='block_1_23' title="bbox 4251 2791 4254 6217">
    <p class='ocr_par' dir='ltr' id='par_1_26' title="bbox 4251 2791 4254 6217">
     <span class='ocr_line' id='line_1_95' title="bbox 4251 2791 4254 6217; baseline 0 0"><span class='ocrx_word' id='word_1_541' title='bbox 4251 2791 4254 6217; x_wconf 95' lang='lat' dir='ltr'><strong> </strong></span> 
     </span>
    </p>
   </div>
  </div>
 </body>
</html>
