4300 6259
201 5131 458 5174 Element-

144 5195 224 5248 phi
207 5195 324 5235 ι.103
343 5201 465 5246 [ιι-ο-

139 5271 240 5314 poa.
257 5269 464 5304 uun.

141 5335 371 5366 Μιναί-

1201 509 1624 556 maxumum
1662 507 2060 554 mmmmm.
2105 523 2187 536 ·-
2228 507 2309 553 ΒΕ
2349 507 2550 552 Anum
2592 508 2921 554 nArloNAu
3500 485 3611 552 181

499 675 666 740 tiam
711 675 1214 742 intellectualem
1269 685 1648 762 separatam,
1695 685 1770 740 ut
1823 696 2011 759 ange·
2040 673 2092 740 A
2116 677 2251 758 jam
2299 677 2480 758 juxta
2525 674 2822 758 antiquos
2870 695 3246 759 expressum
3296 681 3411 750 est,
3461 674 3619 755 adji-

505 775 650 838 lum
698 785 808 838 aut
855 777 1368 859 intelligentiam,
1417 795 1546 842 non
1585 797 1726 841 esse
1769 778 1836 839 in
1873 776 2012 840 loco
2121 775 2362 839 cientes
2418 775 2589 857 quod
2654 775 3232 838 excommunicatio
3290 772 3618 856 pontificis

502 873 638 936 nisi
688 892 804 956 per
847 875 1284 958 operationem
1335 895 1540 946 suam,
1589 893 1784 938 error.
1833 874 2012 938 Alius
2119 892 2189 936 se
2234 881 2411 936 extra
2453 873 2849 954 provinciam
2896 890 3022 937 non
3068 871 3375 944 extendit,
3416 870 3479 932 id
3523 878 3621 933 est

501 990 766 1055 quoque
805 974 1114 1037 articulus
1155 975 1306 1037 huic
1349 975 1706 1038 consimilis
1747 973 1873 1037 fuit
1921 973 2010 1036 ibi
2120 979 2297 1035 extra
2344 971 2736 1033 territorium
2782 969 3249 1052 jurisdictionis
3306 967 3613 1051 episcopi.

501 1071 992 1134 condemnatus.
1045 1071 1205 1135 Hinc
1249 1071 1584 1146 HenricuS,
1630 1072 1741 1155 qui
1801 1090 2012 1153 repro·
2119 1070 2209 1133 De
2238 1069 2337 1131 his
2366 1087 2560 1151 super
2589 1069 2944 1132 secundum
2974 1087 3051 1131 ex
3090 1067 3459 1131 doctoribus
3497 1065 3616 1129 dif-
3646 1087 3927 1142 dancmar».

501 1167 754 1232 bationi
797 1169 1212 1233 articulorum
1257 1170 1512 1233 illorum
1559 1169 1870 1244 interfuit,
1903 1169 2010 1232 Pe·
2119 1167 2263 1231 fuse
2306 1174 2642 1229 tractatum
2684 1175 2799 1229 est.

499 1275 651 1330 trus
685 1267 874 1330 etiam
917 1269 996 1330 de
1025 1268 1411 1342 Tarantasia,
1442 1276 1633 1350 atque
1662 1268 2012 1332 Richardus
2200 1265 2524 1328 Postremo
2554 1282 2621 1326 re
2652 1265 2792 1346 ipsa
2821 1272 3068 1328 certum
3106 1271 3171 1327 et
3204 1264 3467 1346 planum
3498 1269 3615 1338 est,

501 1364 594 1426 de
637 1365 1014 1438 Mediavilla,
1061 1373 1126 1428 et
1169 1365 1280 1428 alii
1330 1366 1590 1448 quidam
1639 1365 1750 1448 qui
1795 1372 2015 1447 postea
2123 1363 2291 1426 infra
2348 1363 2581 1426 coelum
2640 1381 3019 1446 empyreum
3076 1362 3293 1425 omnia
3340 1361 3622 1424 visibilia

499 1463 895 1526 exstiterunt
954 1471 1020 1526 et
1075 1463 1461 1527 parisienses
1531 1463 1822 1527 doctores
1880 1462 2014 1525 fue·
2119 1469 2183 1524 et
2234 1460 2586 1524 invisibilia
2632 1460 2965 1524 contineri.
3018 1460 3139 1524 Sed
3188 1459 3453 1542 quaestio
3498 1465 3617 1532 est,

499 1569 686 1634 runt,
735 1560 1118 1643 simpliciter
1164 1562 1586 1644 acquiescunt
1631 1561 2012 1624 determina·
2120 1559 2275 1642 quid
2314 1567 2555 1622 naturae
2587 1558 2959 1622 substantiae
2994 1557 3434 1621 immaterialis
3472 1573 3619 1620 con-

499 1657 674 1719 tioni
721 1659 1011 1739 praesulis
1054 1667 1116 1722 et
1146 1659 1585 1722 Universitatis
1616 1658 2012 1732 ParisiensiS,
2119 1657 2335 1720 veniat
2383 1675 2397 1720 ε
2442 1657 2522 1720 ad
2570 1656 2741 1739 quod
2784 1665 2849 1719 et
2888 1655 2995 1719 hic
3041 1664 3107 1718 et
3154 1656 3221 1718 in
3266 1655 3619 1718 Elementa·
3648 1682 3827 1728 propos.
3836 1682 3935 1726 ψει

499 1755 920 1818 concedendo
967 1758 1266 1839 angelum
1316 1777 1456 1821 esse
1519 1757 1582 1819 in
1641 1756 1779 1821 loco
1826 1764 1890 1820 et
1947 1757 2012 1818 in
2120 1756 2293 1819 tione
2338 1755 2779 1839 philosophica
2822 1761 2920 1818 est
2962 1756 3322 1819 introducta
3364 1771 3619 1836 respon·
3648 1736 3793 1839 κζ’
3828 1729 3933 1849 ξζῖζ

499 1853 815 1916 universo
863 1872 1190 1937 corporeo,
1237 1855 1430 1918 etiam
1478 1873 1593 1938 per
1635 1874 1818 1917 suam
1865 1855 2014 1917 sub·
2047 1849 2094 1910 B
2121 1854 2235 1916 sio.
2288 1853 2576 1918 Universi
2619 1855 2879 1916 demum
2928 1853 3217 1917 doctores
3259 1852 3621 1916 Graecorum
3648 1857 3730 1902 ¹⁰·-
3754 1868 3931 1914 rnre·-

499 1952 834 2026 stantiam,
885 1953 1032 2015 dato
1079 1955 1250 2037 quod
1299 1955 1470 2018 circa
1515 1953 1872 2036 corporalia
1922 1954 2014 2016 nil
2122 1951 2349 2026 sancti,
2401 1953 2510 2033 qui
2561 1951 2814 2033 angelos
2862 1959 3009 2014 ante
3058 1951 3371 2014 mundum
3428 1950 3625 2013 sensi-
3652 1923 3840 1964 '‘⁹¹¹⁶‘'

497 2058 830 2130 operetur.
873 2051 1052 2124 Quod
1091 2071 1292 2135 quum
1331 2052 1414 2114 sit
1451 2051 1724 2114 difficile
1762 2069 2012 2135 capere,
2123 2048 2321 2112 bilem
2390 2051 2701 2132 putabant
2762 2058 3025 2124 creatoS,
3095 2050 3396 2112 dixerunt
3458 2046 3627 2111 sicut

499 2146 714 2229 aliqui
742 2145 1038 2212 absolute
1068 2150 1456 2232 respondent
1491 2156 1556 2212 et
1593 2156 1814 2212 tenent
1851 2148 2018 2212 sicut
2120 2148 2304 2230 juxta
2345 2149 2641 2231 antiquos
2686 2148 2873 2212 modo
2914 2167 3291 2232 expressum
3334 2153 3452 2210 est.

1415 2593 1560 2678 DE
1637 2591 2008 2679 ΑΝΙΜΑ
2087 2591 2729 2678 RATIONALI

782 2931 1305 2998 PROPOSITIO
1351 2929 1755 2994 LXXXVII.
2127 2925 2428 2988 steriores
2456 2925 2799 3006 (doctiores
2828 2933 2892 2989 et
2922 2927 3247 3008 meliores)
3267 2927 3625 3010 intelligen-

2043 3023 2088 3086 C
2127 3031 2221 3086 tes
2254 3023 2641 3106 philosophi,
2674 3022 2827 3086 fassi
2858 3032 3009 3086 sunt
3034 3025 3252 3088 omnia
3289 3045 3432 3108 quae
3470 3027 3629 3089 citra

585 3125 888 3194 Anima
935 3123 1368 3191 rationalis
1414 3121 1512 3190 ab
1567 3122 1841 3190 eodem
1891 3123 2016 3188 est
2125 3120 2327 3184 Deum
2374 3128 2543 3194 sunt,
2586 3139 2916 3184 emanasse
2960 3142 2997 3186 a
3042 3123 3191 3197 Deo,
3224 3129 3288 3186 et
3332 3125 3451 3188 hoc
3496 3144 3627 3188 me-

495 3225 887 3292 effectivo
927 3222 1392 3290 immediate
1423 3223 1686 3288 ereata
1716 3220 2010 3302 prinoi—
2124 3220 2293 3283 diate
2332 3229 2442 3282 aut
2478 3220 2889 3300 immediate;
2923 3221 3436 3306 incorruptibilia
3472 3241 3626 3306 quo-

494 3325 646 3404 pio
691 3337 740 3388 a.
783 3337 941 3404 quo
988 3323 1074 3388 et
1122 3320 1478 3398 1141361118,
1522 3321 1608 3386 et
1653 3320 1755 3386 ad
1800 3332 2014 3386 eum·
2123 3337 2249 3399 que
2290 3327 2499 3381 creata
2540 3336 2865 3400 corporea,
2900 3319 3179 3402 simplici
3224 3321 3625 3385 emanatione

493 3422 690 3488 dem
753 3420 994 3488 finem
1049 3419 1742 3501 supernaturalem
1792 3417 2010 3483 desu-
2123 3417 2437 3500 prodiisse
2478 3437 2515 3480 a
2556 3437 2747 3480 causa
2789 3419 3016 3500 prima.

491 3535 654 3602 per
701 3520 1086 3586 ordinata.
2202 3515 2413 3588 Porro,
2458 3515 2521 3577 in
2572 3515 2971 3598 explanando
3012 3516 3271 3580 modum
3320 3517 3623 3581 emanati-

583 3617 766 3692 Quod
797 3617 1082 3699 est,quia
1112 3633 1326 3678 creare
1357 3621 1454 3677 est
1482 3615 1814 3697 proprium
1845 3632 2014 3676 sum-
2121 3614 2263 3676 onis
2312 3632 2525 3676 rerum
2580 3632 2692 3695 per
2737 3613 3293 3696 participationem
3341 3615 3421 3678 ab
3476 3623 3622 3678 ente

493 3737 612 3781 mo
661 3715 1212 3798 omnipotentique
1262 3714 1410 3787 Deo,
1463 3731 1658 3796 quum
1707 3713 1790 3775 sit
1834 3720 2011 3774 actus
2123 3730 2239 3793 per
2292 3711 2657 3784 essentiam,
2722 3712 3167 3794 multipliciter
3226 3721 3617 3777 erraverunt.

493 3817 786 3880 infinitae
831 3814 1153 3895 potentiae,
1188 3831 1328 3895 quae
1371 3812 1504 3874 sola
1546 3816 1752 3892 potest
1795 3810 1873 3871 de
1917 3809 2010 3871 ni·
2121 3809 2451 3891 Siquidem
2499 3809 2763 3891 quidam
2810 3810 3065 3874 illorum
3126 3811 3337 3875 causis
3392 3813 3621 3874 creatis

493 3917 646 3980 hilo
687 3913 916 3986 facere,
963 3911 1118 3995 quia
1162 3929 1289 3974 non
1335 3928 1475 3973 esse
1517 3909 1707 3971 distat
1749 3907 1828 3970 ab
1870 3925 2009 3970 esse
2118 3926 2193 3970 ac
2238 3907 2557 3981 secundis,
2600 3908 2950 3988 praesertim
2997 3908 3459 3990 intelligentiis„
3498 3910 3621 3974 vir-

491 4017 566 4078 in
606 4011 961 4076 infinitum.
986 4009 1292 4084 Quocirca
1321 4008 1738 4070 inveniuntur
1766 4024 2008 4069 errasse
2119 4012 2323 4068 tutem
2369 4012 2433 4067 et
2478 4013 2693 4067 actum
2738 4006 2991 4068 creandi
3033 4005 3483 4081 attribuerunt,
3531 4008 3619 4070 di-

487 4113 697 4178 multi
759 4109 1146 4194 philosophi,
1205 4125 1478 4191 quorum
1537 4105 1830 4169 nonnulli
1897 4125 2009 4186 pu·
2119 4112 2335 4168 centes
2392 4123 2583 4167 unam
2642 4104 3131 4186 intelligentiam
3192 4113 3467 4168 creatam
3533 4107 3615 4170 ab

489 4212 728 4276 tabant
767 4209 858 4272 nil
902 4225 1088 4291 posse
1129 4206 1352 4280 creari,
1387 4223 1504 4267 nec
1542 4203 1822 4287 aliquam
1863 4221 2006 4266 cau·
2039 4202 2088 4264 D
2117 4203 2264 4276 alia,
2304 4210 2369 4265 et
2409 4201 2655 4265 animas
2696 4202 3036 4266 rationales
3074 4203 3154 4266 ab
3194 4203 3615 4286 intelligentia

483 4329 644 4374 sam
676 4325 864 4390 posse
896 4323 1162 4368 creare:
1197 4304 1327 4368 imo
1356 4321 1546 4366 omne
1575 4303 1744 4384 quod
1778 4300 2008 4385 produ·
2119 4301 2395 4364 ultima:
2432 4309 2501 4363 ut
2538 4319 2731 4384 supra
2766 4301 2829 4362 in
2869 4301 2989 4364 ista
3022 4301 3324 4376 editione,
3363 4310 3427 4366 et
3468 4311 3613 4366 ante
3640 4333 3818 4379 propo·
3824 4335 3893 4367 nv

487 4409 678 4471 citur
707 4405 1008 4468 dixerunt
1038 4401 1301 4485 produci
1333 4421 1410 4464 ex
1440 4400 1656 4482 aliquo
1697 4398 2008 4461 materiali
2119 4400 2184 4462 in
2205 4399 2707 4463 Elementatione
2737 4399 3199 4482 philosophica,
3218 4408 3315 4464 est
3342 4401 3613 4465 relatum
3668 4433 3841 4476 propos.

487 4503 850 4590 principio.
913 4501 1092 4574 Quod
1148 4499 1442 4582 quamvis
1500 4496 1875 4561 verificetur
1931 4498 2009 4560 de
2117 4517 2193 4562 ac
2236 4498 2687 4580 improbatum
3644 4497 3777 4528 '⁶¹¹¹
3752 4496 3839 4526 ⁸¹¹·

489 4605 606 4668 his
665 4620 806 4684 quae
853 4599 1125 4663 naturali
1177 4617 1288 4661 seu
1341 4597 1605 4681 physica
1655 4596 1824 4658 fiunt
1866 4614 2009 4678 pro·
2201 4597 2445 4660 Idcirco
2495 4595 2805 4659 catholice
2851 4603 3041 4678 atque
3100 4599 3453 4662 secundum
3513 4619 3617 4663 ve-

491 4700 815 4766 dnctione
845 4705 909 4761 et
937 4697 1293 4760 successiva
1323 4694 2014 4778 mutatione,simplici-
2123 4714 2259 4758 ram
2318 4693 2791 4776 philosophiam
2859 4695 3208 4757 tenendum
3274 4701 3390 4770 est,
3449 4699 3619 4780 quod

493 4795 606 4865 te'r
648 4807 864 4862 tamen
895 4795 1212 4877 loquendo
1241 4781 1572 4857 veritatem
1615 4811 1738 4857 non
1769 4793 2009 4856 habet:
2125 4792 2441 4855 universae
2498 4793 2728 4856 animae
2786 4792 3127 4854 rationales
3186 4812 3223 4856 a
3285 4812 3437 4859 vero
3494 4796 3621 4859 Deo

497 4899 820 4983 quoniam
881 4911 1072 4957 omne
1121 4891 1594 4974 imperfectum,
1643 4891 2012 4974 potentiale,
2127 4890 2497 4952 immediate
2536 4896 2761 4952 creatae
2801 4898 2971 4962 sunt,
3005 4899 3303 4953 creantur
3342 4897 3451 4953 aut
3492 4911 3624 4956 cre-

501 4994 869 5066 materiale‚
904 4989 1320 5074 corruptibile
1359 4998 1424 5052 et
1463 4991 1750 5064 mortale,
1783 4990 1914 5053 imo
1953 4998 2018 5052 et
2125 4988 2423 5051 abuntur.
2450 4987 2577 5050 Nec
2602 4987 2796 5048 simul
2827 4995 2977 5049 sunt
3006 4987 3296 5060 conditae,
3330 4997 3395 5051 et
3422 4990 3624 5054 stellis
3668 4984 3675 4992 ’

505 5098 726 5178 ipsam
769 5089 1128 5162 materiam,
1172 5107 1434 5151 necesse
1482 5097 1579 5151 est
1629 5087 2016 5171 profluxisse
2128 5085 2537 5169 comparibus
2584 5085 2825 5167 positae,
2860 5085 2969 5148 sed
3006 5087 3389 5163 successive,
3424 5089 3485 5152 id
3528 5097 3626 5152 est

499 5193 592 5258 ab
643 5199 792 5254 ente
842 5189 1075 5273 primo,
1125 5195 1270 5249 actu
1319 5205 1482 5269 puro
1528 5187 2018 5268 invariabilique
2131 5203 2257 5246 una
2311 5191 2455 5266 post
2500 5183 2715 5254 aliam,
2766 5190 2829 5245 et
2874 5182 3203 5264 sigillatim
3249 5187 3625 5270 corporibus

505 5298 770 5375 agente,
821 5294 896 5351 ut
939 5294 1086 5350 ante
1133 5292 1459 5348 ostensum
1510 5293 1627 5348 est.
1677 5285 1854 5360 Quod
1915 5302 2022 5368 po·
2130 5303 2351 5347 earum
2395 5282 2796 5345 sufficienter
2837 5281 3221 5366 dispositis:
3254 5303 3527 5367 quorum
3570 5288 3628 5351 si
