4300 6259
604 1023 689 1063 art.
714 1033 855 1071 xcvin,

592 1096 661 1127 cu.

590 1705 732 1750 thoor.
752 1665 854 1750 ⁶189.

607 2685 683 2729 lib.
700 2683 754 2736 11,
767 2689 850 2729 art.

585 2761 710 2791 xnvn.

880 515 1002 580 500
1476 535 1553 580 DE
1596 531 1821 580 Lunum
1863 530 2246 578 CHRISTIANAE
2286 528 2588 584 THEORIAE,
2636 529 2810 574 LIBER
2853 530 2914 574 n.
2962 548 3042 559 —
3083 531 3220 576 ΛΒΤ.
3265 530 3406 576 XCIV

884 704 1282 786 impassibile
1332 723 1472 768 esse
1520 705 1792 768 unitum.
1849 701 2007 775 Quia
2063 700 2261 774 enim,
2315 705 2386 761 ut
2413 700 2464 762 A
2495 699 2939 782 corruptibilia
2968 709 3177 776 erunt,
3201 701 3492 784 nihilque
3519 701 3600 764 ab
3629 701 3722 762 eis
3751 699 3962 763 resolvi

884 802 1128 876 dicunt,
1160 803 1373 866 anima
1412 822 1526 885 per
1564 822 1631 865 se
1676 809 1740 865 et
1784 800 2043 883 proprio
2087 816 2203 862 suo
2247 817 2384 860 esse

884 901 1146 974 animat,
1181 918 1436 982 semper
1464 902 1726 964 animat.
1764 900 1885 962 Sed
1914 898 2045 979 jam
2078 897 2213 960 haec
2253 913 2384 959 om-

886 999 991 1061 nia
1023 1000 1087 1062 in
1118 998 1330 1081 primo
1371 998 1536 1061 libro
1576 997 1949 1080 diligentius
1989 1003 2386 1078 perscrutata

884 1105 1053 1170 sunt,
1086 1105 1150 1160 et
1189 1097 1343 1179 quid
1383 1097 1669 1160 veritatis
1708 1096 2004 1168 habeant,
2038 1093 2170 1156 illic
2211 1093 2384 1155 inda·

881 1203 1100 1276 gatum
1158 1203 1273 1258 est.
1336 1196 1517 1259 Nunc
1577 1213 1729 1259 vero
1791 1193 2145 1257 ostendisse
2203 1191 2385 1253 suffi-

882 1293 1028 1366 ciat,
1082 1312 1196 1375 per
1243 1294 1554 1356 rationem
1600 1294 1911 1375 ipsorum,
1958 1291 2242 1352 animam
2288 1308 2378 1351 se-

884 1398 1165 1472 paratam
1248 1391 1504 1473 corpori
1581 1389 1987 1453 reunibilem.
2068 1389 2380 1470 Denique,

881 1489 1275 1552 theoremate
1330 1490 1683 1553 centesimo
1726 1487 2115 1569 octogesimo
2159 1495 2384 1549 octavo

882 1586 972 1648 ait
1001 1587 1257 1649 Procius
1294 1605 1307 1648 :
1333 1587 1553 1650 Omnis
1582 1585 1795 1649 anima
1824 1595 1886 1648 et
1916 1585 2047 1647 vita
2075 1592 2174 1647 est
2201 1590 2264 1646 et
2297 1584 2384 1645 vi-

883 1702 1075 1764 vens;
1106 1691 1171 1747 et
1199 1685 1377 1760 alibi,
1408 1685 1628 1748 Omnis
1658 1683 1872 1745 anima
1902 1689 1999 1744 est
2026 1683 2294 1756 αὐτόζως,
2321 1681 2384 1742 id

883 1791 979 1845 est
1011 1801 1123 1865 per
1165 1802 1233 1846 se
1264 1783 1507 1846 vivens,
1544 1783 1955 1844 Theoremate
1984 1788 2197 1845 autem
2239 1799 2386 1842 cen-

2495 798 2746 879 poterit.
2773 798 3091 882 Quidquid
3124 818 3274 880 ergo
3305 801 3382 863 de
3412 799 3575 863 cibis
3603 798 3964 880 reciperent,

2496 895 2561 957 in
2609 913 2832 959 eorum
2883 896 3303 960 substantiam
3355 905 3865 972 converteretur;
3901 915 3968 958 ex

2495 1011 2622 1074 quo
2663 994 3078 1058 immoderata
3116 997 3437 1078 quantitas
3475 996 3734 1058 tandem
3775 1012 3973 1076 prove-

2493 1093 2662 1154 niret
2723 1110 2736 1154 :
2788 1101 3050 1174 augeret
3105 1094 3279 1156 enim
3339 1094 3720 1157 alimentum
3779 1093 3972 1174 ipsum

2495 1191 2663 1272 quod
2705 1191 2915 1253 alitur.
2952 1193 3277 1266 Praeterea,
3312 1193 3366 1255 si
3409 1199 3808 1274 resurgentes
3847 1190 3975 1252 cibo

2496 1296 2776 1363 utentur,
2812 1291 2932 1352 hoc
2972 1299 3084 1352 aut
3129 1292 3252 1353 erit
3293 1310 3573 1373 semper,
3604 1298 3717 1353 aut
3745 1307 3886 1352 non.
3919 1289 3974 1352 Si

2494 1405 2770 1468 semper,
2833 1386 3088 1450 infinita
3149 1388 3470 1470 quantitas
3531 1407 3611 1450 ex
3679 1387 3800 1449 hoc
3853 1387 3978 1468 ipso

2494 1485 2786 1547 oriretur.
2841 1485 3035 1549 Cibus
3094 1487 3270 1549 enim
3330 1486 3396 1548 in
3457 1504 3728 1568 corpore
3785 1505 3821 1547 a
3865 1503 3979 1566 quo

2493 1581 2583 1642 nil
2613 1580 3060 1656 resolveretur,
3079 1591 3496 1664 augmentum
3525 1583 3977 1646 dimensionum

2494 1688 2783 1742 causaret
2836 1700 2849 1742 :
2899 1681 3041 1744 ideo
3089 1682 3141 1744 si
3192 1701 3448 1765 semper
3495 1683 3641 1745 cibo
3689 1683 3834 1764 quis
3882 1683 3984 1744 im-

2497 1779 2779 1841 mortalis
2823 1781 3042 1854 utitur,
3078 1799 3333 1864 semper
3373 1782 3595 1863 utique
3633 1781 3976 1862 augebitur.

882 1881 1112 1943 tesimo
1170 1881 1586 1962 nonagesimo
1643 1888 1823 1942 sexto
1880 1880 2043 1941 dixit
2094 1896 2107 1940 :
2163 1878 2383 1941 Omnis
2419 1881 2464 1943 Β
2493 1877 2620 1939 Hoc
2649 1884 2864 1940 autem
2895 1885 2993 1940 est
3023 1887 3241 1941 contra
3271 1878 3738 1961 perfectionem
3781 1897 3982 1941 rerum

879 1979 1095 2041 anima
1145 1979 1635 2062 participabiliS,
1670 1979 1871 2040 utitur
1910 1978 2120 2060 primo
2165 1994 2384 2058 corpo-

881 2095 948 2138 re
994 2085 1305 2159 perpetuo
1350 2085 1415 2139 et
1456 2076 1729 2139 habente
1772 2076 2164 2158 hypostasim
2210 2076 2385 2155 inge-

879 2175 1231 2238 nerabilem
1277 2184 1340 2238 et
1371 2174 1943 2257 incorruptibilem.
1980 2174 2054 2235 Et
2100 2173 2382 2236 median-

878 2281 943 2334 te
990 2273 1097 2335 tali
1136 2290 1423 2356 corpore,
1456 2273 1755 2335 dicebant
1785 2271 2090 2334 Platonici
2134 2271 2380 2333 animas

881 2372 1412 2454 corruptibilibus
1472 2371 1849 2454 corporibus
1911 2371 2079 2432 uniri
2134 2388 2147 2431 :
2208 2371 2378 2451 quod

879 2469 1074 2531 etiam
1104 2470 1405 2552 Origenes
1435 2470 1783 2533 asseruisse
1818 2469 2143 2532 invenitur
2171 2469 2378 2549 quoad

880 2567 1220 2631 rationales
1280 2568 1548 2643 animaS,
1603 2569 1771 2630 sicut
1817 2586 1892 2628 ex
1944 2566 2042 2629 his
2101 2585 2242 2648 quae
2300 2566 2378 2628 de

882 2665 1085 2747 ipsius
1154 2666 1472 2748 positione
1532 2665 1751 2728 habita
1808 2672 1957 2727 sunt
2014 2664 2373 2727 innotescit.

880 2764 1056 2827 Unde
1104 2765 1495 2827 theoremate
1553 2762 1903 2826 centesimo
1963 2762 2378 2844 nonagesimo

881 2880 1047 2926 nono
1077 2863 1333 2926 Proclus
1369 2862 1627 2926 :Omnis
1658 2862 1926 2944 (inquit)
1953 2862 2166 2923 anima
2199 2880 2380 2924 mun-

878 2962 1066 3035 dana,
1100 2961 1383 3043 periodis
1431 2962 1633 3024 utitur
1677 2959 1952 3043 propriae
1990 2960 2135 3022 vitae
2181 2969 2245 3022 et
2287 2979 2380 3023 re-

2493 1974 2880 2038 naturalium
2937 1995 2951 2038 :
2995 1977 3167 2059 quia,
3221 1977 3388 2039 sicut
3435 1978 3719 2040 ostendit
3765 1977 3980 2040 Aristo·

2491 2071 2670 2145 teleS,
2703 2073 2994 2134 omnium
3036 2081 3260 2135 natura
3291 2075 3748 2149 constantium,
3779 2075 3978 2136 termi-

2491 2188 2612 2230 nus
2653 2176 2748 2231 est
2786 2176 2850 2232 et
2887 2169 3048 2233 ratio
3099 2171 3555 2252 magnitudinis
3601 2180 3798 2253 atque
3837 2189 3974 2252 aug-

2491 2268 2710 2328 menti.
2737 2267 2800 2330 Si
2833 2286 2983 2330 vero
3015 2287 3140 2331 non
3172 2288 3429 2351 semper
3456 2269 3602 2333 cibo
3631 2277 3848 2332 utetur
3875 2269 3974 2350 qui

2489 2373 2796 2446 resurget,
2843 2367 3098 2428 videtur
3146 2369 3266 2429 hoc
3317 2369 3528 2449 ipsum
3573 2368 3651 2430 de
3699 2368 3811 2430 illo
3852 2387 3976 2429 sen-

2487 2463 2776 2526 tiendum
2809 2484 2844 2525 a
2875 2465 3195 2546 principio
3235 2466 3744 2528 resurrectionis
3781 2467 3842 2529 Si
3879 2486 3976 2528 au-

2486 2569 2617 2623 tem
2661 2562 2806 2625 cibo
2845 2581 2970 2626 non
3017 2571 3284 2626 utuntur
3325 2564 3436 2646 qui
3481 2573 3847 2646 resurgunt,
3885 2583 3980 2626 ne-

2488 2678 2612 2741 que
2643 2661 2934 2722 venereis
2973 2669 3233 2723 utentur
3266 2679 3278 2724 :
3315 2680 3532 2724 semen
3575 2681 3858 2745 namque
3893 2671 3980 2725 est

2486 2758 2890 2839 superfluum
2966 2760 3366 2822 nutrimenti.
3449 2761 3718 2836 Rursus,
3791 2779 3978 2844 quum

2487 2873 2751 2938 corpora
2809 2859 3276 2939 resurgentium
3345 2859 3472 2921 sint
3531 2859 3978 2943 incorruptibi-

2490 2953 2593 3028 lia,
2645 2973 2774 3016 non
2827 2957 3058 3037 poterit
3107 2957 3373 3020 seminis
3421 2958 3662 3021 decisio
3702 2960 3787 3022 ab
3836 2960 3980 3042 ipsis

877 3058 1339 3122 stitutionibus.
1392 3060 1534 3122 Haec
1584 3059 1778 3139 igitur
1834 3058 1912 3120 de
1972 3057 2377 3140 philosophia
2409 3053 2451 3116 C
2489 3052 2656 3115 sieri.

876 3155 1151 3220 Platonis
1195 3165 1259 3219 et
1300 3157 1502 3220 Procli
1547 3157 1716 3219 dicta
1760 3156 1889 3219 sint
1929 3156 2049 3218 hoc
2096 3158 2302 3218 modo.

1243 3421 1731 3486 ARTICULUS
1777 3421 2010 3485 XCIV.

877 3563 1063 3630 Quod
1122 3571 1267 3636 post
1335 3561 1903 3630 resurrectionem,
1954 3579 2160 3639 neque
2218 3561 2378 3619 cibis

956 3669 1163 3728 neque
1208 3651 1499 3709 venereis
1544 3659 1955 3726 resumentes
1997 3659 2293 3709 utentur.

1019 3846 1197 3909 ΑΤΙΟ
1246 3845 1523 3926 denique
1581 3845 1744 3907 cibis
1805 3845 2024 3908 utendi
2073 3853 2136 3908 et
2183 3863 2375 3909 vene—

1047 3944 1195 4018 reis,
1247 3944 1314 4005 in
1372 3943 1855 4024 resurgentibus
1906 3961 2164 4024 prorsus
2210 3944 2376 4007 tolli-

879 4052 1002 4107 tur.
1041 4043 1234 4106 Cibus
1264 4041 1439 4104 enim
1472 4041 1769 4114 sumitur,
1804 4048 1875 4102 ut
1906 4040 2013 4102 illa
2053 4041 2378 4123 corruptio

879 4162 1021 4224 quae
1080 4160 1156 4203 ex
1215 4139 1521 4202 naturalis
1579 4139 1828 4200 humidi
1890 4140 2378 4221 consumptione

2567 3152 2812 3227 Adhuc,
2874 3152 3190 3235 quidquid
3264 3155 3564 3227 nutritur,
3629 3155 3981 3218 necessario

2487 3251 2742 3312 tandem
2775 3252 3246 3333 corrumpitur:
3280 3253 3614 3316 harmonia
3642 3255 3821 3316 enim
3852 3255 3981 3335 ejus

2487 3350 2657 3430 quod
2700 3348 2915 3425 alitur,
2950 3367 3064 3431 per
3106 3349 3396 3413 alimenti
3441 3353 3880 3434 sumptionem
3913 3371 3980 3414 ac

2487 3447 2908 3528 digestionem
2958 3448 3264 3511 continuo
3317 3449 3633 3532 impurior
3677 3451 3978 3514 efficitur.

2487 3545 2684 3626 Cujus
2728 3545 2940 3608 simile
2984 3553 3081 3608 est
3123 3548 3325 3629 :quia
3367 3548 3418 3610 si
3465 3549 3616 3612 vino
3661 3551 3980 3613 modicum

2486 3645 2642 3726 quid
2693 3663 2874 3726 aquae
2925 3644 3294 3726 frequenter
3349 3647 3866 3722 commisceatur,
3911 3648 3983 3710 l'it

2486 3743 2691 3806 virtus
2756 3744 2892 3806 vini
2960 3743 3254 3807 debilior.
3318 3745 3589 3809 Necesse
3659 3755 3762 3810 est
3817 3747 3980 3810 enim

2487 3841 2863 3904 alimentum
2906 3842 2971 3904 in
3018 3843 3340 3925 principio
3380 3845 3639 3926 quidem
3673 3845 3982 3908 dissimile

2487 3959 2625 4003 esse
2668 3941 2928 4014 nutrito,
2976 3940 3043 4002 in
3081 3940 3216 4004 fine
3256 3949 3470 4004 autem
3511 3943 3726 4006 simile
3761 3963 3777 4007 ε
3809 3944 3984 4008 aliter

2486 4039 2725 4100 etenim
2758 4056 2884 4100 non
2915 4046 3178 4120 agerent
3208 4058 3416 4122 neque
3449 4049 3824 4122 paterentur
3853 4062 3981 4104 mu·

2485 4144 2613 4199 tuo.
2659 4136 2834 4210 Quod
2877 4155 3030 4199 vero
3078 4137 3394 4200 dissimile
3440 4157 3553 4200 seu
3595 4141 3982 4203 contrarium

879 4239 1247 4319 contingere
1280 4244 1515 4319 posset,
1538 4237 1835 4311 evitetur,
1857 4245 2045 4319 atque
2078 4246 2147 4300 ut
2178 4238 2377 4301 nutri·
2409 4238 2455 4298 D
2485 4243 2600 4308 est,
2647 4235 2888 4298 resistit
2915 4235 3126 4316 agenti
3155 4252 3168 4296 :
3203 4243 3266 4298 et
3296 4235 3380 4299 ob
3413 4237 3475 4299 id
3505 4237 3712 4300 virtus
3744 4240 3984 4320 agentis

878 4345 1015 4400 tum
1049 4336 1329 4399 debitam
1363 4336 1782 4417 quantitatem
1815 4336 2228 4418 adipiscatur.
2266 4337 2378 4400 De-

878 4437 1074 4518 nique
1104 4435 1181 4496 ad
1215 4434 1333 4496 hoc
1363 4433 1688 4514 generatio
1734 4433 2019 4495 cernitur
2062 4433 2374 4508 instituta,

882 4541 950 4595 ut
1016 4550 1157 4594 esse
1225 4530 1396 4613 quod
1469 4531 1535 4592 in
1608 4530 1940 4595 individuo
2008 4531 2376 4614 perpetuari

880 4628 1125 4712 nequit,
1151 4630 1217 4691 in
1248 4629 1461 4710 specie
1492 4628 1714 4691 saltem
1750 4637 2202 4712 perpetuetur:
2229 4650 2378 4712 qua-

878 4737 1089 4802 tenuS,
1142 4727 1309 4789 sicut
1352 4727 1441 4788 ait
1482 4727 1920 4809 PhilosophuS,
1962 4729 2179 4791 omnia
2216 4729 2376 4791 divi-

879 4847 1034 4890 num
1066 4843 1204 4888 esse
1238 4824 1571 4887 imitentur
1613 4833 1676 4887 et
1715 4825 2115 4907 participent.
2150 4827 2379 4888 Resur-

878 4934 1098 5008 gentes
1138 4941 1311 4996 vero,
1354 4931 1417 4986 et
1460 4923 1524 4984 in
1565 4923 1917 5005 quantitate
1955 4924 2170 4986 debita
2208 4932 2271 4986 et
2311 4925 2374 4987 in

880 5021 1312 5087 indissolubili
1357 5023 1488 5083 vita
1531 5021 1880 5083 suscitandi
1928 5030 2077 5084 sunt
2121 5041 2376 5104 :neque

880 5141 1029 5204 ergo
1079 5121 1242 5184 cibis
1289 5138 1499 5200 neque
1558 5119 1845 5182 venereis
1896 5128 2176 5183 utentur.
2228 5122 2375 5183 Am-

885 5223 1077 5306 pliuS,
1118 5219 1498 5282 alimentum
1547 5217 1938 5279 convertitur
1968 5219 2032 5280 in
2084 5218 2375 5281 substan-

884 5320 1039 5386 tiam
1074 5313 1458 5381 nutriti.Sed
1488 5331 1753 5396 corpora
1786 5317 2253 5398 resurgentium
2287 5317 2378 5380 in-

2485 4333 2812 4415 paulisper
2870 4332 3113 4406 deficit,
3175 4334 3566 4416 tandemque
3633 4339 3986 4421 corrumpi·

2485 4438 2606 4492 tur.
2643 4431 2917 4514 Corpora
2955 4439 3168 4495 autem
3217 4435 3686 4513 resurgentium
3737 4435 3988 4499 immor·

2485 4528 2636 4592 talia
2683 4537 2890 4604 erunt,
2937 4530 3292 4592 secundum
3344 4540 3732 4612 praeostensa
3779 4552 3794 4596 :
3849 4535 3988 4597 cibo

2486 4629 2679 4710 igitur
2737 4628 3099 4690 nullatenus
3151 4635 3430 4690 utentur.
3479 4631 3558 4692 At
3609 4651 3787 4706 vero,
3841 4633 3985 4696 finis

2485 4725 2911 4807 generationis
2961 4733 3057 4788 est
3103 4727 3415 4806 genitum.
3475 4729 3537 4790 Si
3589 4729 3790 4810 igitur
3849 4741 3985 4814 post

2486 4824 3016 4886 resurrectionem
3073 4842 3487 4887 remansurus
3545 4835 3641 4889 est
3687 4847 3986 4892 venereo-

2486 4942 2628 4984 rum
2675 4941 2826 4984 usus
2870 4923 2935 4984 in
2980 4922 3374 4998 hominibuS,
3421 4925 3745 5006 oportebit
3787 4927 3983 4990 homi·

2487 5040 2637 5083 num
2672 5038 2926 5102 quoque
2954 5021 3429 5100 generationem
3460 5023 3821 5088 admittere.
3846 5026 3982 5088 Post

2485 5118 2680 5181 finale
2723 5126 2936 5180 autem
2974 5118 3292 5198 judicium
3330 5123 3656 5200 generatio
3685 5125 3980 5196 cessabit,

2485 5219 2652 5280 sicut
2708 5217 3048 5299 probatum
3107 5225 3203 5280 est
3255 5235 3270 5278 t
3331 5220 3690 5301 completus
3749 5242 3982 5307 nempe
4005 5235 4202 5288 malta

2487 5317 2609 5380 erit
2656 5316 3008 5379 electorum
3056 5334 3384 5379 numerus,
3447 5317 3722 5404 Ideoque
3782 5313 4152 5386 homi-'³¹⁶³'
