4300 6259
871 668 930 724 et
955 663 1282 725 intellectus
1307 665 1492 739 primi
1513 663 1786 740 principii
1806 667 1863 723 et
1881 665 2146 723 substan-

871 755 1088 814 tiarum
1119 759 1519 828 separatarum
1577 797 2144 812 .......
2186 753 2292 810 307

799 845 1094 903 Articulus
1134 846 1315 902 LXIV.
1363 846 1440 903 De
1489 845 1711 919 objecto
1754 842 1934 902 divini
1979 843 2146 901 intel-

869 934 1054 992 lectus
1110 975 2144 992 ............
2186 931 2293 987 308

797 1024 1093 1082 Articulus
1136 1026 1290 1081 LXV.
1339 1026 1408 1081 Et
1453 1027 1539 1082 est
1585 1023 1901 1097 disputatio
1948 1025 2153 1078 contra

869 1114 1292 1187 praeinductam
1314 1113 1662 1186 positionem
1678 1113 1895 1170 Alberti
1918 1115 2150 1169 etAver·

866 1203 986 1261 rois
1009 1243 2143 1260 .............
2186 1201 2291 1256 309

796 1291 1090 1350 Articulus
1132 1294 1310 1350 LXVI.
1345 1295 1508 1360 Quod
1554 1294 1614 1350 in
1652 1292 2026 1350 universitate
2066 1308 2150 1348 re-

867 1399 1000 1439 rum
1048 1383 1276 1456 primus
1321 1387 1512 1441 rector
1550 1384 1894 1440 statuendus
1937 1381 2028 1447 sit,
2076 1396 2147 1437 ex

871 1474 1042 1547 cujus
1072 1473 1471 1546 intelligentiae
1499 1471 1828 1544 sapientiali
1858 1470 2034 1536 fonte,
2063 1474 2149 1526 to-

867 1562 984 1618 tius
1035 1561 1342 1634 regIminis
1389 1561 1677 1619 mundani
1724 1560 1926 1633 legalis
1972 1559 2148 1616 series

867 1651 1164 1708 emanavit
1195 1691 2144 1708 ...........
2186 1646 2294 1702 310

795 1739 1093 1797 Articulus
1121 1741 1328 1796 LXVII.
1362 1741 1526 1806 Quod
1549 1739 1774 1812 primus
1793 1741 1984 1795 rector
1997 1737 2156 1809 quie-

869 1828 1097 1886 tissima
1127 1833 1322 1886 mente
1342 1846 1410 1885 ac
1430 1828 1869 1902 simplicissima
1898 1830 2154 1883 contem-

873 1919 1126 1993 platione
1157 1919 1391 1993 singula
1421 1921 1703 1993 gubernet
1761 1961 2144 1975 .....
2188 1918 2294 1973 312

796 2009 1090 2067 Articulus
1135 2011 1322 2065 LXVII
1361 2011 1524 2083 (Pars
1567 2009 1791 2082 altera).
1841 2010 1918 2066 De
1963 2006 2150 2064 domi-

867 2099 1102 2156 natione
1149 2102 1208 2156 et
1251 2098 1539 2172 regimine
1583 2098 1795 2155 divina».
1838 2097 2053 2155 mentis
2095 2100 2153 2154 et

866 2189 1045 2246 totius
1085 2188 1294 2246 mundi
1343 2189 1780 2262 gubernatione,
1821 2189 2145 2244 secundum

867 2279 1414 2336 determinationem
1449 2279 1648 2351 magni
1680 2277 1958 2350 Dionysii.
2039 2321 2052 2333 .
2133 2321 2145 2334 .
2188 2277 2293 2332 313

791 2367 1089 2426 Articulus
1130 2368 1360 2424 LXVIII.
1401 2369 1477 2424 De
1517 2367 1881 2440 providentia
1917 2369 1976 2424 et
2011 2365 2147 2432 fato,

867 2459 1194 2515 secundum
1227 2455 1600 2513 traditionem
1630 2456 1811 2513 Boetii
1854 2501 1867 2514 .
1947 2501 1958 2512 .
2039 2501 2051 2512 .
2133 2498 2144 2510 .
2187 2455 2293 2511 314

793 2546 1089 2604 Articulus
1125 2547 1308 2602 LXIX.
1342 2548 1419 2602 De
1449 2545 1927 2604 subordinatione
1957 2549 2012 2602 et
2043 2545 2146 2601 ha-

869 2634 1131 2692 bitudine
1173 2635 1276 2692 fati
1318 2637 1392 2691 ad
1437 2635 1863 2708 providentiam
1897 2652 1910 2690 :
1943 2634 2002 2690 in
2034 2650 2148 2706 quo

868 2724 1212 2790 ostenditur,
1245 2742 1376 2798 quae.
1405 2723 1654 2781 fataliter
1695 2727 1752 2780 et
1794 2739 1925 2796 quae
1963 2723 2150 2796 provi-

868 2813 1202 2870 dentialiter
1228 2813 1626 2886 gubernentur
1667 2855 2146 2868 ......
2188 2812 2295 2866 315

797 2903 1089 2960 Articulus
1116 2903 1271 2958 LXX.
1307 2902 1387 2958 De
1417 2900 1729 2957 concordia
1756 2901 2063 2974 Augustini
2095 2903 2153 2957 et

870 2991 1130 3066 Gregorii
1175 2995 1232 3048 et
1279 2991 1672 3063 quorumdam
1721 2990 1993 3055 aliorum,
2047 2990 2145 3062 qui

869 3081 1054 3138 fatum
1114 3081 1318 3136 dicunt
1374 3096 1490 3136 non
1549 3081 1756 3137 debere
1805 3081 1959 3152 poni,
2011 3097 2148 3136 cum

870 3169 1236 3243 proeinducta
1264 3168 1548 3240 positione
1579 3168 1638 3223 in
1669 3185 1785 3240 qua
1813 3167 2000 3225 fatum
2022 3185 2155 3224 con-

869 3275 1096 3316 cessum
1127 3260 1213 3314 est
1240 3261 1296 3314 et
1323 3257 1610 3314 sententia
1636 3257 1818 3314 Boetii
1850 3258 2084 3314 laudata
2131 3299 2146 3314 .
2191 3257 2296 3312 316

799 3348 1094 3406 Articulus
1132 3348 1310 3404 LXXI.
1344 3347 1510 3414 Quod
1548 3347 1912 3420 providentia
1955 3346 2153 3402 divIna

870 3438 1088 3496 directe
1145 3437 1370 3494 dicatur
1427 3441 1690 3509 respectu
1747 3438 2153 3510 gubernando-

869 3544 1026 3594 rum,
1069 3531 1127 3586 et
1167 3544 1269 3599 per
1297 3526 1698 3584 reductionem
1728 3530 1994 3599 respectu
2022 3543 2155 3599 pro-

874 3618 1306 3675 ducendorum.
1365 3652 1372 3660 ·
1387 3659 2150 3673 .........
2193 3617 2298 3672 317

803 3707 1098 3766 Articulus
1125 3706 1333 3763 LXXII.
1358 3707 1434 3764 De
1455 3705 1782 3763 rationibus
1801 3721 1932 3779 quae
1953 3709 2157 3761 contra

875 3796 1221 3871 positionem
1271 3793 1372 3851 fati
1419 3798 1476 3852 et
1521 3795 1900 3867 providentiae
1954 3793 2155 3851 induci

876 3889 1120 3960 possunt
1126 3925 2150 3943 ............
2194 3883 2300 3940 318

802 3976 1097 4034 Articulus
1127 3975 1358 4032 LXXIII.
1391 3975 1554 4040 Quod
1577 3973 1761 4030 fatum
1783 3976 1840 4030 et
1859 3973 2162 4047 providen-

875 4067 959 4124 tia
1009 4083 1115 4124 nee
1169 4066 1518 4130 libertatem,
1569 4081 1756 4137 neque
1815 4064 2156 4136 contingen-

873 4155 1036 4220 tiam,
1060 4173 1168 4213 nec
1187 4172 1388 4213 casum
1416 4157 1474 4212 et
1500 4153 1795 4212 fortunam
1828 4154 1899 4210 ab
1929 4153 2161 4210 entibus

873 4246 1269 4318 praescindant
1297 4287 2150 4303 ..........
2194 4244 2299 4300 319

802 4335 1100 4393 Articulus
1137 4336 1366 4391 LXXIV.
1400 4336 1566 4402 Quod
1612 4334 1811 4391 divina
1851 4332 2157 4406 providen-

873 4425 956 4482 tia
992 4425 1066 4480 sit
1104 4423 1466 4496 provisorum
1507 4441 1700 4489 causa,
1733 4439 1917 4495 quum
1956 4426 2153 4478 tamen

877 4530 984 4571 nec
1013 4513 1154 4570 mali
1184 4513 1259 4569 sit
1288 4513 1628 4584 productiva
1656 4528 1843 4585 neque
1865 4511 2159 4569 universa-

877 4603 1010 4660 liter
1037 4602 1214 4660 totius
1245 4602 1484 4660 malitiae
1512 4601 1806 4659 exclusiva
1855 4645 1866 4657 .
1951 4643 1963 4656 .

803 4692 1098 4750 Articulus
1144 4692 1346 4749 LXXV.
1398 4693 1476 4748 De
1523 4690 1848 4748 differentia
1904 4690 2155 4764 duplicis

872 4781 1097 4837 ordinis
1150 4781 1258 4836 sub
1318 4777 1518 4835 divina
1570 4778 1934 4852 providentia
1995 4796 2154 4834 com-

874 4869 1142 4943 prehensi
1203 4911 2151 4924 ...........
2194 4869 2299 4926 322

799 4959 1095 5016 Articulus
1125 4958 1352 5014 LXXVI.
1387 4958 1454 5013 Et
1491 4959 1578 5015 est
1615 4957 1827 5014 solutio
1857 4958 2154 5014 rationum

873 5065 1006 5121 quoe
1049 5047 1220 5120 paulo
1259 5049 1392 5104 ante
1430 5050 1634 5103 contra
1673 5047 2020 5119 positionem
2051 5047 2154 5104 fati

870 5141 928 5194 et
955 5134 1334 5210 providentioe
1363 5135 1792 5193 inducebantur
1859 5180 1871 5192 .
1952 5180 1964 5192 .
2047 5181 2058 5192 .
2139 5181 2150 5192 .
2192 5137 2299 5193 324

799 5226 1094 5286 Articulus
1122 5226 1373 5282 LXXVII.
1407 5227 1484 5283 De
1509 5225 1794 5298 positione
1822 5225 2148 5292 Avicennae,

872 5317 1222 5374 Albumasar
1247 5319 1304 5373 et
1321 5314 1556 5372 Alkiudi
1585 5315 1742 5373 circa
1769 5314 2146 5390 praeinducta.
2189 5317 2295 5374 326

2137 4601 2299 4657 ,320

2068 493 2255 542 mnu
2294 493 2629 542 ommis

2398 663 2694 723 Articulus
2732 665 3012 722 LXXVIII.
3052 667 3131 724 De
3173 665 3459 740 positione
3493 666 3755 724 Platonis

2470 758 2527 814 et
2554 755 2740 812 Procli
2783 757 2939 814 circa
2974 756 3399 830 providentiam
3430 757 3529 816 Dei
3558 762 3615 817 et
3644 775 3753 831 gu·

2470 844 2873 903 bernationem
2907 847 3159 904 universi
3176 891 3749 905 .......
3794 847 3905 904 327

2398 935 2692 993 Articulus
2720 937 2948 993 LXXIX.
2982 938 3285 1004 Quomodo
3319 937 3577 994 vicissim
3607 936 3757 994 dici-

2473 1042 2607 1082 mus
2635 1027 2819 1083 Deum
2858 1030 3069 1084 cuncta
3104 1029 3422 1100 producere
3452 1044 3554 1100 per
3582 1027 3758 1085 intel-

2470 1115 2704 1180 lectum,
2732 1117 3049 1188 aliquando
3067 1134 3202 1174 vero
3222 1118 3585 1191 appellamus
3612 1133 3751 1175 eum

2470 1205 2669 1262 omnia
2707 1204 2894 1264 facere
2924 1223 3027 1278 per
3053 1207 3410 1265 voluntatem
3454 1251 3467 1263 .
3546 1251 3559 1263 .
3638 1251 3650 1262 .
3735 1250 3747 1262 .
3792 1206 3906 1262 328

2397 1294 2693 1351 Articulus
2730 1295 2932 1351 LXXX.
2963 1297 3050 1351 An
3093 1313 3292 1353 rerum
3333 1295 3681 1354 universitas
3716 1313 3751 1353 a

2468 1384 2662 1456 primo
2689 1388 2894 1458 agente
2922 1384 3099 1442 simul
3131 1387 3415 1457 producta
3443 1385 3515 1442 sit
3548 1430 3560 1441 .
3638 1429 3651 1442 .
3734 1428 3747 1442 .
3792 1386 3906 1442 329

2397 1473 2693 1531 Articulus
2720 1475 2946 1530 LXXXI.
2980 1476 3143 1542 Quod
3175 1491 3407 1533 necesse
3427 1475 3503 1532 sit
3528 1476 3755 1534 univer·

2472 1579 2671 1620 sorum
2703 1563 3137 1622 distinctionem
3177 1567 3235 1621 et
3281 1564 3547 1622 ordinem
3580 1565 3640 1623 in
3670 1565 3755 1621 di-

2470 1651 2668 1708 vinam
2690 1652 3035 1726 sapientiam
3062 1655 3345 1727 tanquam
3368 1654 3429 1709 in
3450 1653 3751 1710 fontanam

2472 1741 2759 1814 originem
2783 1743 3061 1799 reducere
3084 1785 3748 1802 ........
3794 1743 3913 1800 330

2402 1830 2695 1889 Articulus
2714 1832 2967 1887 LXXXII.
2983 1833 3491 1898 Quemadmodum
3510 1835 3581 1890 ab
3598 1837 3759 1890 aeter·

2473 1939 2551 1978 na
2597 1923 2655 1978 et
2711 1921 3181 1979 incommutabili
3228 1922 3523 1980 voluntate
3574 1923 3755 1996 possit

2472 2028 2676 2068 recens
2704 2015 2761 2068 et
2788 2011 3129 2083 temporalis
3156 2011 3309 2069 actio
3336 2030 3613 2071 emanare
3644 2059 3657 2070 .
3738 2059 3750 2070 .
3792 2014 3912 2070 333

2402 2099 2695 2157 Articulus
2742 2099 3019 2155 LXXXIII.
3070 2100 3139 2156 Et
3184 2103 3271 2157 est
3320 2102 3653 2173 explanatio
3696 2105 3757 2160 et

2470 2188 2772 2260 responsio
2800 2189 2872 2243 ad
2904 2191 3199 2259 praetacta.
3273 2232 3285 2244 .
3364 2231 3377 2245 .
3441 2219 3471 2246 ·.
3552 2235 3564 2246 .
3642 2237 3655 2249 .
3736 2233 3751 2248 .
3790 2193 3913 2250 334

2400 2278 2696 2334 Articulus
2724 2277 2999 2334 LXXXIV.
3032 2279 3109 2335 De
3138 2278 3361 2345 ordine,
3392 2283 3451 2336 et
3487 2297 3753 2348 numero,

2472 2369 2527 2422 et
2580 2369 2794 2423 natura
2858 2366 3341 2424 intellectualium
3408 2370 3757 2427 substantia-

2471 2471 2625 2520 rum,
2658 2456 2981 2512 secundum
3013 2455 3343 2514 doctrinam
3371 2458 3694 2516 Aristotelis
3736 2505 3748 2516 .
3792 2461 3911 2516 336

2400 2545 2694 2601 Articulus
2734 2546 2983 2601 LXXXV.
3016 2545 3094 2602 De
3136 2546 3463 2604 diversitate
3502 2565 3634 2621 quae
3668 2552 3758 2606 est

2474 2633 2625 2690 inter
2646 2633 2970 2690 Platonicos
2998 2637 3054 2692 et
3074 2635 3483 2707 Peripateticos
3500 2654 3570 2694 ex
3591 2641 3757 2710 parte

2475 2740 2609 2786 una,
2640 2725 2697 2779 et
2728 2723 3135 2794 Peripateticos
3165 2724 3317 2782 inter
3346 2742 3422 2790 se,
3456 2727 3527 2783 de
3556 2743 3761 2785 nume·

2472 2829 2538 2869 ro
2567 2813 2903 2870 animarum
2944 2814 3234 2872 nobilium
3263 2818 3321 2873 et
3350 2815 3761 2890 intelligentia-

2475 2919 2609 2959 rum
2625 2945 3754 2964 .............
3799 2909 3913 2964 337

2404 2991 2697 3048 Articulus
2725 2992 2999 3049 LXXXVI.
3034 2995 3111 3050 De
3142 2994 3419 3066 qualitate
3464 2995 3623 3052 modi
3668 2997 3760 3053 in-

2474 3081 2791 3153 telligendi,
2824 3082 3149 3152 specierum
3192 3084 3671 3158 intelligibilium,
3702 3091 3761 3143 et

2475 3169 2881 3226 illustrationis
2929 3170 3447 3245 intelligentiarum
3488 3176 3563 3231 ad
3610 3176 3759 3232 invi·

2476 3276 2601 3316 cem
2619 3303 3757 3322 .............
3798 3267 3913 3322 338

2404 3349 2698 3406 Articulus
2727 3350 3027 3406 LXXXVII.
3061 3351 3138 3407 De
3168 3350 3553 3410 similitudine
3590 3353 3765 3410 intel-

2478 3437 2733 3511 ligentiae
2762 3440 2834 3495 ad
2866 3455 3104 3496 causam
3135 3441 3391 3513 primam
3460 3487 3475 3498 .
3555 3486 3567 3498 .

2406 3527 2699 3584 Articulus
2728 3528 3055 3584 LXXXVIII.
3090 3530 3167 3586 De
3188 3529 3473 3602 positione
3496 3530 3763 3605 origenis

2478 3619 2535 3674 et
2552 3617 2891 3684 Avicebron,
2914 3622 2971 3674 et
2991 3620 3385 3690 quorumdam
3407 3636 3508 3676 eos
3526 3637 3767 3694 sequen·

2476 3705 2647 3771 tium,
2671 3705 2853 3779 quiin
2876 3705 3277 3780 intelligentiis
3308 3709 3614 3767 materiam
3636 3727 3761 3768 esse

2477 3795 2681 3852 volunt
2716 3839 3753 3858 ............
3800 3803 3911 3859 341

2406 3883 2700 3942 Articulus
2727 3885 3001 3941 LXXXIX.
3034 3887 3101 3941 Et
3120 3890 3208 3943 est
3225 3886 3541 3959 disputatio
3560 3893 3763 3946 contra

2478 3973 2901 4046 proeinductam
2953 3975 3322 4048 positionem,
3364 3980 3419 4034 et
3464 3979 3757 4036 rationum

2478 4064 2605 4137 ejus
2634 4064 2843 4120 solutio
2900 4109 3757 4124 ..........
3800 4071 3913 4126 342

2406 4153 2702 4210 Articulus
2731 4155 2835 4209 XC.
2862 4155 2939 4211 De
2962 4153 3333 4227 simplicitate
3363 4155 3763 4230 intelligentia}

2478 4247 2535 4299 et
2562 4243 2780 4300 animae
2820 4243 3203 4312 intellectivae,
3236 4247 3560 4303 secundum
3592 4249 3764 4304 Aver-

2478 4349 2661 4398 roem,
2714 4349 2889 4405 quem
2946 4332 3219 4390 Albertus
3274 4338 3509 4391 secutus
3554 4339 3655 4401 est,
3706 4339 3765 4393 et

2479 4421 2854 4485 Avicennam,
2886 4420 2981 4477 cui
3008 4421 3259 4478 Thomas
3287 4422 3565 4479 adhaesit.
3648 4467 3660 4479 .
3742 4467 3755 4480 .
3800 4427 3913 4484 343

2407 4510 2701 4568 Articulus
2728 4510 2861 4566 XCI.
2894 4511 2971 4592 ⁰5³
3002 4512 3437 4583 comparatione
3460 4513 3761 4570 rationalis

2480 4599 2696 4656 animae
2722 4601 2796 4656 ad
2826 4599 3181 4656 substantias
3218 4604 3513 4673 separatas
3548 4605 3605 4658 et
3646 4601 3761 4659 for-

2479 4706 2608 4745 mas
2636 4688 2934 4747 sensuales
2963 4705 3031 4745 ac
3060 4687 3366 4748 inferiores
3370 4735 3756 4750 .....
3800 4695 3915 4752 345

2405 4779 2699 4837 Articulus
2728 4778 2883 4834 XCII.
2925 4779 3002 4834 De
3043 4781 3253 4835 natura
3290 4783 3349 4835 et
3390 4782 3761 4840 substantiali

2476 4868 2825 4943 perfectione
2846 4867 3148 4924 rationalis
3174 4867 3408 4934 animae,
3432 4873 3760 4929 secundum

2475 4958 2843 5016 Aristotelem
2875 4974 2889 5013 z
2921 4957 2982 5013 in
3013 4973 3127 5030 quo
3158 4958 3455 5029 probatur,
3488 4962 3644 5032 quod
3674 4961 3764 5018 in-

2475 5047 2819 5106 tellectualis
2838 5046 3087 5104 essentia
3116 5047 3190 5104 sit
3218 5048 3619 5106 substantialis
3646 5049 3761 5108 for-

2477 5155 2575 5194 ma
2603 5137 2877 5202 hominis,
2908 5139 2965 5193 et
2991 5141 3153 5194 actus
3192 5137 3419 5209 primus
3461 5140 3755 5211 corporis.
3798 5143 3913 5200 346

2402 5227 2696 5284 Articulus
2742 5226 2924 5282 XCIII.
2973 5227 3039 5281 Et
3084 5229 3170 5282 est
3216 5225 3570 5284 introductio
3613 5247 3759 5302 qua-

2473 5318 2741 5375 rumdam
2808 5314 3114 5374 subtilium
3178 5315 3477 5374 rationum
3540 5319 3757 5393 quibus

3744 3445 3914 3500 ,339
