<?xml version="1.0" encoding="UTF-8"?>
<!DOCTYPE html PUBLIC "-//W3C//DTD XHTML 1.0 Transitional//EN"
    "http://www.w3.org/TR/xhtml1/DTD/xhtml1-transitional.dtd">
<html xmlns="http://www.w3.org/1999/xhtml" xml:lang="en" lang="en">
 <head>
  <title>
</title>
<meta http-equiv="Content-Type" content="text/html;charset=utf-8" />
  <meta name='ocr-system' content='tesseract 3.04.00' />
  <meta name='ocr-capabilities' content='ocr_page ocr_carea ocr_par ocr_line ocrx_word'/>
</head>
<body>
  <div class='ocr_page' id='page_1' title='image "./doctorisecstati05unkngoog_0539.png"; bbox 0 0 4300 6259; ppageno 0'>
   <div class='ocr_carea' id='block_1_1' title="bbox 996 528 2850 586">
    <p class='ocr_par' dir='ltr' id='par_1_1' title="bbox 996 528 2850 586">
     <span class='ocr_line' id='line_1_1' title="bbox 996 528 2850 586; baseline 0.003 -12"><span class='ocrx_word' id='word_1_1' title='bbox 996 529 1075 574; x_wconf 71' lang='lat' dir='ltr'>nt:</span> <span class='ocrx_word' id='word_1_2' title='bbox 1117 529 1344 576; x_wconf 65' lang='lat' dir='ltr'>Lunum</span> <span class='ocrx_word' id='word_1_3' title='bbox 1387 528 1769 576; x_wconf 73' lang='lat' dir='ltr'>cnmsrlANAE</span> <span class='ocrx_word' id='word_1_4' title='bbox 1809 528 2111 586; x_wconf 57' lang='lat' dir='ltr'>Tmolum,</span> <span class='ocrx_word' id='word_1_5' title='bbox 2158 530 2332 578; x_wconf 78' lang='lat' dir='ltr'>LIBER</span> <span class='ocrx_word' id='word_1_6' title='bbox 2374 532 2441 578; x_wconf 84' lang='lat'>11.</span> <span class='ocrx_word' id='word_1_7' title='bbox 2487 551 2566 562; x_wconf 90' lang='lat'>—-</span> <span class='ocrx_word' id='word_1_8' title='bbox 2608 533 2746 579; x_wconf 72' lang='grc' dir='ltr'><strong>ΛΒΤ.</strong></span> <span class='ocrx_word' id='word_1_9' title='bbox 2793 533 2850 580; x_wconf 81' lang='lat' dir='ltr'>ct</span> 
     </span>
    </p>
   </div>
   <div class='ocr_carea' id='block_1_2' title="bbox 3357 515 3470 580">
    <p class='ocr_par' dir='ltr' id='par_1_2' title="bbox 3357 515 3470 580">
     <span class='ocr_line' id='line_1_2' title="bbox 3357 515 3470 580; baseline -0.018 0"><span class='ocrx_word' id='word_1_10' title='bbox 3357 515 3470 580; x_wconf 76' lang='lat'>511</span> 
     </span>
    </p>
   </div>
   <div class='ocr_carea' id='block_1_3' title="bbox 362 698 3475 786">
    <p class='ocr_par' dir='ltr' id='par_1_3' title="bbox 362 698 3475 786">
     <span class='ocr_line' id='line_1_3' title="bbox 362 698 3475 786; baseline 0.002 -26"><span class='ocrx_word' id='word_1_11' title='bbox 362 703 580 760; x_wconf 87' lang='lat' dir='ltr'>autem</span> <span class='ocrx_word' id='word_1_12' title='bbox 610 699 959 781; x_wconf 88' lang='lat' dir='ltr'>corporalis</span> <span class='ocrx_word' id='word_1_13' title='bbox 982 699 1339 762; x_wconf 84' lang='lat' dir='ltr'>substantia</span> <span class='ocrx_word' id='word_1_14' title='bbox 1366 719 1445 763; x_wconf 88' lang='lat' dir='ltr'>ex</span> <span class='ocrx_word' id='word_1_15' title='bbox 1476 707 1701 762; x_wconf 89' lang='lat' dir='ltr'>natura</span> <span class='ocrx_word' id='word_1_16' title='bbox 1730 717 1870 781; x_wconf 89' lang='lat' dir='ltr'>pro·</span> <span class='ocrx_word' id='word_1_17' title='bbox 1898 700 1949 762; x_wconf 89' lang='lat' dir='ltr'><strong>A</strong></span> <span class='ocrx_word' id='word_1_18' title='bbox 1980 698 2071 761; x_wconf 91' lang='lat' dir='ltr'>sic</span> <span class='ocrx_word' id='word_1_19' title='bbox 2124 700 2252 764; x_wconf 90' lang='lat' dir='ltr'>dici</span> <span class='ocrx_word' id='word_1_20' title='bbox 2305 709 2533 784; x_wconf 91' lang='lat' dir='ltr'>potest,</span> <span class='ocrx_word' id='word_1_21' title='bbox 2593 705 2762 786; x_wconf 91' lang='lat' dir='ltr'>quod</span> <span class='ocrx_word' id='word_1_22' title='bbox 2822 703 3090 767; x_wconf 86' lang='lat' dir='ltr'>verbum</span> <span class='ocrx_word' id='word_1_23' title='bbox 3139 703 3475 785; x_wconf 80' lang='lat' dir='ltr'><strong>Augustini</strong></span> 
     </span>
    </p>
   </div>
   <div class='ocr_carea' id='block_1_4' title="bbox 362 796 1871 1864">
    <p class='ocr_par' dir='ltr' id='par_1_4' title="bbox 362 796 1871 1864">
     <span class='ocr_line' id='line_1_4' title="bbox 364 796 1865 880; baseline 0.002 -23"><span class='ocrx_word' id='word_1_24' title='bbox 364 796 502 879; x_wconf 87' lang='lat' dir='ltr'>pria</span> <span class='ocrx_word' id='word_1_25' title='bbox 534 797 765 860; x_wconf 88' lang='lat' dir='ltr'>habeat</span> <span class='ocrx_word' id='word_1_26' title='bbox 794 805 865 859; x_wconf 90' lang='lat' dir='ltr'>ut</span> <span class='ocrx_word' id='word_1_27' title='bbox 896 799 1195 880; x_wconf 90' lang='lat' dir='ltr'>spiritum</span> <span class='ocrx_word' id='word_1_28' title='bbox 1226 798 1519 872; x_wconf 88' lang='lat' dir='ltr'>definiat,</span> <span class='ocrx_word' id='word_1_29' title='bbox 1553 806 1624 860; x_wconf 90' lang='lat' dir='ltr'>ut</span> <span class='ocrx_word' id='word_1_30' title='bbox 1654 806 1865 860; x_wconf 89' lang='lat' dir='ltr'>tamen</span> 
     </span>
     <span class='ocr_line' id='line_1_5' title="bbox 364 895 1866 979; baseline 0.002 -24"><span class='ocrx_word' id='word_1_31' title='bbox 364 895 581 976; x_wconf 90' lang='lat' dir='ltr'>ipsum</span> <span class='ocrx_word' id='word_1_32' title='bbox 632 896 725 958; x_wconf 90' lang='lat' dir='ltr'>sic</span> <span class='ocrx_word' id='word_1_33' title='bbox 775 897 1055 959; x_wconf 89' lang='lat' dir='ltr'>detineat</span> <span class='ocrx_word' id='word_1_34' title='bbox 1102 905 1165 960; x_wconf 90' lang='lat' dir='ltr'>et</span> <span class='ocrx_word' id='word_1_35' title='bbox 1198 897 1337 960; x_wconf 70' lang='lat' dir='ltr'>sibi</span> <span class='ocrx_word' id='word_1_36' title='bbox 1398 898 1635 979; x_wconf 79' lang='lat' dir='ltr'>alliget,</span> <span class='ocrx_word' id='word_1_37' title='bbox 1696 897 1866 979; x_wconf 91' lang='lat' dir='ltr'>quod</span> 
     </span>
     <span class='ocr_line' id='line_1_6' title="bbox 362 993 1863 1078; baseline 0.001 -25"><span class='ocrx_word' id='word_1_38' title='bbox 362 993 439 1054; x_wconf 87' lang='lat' dir='ltr'>ad</span> <span class='ocrx_word' id='word_1_39' title='bbox 498 993 626 1054; x_wconf 87' lang='lat' dir='ltr'>alia</span> <span class='ocrx_word' id='word_1_40' title='bbox 677 995 993 1056; x_wconf 79' lang='lat' dir='ltr'>divertere</span> <span class='ocrx_word' id='word_1_41' title='bbox 1057 1013 1183 1057; x_wconf 91' lang='lat' dir='ltr'>non</span> <span class='ocrx_word' id='word_1_42' title='bbox 1237 995 1443 1058; x_wconf 86' lang='lat' dir='ltr'>valeat</span> <span class='ocrx_word' id='word_1_43' title='bbox 1492 1004 1555 1057; x_wconf 93' lang='lat' dir='ltr'>et</span> <span class='ocrx_word' id='word_1_44' title='bbox 1616 994 1863 1078; x_wconf 90' lang='lat' dir='ltr'>operari</span> 
     </span>
     <span class='ocr_line' id='line_1_7' title="bbox 362 1090 1868 1173; baseline 0.001 -21"><span class='ocrx_word' id='word_1_45' title='bbox 362 1090 475 1152; x_wconf 91' lang='lat' dir='ltr'>ubi</span> <span class='ocrx_word' id='word_1_46' title='bbox 510 1091 740 1173; x_wconf 87' lang='lat' dir='ltr'>placet,</span> <span class='ocrx_word' id='word_1_47' title='bbox 775 1111 901 1154; x_wconf 90' lang='lat' dir='ltr'>non</span> <span class='ocrx_word' id='word_1_48' title='bbox 934 1112 1010 1155; x_wconf 82' lang='lat' dir='ltr'>ex</span> <span class='ocrx_word' id='word_1_49' title='bbox 1045 1101 1270 1156; x_wconf 87' lang='lat' dir='ltr'>natura</span> <span class='ocrx_word' id='word_1_50' title='bbox 1300 1113 1415 1155; x_wconf 90' lang='lat' dir='ltr'>sua</span> <span class='ocrx_word' id='word_1_51' title='bbox 1444 1094 1655 1156; x_wconf 89' lang='lat' dir='ltr'>habet.</span> <span class='ocrx_word' id='word_1_52' title='bbox 1701 1093 1868 1155; x_wconf 85' lang='lat' dir='ltr'>Dicit</span> 
     </span>
     <span class='ocr_line' id='line_1_8' title="bbox 362 1191 1869 1274; baseline 0.002 -24"><span class='ocrx_word' id='word_1_53' title='bbox 362 1207 515 1270; x_wconf 87' lang='lat' dir='ltr'>ergo</span> <span class='ocrx_word' id='word_1_54' title='bbox 554 1191 620 1252; x_wconf 90' lang='lat' dir='ltr'>B.</span> <span class='ocrx_word' id='word_1_55' title='bbox 666 1191 959 1264; x_wconf 80' lang='lat' dir='ltr'>ThomaS,</span> <span class='ocrx_word' id='word_1_56' title='bbox 1002 1192 1173 1274; x_wconf 92' lang='lat' dir='ltr'>quod</span> <span class='ocrx_word' id='word_1_57' title='bbox 1224 1192 1389 1273; x_wconf 88' lang='lat' dir='ltr'>ignis</span> <span class='ocrx_word' id='word_1_58' title='bbox 1439 1211 1515 1254; x_wconf 87' lang='lat' dir='ltr'>ex</span> <span class='ocrx_word' id='word_1_59' title='bbox 1565 1211 1632 1254; x_wconf 91' lang='lat' dir='ltr'>se</span> <span class='ocrx_word' id='word_1_60' title='bbox 1675 1191 1869 1254; x_wconf 89' lang='lat' dir='ltr'>habet</span> 
     </span>
     <span class='ocr_line' id='line_1_9' title="bbox 366 1281 1865 1373; baseline 0.002 -24"><span class='ocrx_word' id='word_1_61' title='bbox 366 1294 436 1350; x_wconf 90' lang='lat' dir='ltr'>ut</span> <span class='ocrx_word' id='word_1_62' title='bbox 462 1289 747 1351; x_wconf 85' lang='lat' dir='ltr'>animam</span> <span class='ocrx_word' id='word_1_63' title='bbox 795 1299 1153 1373; x_wconf 79' lang='lat' dir='ltr'>separatam</span> <span class='ocrx_word' id='word_1_64' title='bbox 1195 1299 1259 1353; x_wconf 92' lang='lat' dir='ltr'>et</span> <span class='ocrx_word' id='word_1_65' title='bbox 1301 1281 1657 1354; x_wconf 85' lang='lat' dir='ltr'>daemonern</span> <span class='ocrx_word' id='word_1_66' title='bbox 1703 1291 1865 1353; x_wconf 91' lang='lat' dir='ltr'>loca-</span> 
     </span>
     <span class='ocr_line' id='line_1_10' title="bbox 366 1386 1867 1469; baseline 0.002 -22"><span class='ocrx_word' id='word_1_67' title='bbox 366 1387 512 1448; x_wconf 85' lang='lat' dir='ltr'>liter</span> <span class='ocrx_word' id='word_1_68' title='bbox 542 1386 851 1466; x_wconf 82' lang='lat' dir='ltr'>definiat3</span> <span class='ocrx_word' id='word_1_69' title='bbox 884 1407 960 1449; x_wconf 84' lang='lat' dir='ltr'>ex</span> <span class='ocrx_word' id='word_1_70' title='bbox 991 1387 1227 1450; x_wconf 90' lang='lat' dir='ltr'>virtute</span> <span class='ocrx_word' id='word_1_71' title='bbox 1256 1397 1467 1452; x_wconf 90' lang='lat' dir='ltr'>autem</span> <span class='ocrx_word' id='word_1_72' title='bbox 1511 1389 1645 1462; x_wconf 90' lang='lat' dir='ltr'>Dei,</span> <span class='ocrx_word' id='word_1_73' title='bbox 1680 1389 1867 1469; x_wconf 87' lang='lat' dir='ltr'>cujus</span> 
     </span>
     <span class='ocr_line' id='line_1_11' title="bbox 365 1485 1867 1569; baseline 0.001 -22"><span class='ocrx_word' id='word_1_74' title='bbox 365 1485 739 1548; x_wconf 89' lang='lat' dir='ltr'>ulciscentis</span> <span class='ocrx_word' id='word_1_75' title='bbox 792 1486 1059 1565; x_wconf 82' lang='lat' dir='ltr'>justitiae</span> <span class='ocrx_word' id='word_1_76' title='bbox 1109 1486 1607 1549; x_wconf 83' lang='lat' dir='ltr'>instrumentum</span> <span class='ocrx_word' id='word_1_77' title='bbox 1671 1487 1867 1569; x_wconf 95' lang='lat' dir='ltr'>quod-</span> 
     </span>
     <span class='ocr_line' id='line_1_12' title="bbox 365 1583 1867 1667; baseline 0.001 -22"><span class='ocrx_word' id='word_1_78' title='bbox 365 1584 513 1645; x_wconf 89' lang='lat' dir='ltr'>dam</span> <span class='ocrx_word' id='word_1_79' title='bbox 557 1592 675 1657; x_wconf 89' lang='lat' dir='ltr'>est,</span> <span class='ocrx_word' id='word_1_80' title='bbox 708 1583 829 1646; x_wconf 89' lang='lat' dir='ltr'>hoc</span> <span class='ocrx_word' id='word_1_81' title='bbox 872 1603 1126 1666; x_wconf 88' lang='lat' dir='ltr'>quoque</span> <span class='ocrx_word' id='word_1_82' title='bbox 1170 1585 1419 1667; x_wconf 84' lang='lat' dir='ltr'>recipit,</span> <span class='ocrx_word' id='word_1_83' title='bbox 1456 1593 1524 1646; x_wconf 93' lang='lat' dir='ltr'>ut</span> <span class='ocrx_word' id='word_1_84' title='bbox 1566 1585 1867 1666; x_wconf 89' lang='lat' dir='ltr'>spiritum</span> 
     </span>
     <span class='ocr_line' id='line_1_13' title="bbox 366 1681 1871 1765; baseline 0.001 -22"><span class='ocrx_word' id='word_1_85' title='bbox 366 1681 493 1744; x_wconf 88' lang='lat' dir='ltr'>sibi</span> <span class='ocrx_word' id='word_1_86' title='bbox 552 1681 769 1763; x_wconf 84' lang='lat' dir='ltr'>alliget</span> <span class='ocrx_word' id='word_1_87' title='bbox 818 1689 879 1745; x_wconf 85' lang='lat' dir='ltr'>et</span> <span class='ocrx_word' id='word_1_88' title='bbox 938 1682 1262 1745; x_wconf 91' lang='lat' dir='ltr'>subditum</span> <span class='ocrx_word' id='word_1_89' title='bbox 1313 1692 1544 1756; x_wconf 89' lang='lat' dir='ltr'>teneat,</span> <span class='ocrx_word' id='word_1_90' title='bbox 1606 1702 1685 1745; x_wconf 89' lang='lat' dir='ltr'>ne</span> <span class='ocrx_word' id='word_1_91' title='bbox 1743 1700 1871 1765; x_wconf 87' lang='lat' dir='ltr'>quo</span> 
     </span>
     <span class='ocr_line' id='line_1_14' title="bbox 366 1781 1869 1864; baseline 0.001 -22"><span class='ocrx_word' id='word_1_92' title='bbox 366 1781 529 1853; x_wconf 83' lang='lat' dir='ltr'>vult,</span> <span class='ocrx_word' id='word_1_93' title='bbox 562 1799 703 1843; x_wconf 91' lang='lat' dir='ltr'>esse</span> <span class='ocrx_word' id='word_1_94' title='bbox 732 1789 844 1843; x_wconf 91' lang='lat' dir='ltr'>aut</span> <span class='ocrx_word' id='word_1_95' title='bbox 870 1782 1121 1864; x_wconf 89' lang='lat' dir='ltr'>operari</span> <span class='ocrx_word' id='word_1_96' title='bbox 1152 1783 1390 1863; x_wconf 87' lang='lat' dir='ltr'>possit:</span> <span class='ocrx_word' id='word_1_97' title='bbox 1416 1789 1479 1844; x_wconf 88' lang='lat' dir='ltr'>et</span> <span class='ocrx_word' id='word_1_98' title='bbox 1518 1783 1612 1845; x_wconf 91' lang='lat' dir='ltr'>sic</span> <span class='ocrx_word' id='word_1_99' title='bbox 1640 1783 1869 1844; x_wconf 77' lang='lat' dir='ltr'>animae</span> 
     </span>
    </p>
   </div>
   <div class='ocr_carea' id='block_1_5' title="bbox 1978 797 3482 1863">
    <p class='ocr_par' dir='ltr' id='par_1_5' title="bbox 1978 797 3482 1863">
     <span class='ocr_line' id='line_1_15' title="bbox 1980 797 3479 884; baseline 0.003 -25"><span class='ocrx_word' id='word_1_100' title='bbox 1980 797 2191 861; x_wconf 88' lang='lat' dir='ltr'>innuit</span> <span class='ocrx_word' id='word_1_101' title='bbox 2233 800 2444 882; x_wconf 88' lang='lat' dir='ltr'>ignem</span> <span class='ocrx_word' id='word_1_102' title='bbox 2485 802 2574 864; x_wconf 90' lang='lat' dir='ltr'>nil</span> <span class='ocrx_word' id='word_1_103' title='bbox 2618 803 3032 866; x_wconf 85' lang='lat' dir='ltr'>materialiter</span> <span class='ocrx_word' id='word_1_104' title='bbox 3073 802 3326 884; x_wconf 84' lang='lat' dir='ltr'>spiritui</span> <span class='ocrx_word' id='word_1_105' title='bbox 3367 803 3479 863; x_wconf 89' lang='lat' dir='ltr'>im-</span> 
     </span>
     <span class='ocr_line' id='line_1_16' title="bbox 1980 896 3477 982; baseline 0.003 -25"><span class='ocrx_word' id='word_1_106' title='bbox 1980 896 2276 977; x_wconf 89' lang='lat' dir='ltr'>primere.</span> <span class='ocrx_word' id='word_1_107' title='bbox 2301 934 2384 944; x_wconf 95' lang='lat'>—</span> <span class='ocrx_word' id='word_1_108' title='bbox 2409 899 2500 962; x_wconf 88' lang='lat' dir='ltr'>Ad</span> <span class='ocrx_word' id='word_1_109' title='bbox 2531 902 2879 964; x_wconf 87' lang='lat' dir='ltr'>secundam</span> <span class='ocrx_word' id='word_1_110' title='bbox 2910 902 3277 974; x_wconf 90' lang='lat' dir='ltr'>dicendum,</span> <span class='ocrx_word' id='word_1_111' title='bbox 3308 901 3477 982; x_wconf 90' lang='lat' dir='ltr'>quod</span> 
     </span>
     <span class='ocr_line' id='line_1_17' title="bbox 1978 993 3482 1080; baseline 0.004 -24"><span class='ocrx_word' id='word_1_112' title='bbox 1978 993 2236 1058; x_wconf 84' lang='lat' dir='ltr'>Boetius</span> <span class='ocrx_word' id='word_1_113' title='bbox 2284 1004 2347 1058; x_wconf 91' lang='lat' dir='ltr'>et</span> <span class='ocrx_word' id='word_1_114' title='bbox 2391 997 2810 1080; x_wconf 87' lang='lat' dir='ltr'>Philosophus</span> <span class='ocrx_word' id='word_1_115' title='bbox 2855 1000 2932 1062; x_wconf 94' lang='lat' dir='ltr'>de</span> <span class='ocrx_word' id='word_1_116' title='bbox 2975 1019 3048 1062; x_wconf 91' lang='lat' dir='ltr'>ea</span> <span class='ocrx_word' id='word_1_117' title='bbox 3094 1000 3344 1062; x_wconf 90' lang='lat' dir='ltr'>actione</span> <span class='ocrx_word' id='word_1_118' title='bbox 3395 999 3482 1062; x_wconf 90' lang='lat' dir='ltr'>lo-</span> 
     </span>
     <span class='ocr_line' id='line_1_18' title="bbox 1980 1097 3479 1178; baseline 0.004 -25"><span class='ocrx_word' id='word_1_119' title='bbox 1980 1101 2266 1173; x_wconf 90' lang='lat' dir='ltr'>quuntur</span> <span class='ocrx_word' id='word_1_120' title='bbox 2314 1113 2428 1177; x_wconf 93' lang='lat' dir='ltr'>per</span> <span class='ocrx_word' id='word_1_121' title='bbox 2475 1114 2666 1177; x_wconf 88' lang='lat' dir='ltr'>quam</span> <span class='ocrx_word' id='word_1_122' title='bbox 2719 1097 2963 1178; x_wconf 86' lang='lat' dir='ltr'>patiens</span> <span class='ocrx_word' id='word_1_123' title='bbox 3017 1103 3479 1159; x_wconf 84' lang='lat' dir='ltr'>transmutatur</span> 
     </span>
     <span class='ocr_line' id='line_1_19' title="bbox 1982 1191 3476 1275; baseline 0.005 -25"><span class='ocrx_word' id='word_1_124' title='bbox 1982 1191 2045 1251; x_wconf 91' lang='lat' dir='ltr'>in</span> <span class='ocrx_word' id='word_1_125' title='bbox 2092 1200 2384 1255; x_wconf 89' lang='lat' dir='ltr'>naturam</span> <span class='ocrx_word' id='word_1_126' title='bbox 2433 1194 2678 1275; x_wconf 85' lang='lat' dir='ltr'>agentis</span> <span class='ocrx_word' id='word_1_127' title='bbox 2727 1213 2740 1256; x_wconf 88' lang='lat'><strong>:</strong></span> <span class='ocrx_word' id='word_1_128' title='bbox 2789 1203 2852 1257; x_wconf 91' lang='lat' dir='ltr'>et</span> <span class='ocrx_word' id='word_1_129' title='bbox 2895 1194 3004 1257; x_wconf 89' lang='lat' dir='ltr'>tali</span> <span class='ocrx_word' id='word_1_130' title='bbox 3051 1197 3299 1258; x_wconf 90' lang='lat' dir='ltr'>actione</span> <span class='ocrx_word' id='word_1_131' title='bbox 3350 1214 3476 1258; x_wconf 90' lang='lat' dir='ltr'>non</span> 
     </span>
     <span class='ocr_line' id='line_1_20' title="bbox 1980 1290 3480 1372; baseline 0.005 -22"><span class='ocrx_word' id='word_1_132' title='bbox 1980 1290 2109 1370; x_wconf 89' lang='lat' dir='ltr'>agit</span> <span class='ocrx_word' id='word_1_133' title='bbox 2153 1291 2318 1372; x_wconf 91' lang='lat' dir='ltr'>ignis</span> <span class='ocrx_word' id='word_1_134' title='bbox 2365 1291 2427 1354; x_wconf 91' lang='lat' dir='ltr'>in</span> <span class='ocrx_word' id='word_1_135' title='bbox 2469 1293 2772 1355; x_wconf 86' lang='lat' dir='ltr'>animam.</span> <span class='ocrx_word' id='word_1_136' title='bbox 2821 1330 2900 1340; x_wconf 93' lang='lat'><strong>—</strong></span> <span class='ocrx_word' id='word_1_137' title='bbox 2946 1295 3038 1356; x_wconf 87' lang='lat' dir='ltr'>Ad</span> <span class='ocrx_word' id='word_1_138' title='bbox 3085 1296 3334 1356; x_wconf 86' lang='lat' dir='ltr'>tertiam</span> <span class='ocrx_word' id='word_1_139' title='bbox 3387 1314 3480 1358; x_wconf 89' lang='lat' dir='ltr'>re-</span> 
     </span>
     <span class='ocr_line' id='line_1_21' title="bbox 1981 1389 3478 1473; baseline 0.005 -24"><span class='ocrx_word' id='word_1_140' title='bbox 1981 1389 2451 1470; x_wconf 89' lang='lat' dir='ltr'>spondendum,</span> <span class='ocrx_word' id='word_1_141' title='bbox 2505 1392 2676 1473; x_wconf 91' lang='lat' dir='ltr'>quod</span> <span class='ocrx_word' id='word_1_142' title='bbox 2736 1392 2900 1473; x_wconf 90' lang='lat' dir='ltr'>ignis</span> <span class='ocrx_word' id='word_1_143' title='bbox 2959 1393 3292 1456; x_wconf 86' lang='lat' dir='ltr'>infernalis</span> <span class='ocrx_word' id='word_1_144' title='bbox 3352 1412 3478 1457; x_wconf 90' lang='lat' dir='ltr'>non</span> 
     </span>
     <span class='ocr_line' id='line_1_22' title="bbox 1982 1487 3480 1567; baseline 0.003 -19"><span class='ocrx_word' id='word_1_145' title='bbox 1982 1504 2095 1567; x_wconf 89' lang='lat' dir='ltr'>per</span> <span class='ocrx_word' id='word_1_146' title='bbox 2128 1487 2388 1550; x_wconf 90' lang='lat' dir='ltr'>modum</span> <span class='ocrx_word' id='word_1_147' title='bbox 2423 1488 2778 1562; x_wconf 88' lang='lat' dir='ltr'>influentis,</span> <span class='ocrx_word' id='word_1_148' title='bbox 2813 1490 2922 1552; x_wconf 91' lang='lat' dir='ltr'>sed</span> <span class='ocrx_word' id='word_1_149' title='bbox 2951 1491 3317 1565; x_wconf 81' lang='lat' dir='ltr'>detinentiS‚</span> <span class='ocrx_word' id='word_1_150' title='bbox 3351 1492 3480 1554; x_wconf 88' lang='lat' dir='ltr'>ani-</span> 
     </span>
     <span class='ocr_line' id='line_1_23' title="bbox 1984 1587 3479 1671; baseline 0.004 -25"><span class='ocrx_word' id='word_1_151' title='bbox 1984 1603 2153 1646; x_wconf 86' lang='lat' dir='ltr'>mam</span> <span class='ocrx_word' id='word_1_152' title='bbox 2196 1603 2269 1647; x_wconf 86' lang='lat' dir='ltr'>ac</span> <span class='ocrx_word' id='word_1_153' title='bbox 2313 1587 2612 1668; x_wconf 90' lang='lat' dir='ltr'>spiritum</span> <span class='ocrx_word' id='word_1_154' title='bbox 2661 1587 2914 1669; x_wconf 77' lang='lat' dir='ltr'>affligit.</span> <span class='ocrx_word' id='word_1_155' title='bbox 2959 1624 3040 1634; x_wconf 90' lang='lat'><strong>—</strong></span> <span class='ocrx_word' id='word_1_156' title='bbox 3082 1589 3158 1650; x_wconf 89' lang='lat' dir='ltr'>Et</span> <span class='ocrx_word' id='word_1_157' title='bbox 3201 1608 3317 1671; x_wconf 90' lang='lat' dir='ltr'>per</span> <span class='ocrx_word' id='word_1_158' title='bbox 3360 1590 3479 1652; x_wconf 92' lang='lat' dir='ltr'>hoc</span> 
     </span>
     <span class='ocr_line' id='line_1_24' title="bbox 1979 1684 3480 1771; baseline 0.005 -28"><span class='ocrx_word' id='word_1_159' title='bbox 1979 1691 2205 1763; x_wconf 88' lang='lat' dir='ltr'>quarta</span> <span class='ocrx_word' id='word_1_160' title='bbox 2239 1684 2396 1746; x_wconf 86' lang='lat' dir='ltr'>ratio</span> <span class='ocrx_word' id='word_1_161' title='bbox 2426 1685 2632 1747; x_wconf 90' lang='lat' dir='ltr'>soluta</span> <span class='ocrx_word' id='word_1_162' title='bbox 2661 1693 2777 1748; x_wconf 88' lang='lat' dir='ltr'>est.</span> <span class='ocrx_word' id='word_1_163' title='bbox 2814 1686 3152 1750; x_wconf 89' lang='lat' dir='ltr'>Ostensum</span> <span class='ocrx_word' id='word_1_164' title='bbox 3181 1695 3277 1750; x_wconf 90' lang='lat' dir='ltr'>est</span> <span class='ocrx_word' id='word_1_165' title='bbox 3305 1689 3480 1771; x_wconf 90' lang='lat' dir='ltr'>equi-</span> 
     </span>
     <span class='ocr_line' id='line_1_25' title="bbox 1981 1781 3481 1863; baseline 0.005 -20"><span class='ocrx_word' id='word_1_166' title='bbox 1981 1781 2153 1854; x_wconf 90' lang='lat' dir='ltr'>dem,</span> <span class='ocrx_word' id='word_1_167' title='bbox 2214 1783 2384 1863; x_wconf 92' lang='lat' dir='ltr'>quod</span> <span class='ocrx_word' id='word_1_168' title='bbox 2443 1783 2593 1846; x_wconf 89' lang='lat' dir='ltr'>licet</span> <span class='ocrx_word' id='word_1_169' title='bbox 2651 1784 2740 1846; x_wconf 92' lang='lat' dir='ltr'>nil</span> <span class='ocrx_word' id='word_1_170' title='bbox 2802 1786 3213 1849; x_wconf 88' lang='lat' dir='ltr'>materialiter</span> <span class='ocrx_word' id='word_1_171' title='bbox 3267 1788 3481 1850; x_wconf 90' lang='lat' dir='ltr'>anima</span> 
     </span>
    </p>
   </div>
   <div class='ocr_carea' id='block_1_6' title="bbox 364 1879 3481 1968">
    <p class='ocr_par' dir='ltr' id='par_1_6' title="bbox 364 1879 3481 1968">
     <span class='ocr_line' id='line_1_26' title="bbox 364 1879 3481 1968; baseline 0.003 -28"><span class='ocrx_word' id='word_1_172' title='bbox 364 1879 641 1941; x_wconf 87' lang='lat' dir='ltr'>afflictio</span> <span class='ocrx_word' id='word_1_173' title='bbox 690 1887 786 1942; x_wconf 92' lang='lat' dir='ltr'>est</span> <span class='ocrx_word' id='word_1_174' title='bbox 830 1897 909 1941; x_wconf 86' lang='lat' dir='ltr'>ex</span> <span class='ocrx_word' id='word_1_175' title='bbox 958 1879 1101 1953; x_wconf 92' lang='lat' dir='ltr'>hoc,</span> <span class='ocrx_word' id='word_1_176' title='bbox 1154 1880 1324 1962; x_wconf 92' lang='lat' dir='ltr'>quod</span> <span class='ocrx_word' id='word_1_177' title='bbox 1374 1880 1463 1942; x_wconf 90' lang='lat' dir='ltr'>rei</span> <span class='ocrx_word' id='word_1_178' title='bbox 1514 1880 1757 1943; x_wconf 82' lang='lat' dir='ltr'>infimae</span> <span class='ocrx_word' id='word_1_179' title='bbox 1805 1887 1869 1941; x_wconf 91' lang='lat' dir='ltr'>et</span> <span class='ocrx_word' id='word_1_180' title='bbox 1904 1884 1951 1947; x_wconf 91' lang='lat' dir='ltr'>B</span> <span class='ocrx_word' id='word_1_181' title='bbox 1982 1879 2063 1940; x_wconf 89' lang='lat' dir='ltr'>ab</span> <span class='ocrx_word' id='word_1_182' title='bbox 2096 1879 2240 1961; x_wconf 84' lang='lat' dir='ltr'>igne</span> <span class='ocrx_word' id='word_1_183' title='bbox 2284 1881 2570 1964; x_wconf 86' lang='lat' dir='ltr'>recipiat,</span> <span class='ocrx_word' id='word_1_184' title='bbox 2604 1901 2754 1946; x_wconf 89' lang='lat' dir='ltr'>vere</span> <span class='ocrx_word' id='word_1_185' title='bbox 2793 1891 3004 1946; x_wconf 89' lang='lat' dir='ltr'>tamen</span> <span class='ocrx_word' id='word_1_186' title='bbox 3045 1884 3125 1946; x_wconf 90' lang='lat' dir='ltr'>ab</span> <span class='ocrx_word' id='word_1_187' title='bbox 3167 1885 3306 1968; x_wconf 91' lang='lat' dir='ltr'>ipso</span> <span class='ocrx_word' id='word_1_188' title='bbox 3344 1905 3481 1948; x_wconf 89' lang='lat' dir='ltr'>cru-</span> 
     </span>
    </p>
   </div>
   <div class='ocr_carea' id='block_1_7' title="bbox 364 1977 1875 3045">
    <p class='ocr_par' dir='ltr' id='par_1_7' title="bbox 364 1977 1875 3045">
     <span class='ocr_line' id='line_1_27' title="bbox 366 1977 1865 2061; baseline 0.001 -22"><span class='ocrx_word' id='word_1_189' title='bbox 366 1979 507 2041; x_wconf 90' lang='lat' dir='ltr'>loco</span> <span class='ocrx_word' id='word_1_190' title='bbox 545 1977 863 2040; x_wconf 81' lang='lat' dir='ltr'>vilissimo</span> <span class='ocrx_word' id='word_1_191' title='bbox 892 1997 959 2040; x_wconf 93' lang='lat' dir='ltr'>se</span> <span class='ocrx_word' id='word_1_192' title='bbox 989 1979 1397 2058; x_wconf 86' lang='lat' dir='ltr'>conjunctam</span> <span class='ocrx_word' id='word_1_193' title='bbox 1442 1986 1505 2042; x_wconf 88' lang='lat' dir='ltr'>et</span> <span class='ocrx_word' id='word_1_194' title='bbox 1544 1979 1865 2061; x_wconf 80' lang='lat' dir='ltr'>alligatam</span> 
     </span>
     <span class='ocr_line' id='line_1_28' title="bbox 366 2077 1871 2159; baseline 0.001 -22"><span class='ocrx_word' id='word_1_195' title='bbox 366 2077 703 2158; x_wconf 82' lang='lat' dir='ltr'>conspicit.</span> <span class='ocrx_word' id='word_1_196' title='bbox 754 2077 927 2139; x_wconf 81' lang='lat' dir='ltr'>Unde</span> <span class='ocrx_word' id='word_1_197' title='bbox 973 2078 1339 2159; x_wconf 86' lang='lat' dir='ltr'>proximum</span> <span class='ocrx_word' id='word_1_198' title='bbox 1382 2078 1663 2140; x_wconf 88' lang='lat' dir='ltr'>animam</span> <span class='ocrx_word' id='word_1_199' title='bbox 1706 2077 1871 2139; x_wconf 87' lang='lat' dir='ltr'>affli-</span> 
     </span>
     <span class='ocr_line' id='line_1_29' title="bbox 364 2175 1865 2257; baseline 0.001 -20"><span class='ocrx_word' id='word_1_200' title='bbox 364 2193 547 2256; x_wconf 80' lang='lat' dir='ltr'>genS,</span> <span class='ocrx_word' id='word_1_201' title='bbox 588 2182 687 2238; x_wconf 89' lang='lat' dir='ltr'>est</span> <span class='ocrx_word' id='word_1_202' title='bbox 729 2175 897 2257; x_wconf 88' lang='lat' dir='ltr'>ignis</span> <span class='ocrx_word' id='word_1_203' title='bbox 934 2176 1375 2257; x_wconf 89' lang='lat' dir='ltr'>apprehensus</span> <span class='ocrx_word' id='word_1_204' title='bbox 1422 2184 1491 2238; x_wconf 87' lang='lat' dir='ltr'>ut</span> <span class='ocrx_word' id='word_1_205' title='bbox 1537 2175 1805 2257; x_wconf 88' lang='lat' dir='ltr'>alligans</span> <span class='ocrx_word' id='word_1_206' title='bbox 1852 2193 1865 2238; x_wconf 94' lang='lat'>:</span> 
     </span>
     <span class='ocr_line' id='line_1_30' title="bbox 368 2273 1869 2355; baseline 0 -19"><span class='ocrx_word' id='word_1_207' title='bbox 368 2293 445 2336; x_wconf 86' lang='lat' dir='ltr'>ex</span> <span class='ocrx_word' id='word_1_208' title='bbox 496 2291 626 2355; x_wconf 89' lang='lat' dir='ltr'>qua</span> <span class='ocrx_word' id='word_1_209' title='bbox 664 2273 1029 2354; x_wconf 87' lang='lat' dir='ltr'>alligatione</span> <span class='ocrx_word' id='word_1_210' title='bbox 1080 2274 1436 2336; x_wconf 90' lang='lat' dir='ltr'>retardatur</span> <span class='ocrx_word' id='word_1_211' title='bbox 1482 2275 1713 2338; x_wconf 82' lang='lat' dir='ltr'>animae</span> <span class='ocrx_word' id='word_1_212' title='bbox 1766 2293 1869 2337; x_wconf 92' lang='lat' dir='ltr'>vo-</span> 
     </span>
     <span class='ocr_line' id='line_1_31' title="bbox 369 2371 1869 2454; baseline 0.001 -20"><span class='ocrx_word' id='word_1_213' title='bbox 369 2373 607 2444; x_wconf 80' lang='lat' dir='ltr'>luntaS,</span> <span class='ocrx_word' id='word_1_214' title='bbox 642 2389 721 2434; x_wconf 88' lang='lat' dir='ltr'>ne</span> <span class='ocrx_word' id='word_1_215' title='bbox 752 2371 843 2434; x_wconf 88' lang='lat' dir='ltr'>sic</span> <span class='ocrx_word' id='word_1_216' title='bbox 874 2379 937 2433; x_wconf 91' lang='lat' dir='ltr'>et</span> <span class='ocrx_word' id='word_1_217' title='bbox 969 2371 1059 2433; x_wconf 93' lang='lat' dir='ltr'>ibi</span> <span class='ocrx_word' id='word_1_218' title='bbox 1100 2379 1419 2454; x_wconf 88' lang='lat' dir='ltr'>operetur,</span> <span class='ocrx_word' id='word_1_219' title='bbox 1452 2373 1619 2434; x_wconf 89' lang='lat' dir='ltr'>sicut</span> <span class='ocrx_word' id='word_1_220' title='bbox 1656 2381 1719 2434; x_wconf 87' lang='lat' dir='ltr'>et</span> <span class='ocrx_word' id='word_1_221' title='bbox 1760 2373 1869 2435; x_wconf 89' lang='lat' dir='ltr'>ubi</span> 
     </span>
     <span class='ocr_line' id='line_1_32' title="bbox 370 2470 1871 2552; baseline 0.001 -20"><span class='ocrx_word' id='word_1_222' title='bbox 370 2471 529 2532; x_wconf 83' lang='lat' dir='ltr'>vult.</span> <span class='ocrx_word' id='word_1_223' title='bbox 573 2471 645 2533; x_wconf 91' lang='lat' dir='ltr'>In</span> <span class='ocrx_word' id='word_1_224' title='bbox 684 2471 805 2533; x_wconf 91' lang='lat' dir='ltr'>hoc</span> <span class='ocrx_word' id='word_1_225' title='bbox 846 2470 1146 2552; x_wconf 90' lang='lat' dir='ltr'>equidem</span> <span class='ocrx_word' id='word_1_226' title='bbox 1192 2478 1289 2532; x_wconf 90' lang='lat' dir='ltr'>est</span> <span class='ocrx_word' id='word_1_227' title='bbox 1334 2471 1499 2551; x_wconf 89' lang='lat' dir='ltr'>ignis</span> <span class='ocrx_word' id='word_1_228' title='bbox 1546 2471 1653 2534; x_wconf 91' lang='lat' dir='ltr'>ille</span> <span class='ocrx_word' id='word_1_229' title='bbox 1695 2490 1871 2534; x_wconf 88' lang='lat' dir='ltr'>vera-</span> 
     </span>
     <span class='ocr_line' id='line_1_33' title="bbox 368 2568 1874 2651; baseline 0.002 -21"><span class='ocrx_word' id='word_1_230' title='bbox 368 2570 533 2632; x_wconf 90' lang='lat' dir='ltr'>citer</span> <span class='ocrx_word' id='word_1_231' title='bbox 587 2570 819 2631; x_wconf 79' lang='lat' dir='ltr'>animae</span> <span class='ocrx_word' id='word_1_232' title='bbox 876 2569 1165 2642; x_wconf 82' lang='lat' dir='ltr'>nocivuS‚</span> <span class='ocrx_word' id='word_1_233' title='bbox 1216 2577 1281 2631; x_wconf 87' lang='lat' dir='ltr'>et</span> <span class='ocrx_word' id='word_1_234' title='bbox 1335 2568 1416 2631; x_wconf 88' lang='lat' dir='ltr'>ab</span> <span class='ocrx_word' id='word_1_235' title='bbox 1467 2570 1607 2651; x_wconf 90' lang='lat' dir='ltr'>ipso</span> <span class='ocrx_word' id='word_1_236' title='bbox 1663 2570 1874 2633; x_wconf 88' lang='lat' dir='ltr'>taliter</span> 
     </span>
     <span class='ocr_line' id='line_1_34' title="bbox 368 2667 1872 2750; baseline 0.001 -20"><span class='ocrx_word' id='word_1_237' title='bbox 368 2668 775 2732; x_wconf 88' lang='lat' dir='ltr'>considerato</span> <span class='ocrx_word' id='word_1_238' title='bbox 803 2667 1143 2729; x_wconf 91' lang='lat' dir='ltr'>cruciatur.</span> <span class='ocrx_word' id='word_1_239' title='bbox 1179 2668 1313 2731; x_wconf 91' lang='lat' dir='ltr'>lmo</span> <span class='ocrx_word' id='word_1_240' title='bbox 1346 2687 1533 2750; x_wconf 89' lang='lat' dir='ltr'>poena</span> <span class='ocrx_word' id='word_1_241' title='bbox 1574 2670 1693 2731; x_wconf 90' lang='lat' dir='ltr'>ista</span> <span class='ocrx_word' id='word_1_242' title='bbox 1738 2687 1872 2732; x_wconf 92' lang='lat' dir='ltr'>cor-</span> 
     </span>
     <span class='ocr_line' id='line_1_35' title="bbox 370 2766 1872 2850; baseline 0 -20"><span class='ocrx_word' id='word_1_243' title='bbox 370 2766 613 2850; x_wconf 90' lang='lat' dir='ltr'>poralis</span> <span class='ocrx_word' id='word_1_244' title='bbox 671 2766 908 2828; x_wconf 88' lang='lat' dir='ltr'>dicitur</span> <span class='ocrx_word' id='word_1_245' title='bbox 954 2785 1030 2828; x_wconf 86' lang='lat' dir='ltr'>ex</span> <span class='ocrx_word' id='word_1_246' title='bbox 1079 2774 1259 2848; x_wconf 86' lang='lat' dir='ltr'>parte</span> <span class='ocrx_word' id='word_1_247' title='bbox 1309 2767 1719 2830; x_wconf 89' lang='lat' dir='ltr'>instrumenti</span> <span class='ocrx_word' id='word_1_248' title='bbox 1780 2768 1872 2830; x_wconf 90' lang='lat' dir='ltr'>di-</span> 
     </span>
     <span class='ocr_line' id='line_1_36' title="bbox 370 2863 1873 2948; baseline 0.001 -20"><span class='ocrx_word' id='word_1_249' title='bbox 370 2867 539 2928; x_wconf 81' lang='lat' dir='ltr'>vinae</span> <span class='ocrx_word' id='word_1_250' title='bbox 578 2864 949 2926; x_wconf 91' lang='lat' dir='ltr'>ulciscentis</span> <span class='ocrx_word' id='word_1_251' title='bbox 988 2863 1273 2946; x_wconf 80' lang='lat' dir='ltr'>justitiae,</span> <span class='ocrx_word' id='word_1_252' title='bbox 1307 2866 1475 2947; x_wconf 91' lang='lat' dir='ltr'>quod</span> <span class='ocrx_word' id='word_1_253' title='bbox 1518 2873 1615 2928; x_wconf 88' lang='lat' dir='ltr'>est</span> <span class='ocrx_word' id='word_1_254' title='bbox 1652 2884 1873 2948; x_wconf 90' lang='lat' dir='ltr'>corpo-</span> 
     </span>
     <span class='ocr_line' id='line_1_37' title="bbox 371 2963 1875 3045; baseline 0.002 -19"><span class='ocrx_word' id='word_1_255' title='bbox 371 2965 523 3026; x_wconf 83' lang='lat' dir='ltr'>ralis</span> <span class='ocrx_word' id='word_1_256' title='bbox 572 2963 757 3044; x_wconf 78' lang='lat' dir='ltr'>ignis,</span> <span class='ocrx_word' id='word_1_257' title='bbox 800 2963 977 3026; x_wconf 88' lang='lat' dir='ltr'>Unde</span> <span class='ocrx_word' id='word_1_258' title='bbox 1018 2964 1413 3045; x_wconf 86' lang='lat' dir='ltr'>Augustinus</span> <span class='ocrx_word' id='word_1_259' title='bbox 1460 2965 1523 3026; x_wconf 91' lang='lat' dir='ltr'>in</span> <span class='ocrx_word' id='word_1_260' title='bbox 1570 2966 1875 3029; x_wconf 88' lang='lat' dir='ltr'>vicesimo</span> 
     </span>
    </p>
   </div>
   <div class='ocr_carea' id='block_1_8' title="bbox 1979 1977 3484 3051">
    <p class='ocr_par' dir='ltr' id='par_1_8' title="bbox 1979 1977 3484 3051">
     <span class='ocr_line' id='line_1_38' title="bbox 1982 1977 3476 2064; baseline 0.005 -25"><span class='ocrx_word' id='word_1_261' title='bbox 1982 1977 2187 2040; x_wconf 88' lang='lat' dir='ltr'>ciatur</span> <span class='ocrx_word' id='word_1_262' title='bbox 2242 1981 2598 2043; x_wconf 91' lang='lat' dir='ltr'>secundum</span> <span class='ocrx_word' id='word_1_263' title='bbox 2669 1983 2928 2045; x_wconf 88' lang='lat' dir='ltr'>modum</span> <span class='ocrx_word' id='word_1_264' title='bbox 2987 1983 3476 2064; x_wconf 82' lang='lat' dir='ltr'>praeinductum.</span> 
     </span>
     <span class='ocr_line' id='line_1_39' title="bbox 1979 2077 3481 2164; baseline 0.005 -27"><span class='ocrx_word' id='word_1_265' title='bbox 1979 2112 2060 2122; x_wconf 89' lang='lat'><strong>—</strong></span> <span class='ocrx_word' id='word_1_266' title='bbox 2099 2077 2190 2138; x_wconf 83' lang='lat' dir='ltr'>Ad</span> <span class='ocrx_word' id='word_1_267' title='bbox 2237 2079 2528 2160; x_wconf 90' lang='lat' dir='ltr'>quintam</span> <span class='ocrx_word' id='word_1_268' title='bbox 2573 2080 2830 2154; x_wconf 90' lang='lat' dir='ltr'>dicitur,</span> <span class='ocrx_word' id='word_1_269' title='bbox 2865 2082 3035 2162; x_wconf 90' lang='lat' dir='ltr'>quod</span> <span class='ocrx_word' id='word_1_270' title='bbox 3081 2081 3300 2145; x_wconf 86' lang='lat' dir='ltr'>formae</span> <span class='ocrx_word' id='word_1_271' title='bbox 3340 2102 3481 2164; x_wconf 80' lang='lat' dir='ltr'>quae</span> 
     </span>
     <span class='ocr_line' id='line_1_40' title="bbox 1982 2176 3484 2261; baseline 0.004 -24"><span class='ocrx_word' id='word_1_272' title='bbox 1982 2184 2131 2238; x_wconf 90' lang='lat' dir='ltr'>sunt</span> <span class='ocrx_word' id='word_1_273' title='bbox 2176 2176 2241 2238; x_wconf 91' lang='lat' dir='ltr'>in</span> <span class='ocrx_word' id='word_1_274' title='bbox 2282 2179 2496 2240; x_wconf 86' lang='lat' dir='ltr'>anima</span> <span class='ocrx_word' id='word_1_275' title='bbox 2539 2187 2848 2261; x_wconf 88' lang='lat' dir='ltr'>separata,</span> <span class='ocrx_word' id='word_1_276' title='bbox 2883 2187 3032 2242; x_wconf 91' lang='lat' dir='ltr'>sunt</span> <span class='ocrx_word' id='word_1_277' title='bbox 3075 2181 3142 2242; x_wconf 92' lang='lat' dir='ltr'>in</span> <span class='ocrx_word' id='word_1_278' title='bbox 3188 2199 3264 2243; x_wconf 90' lang='lat' dir='ltr'>ea</span> <span class='ocrx_word' id='word_1_279' title='bbox 3305 2181 3484 2243; x_wconf 88' lang='lat' dir='ltr'>intel-</span> 
     </span>
     <span class='ocr_line' id='line_1_41' title="bbox 1982 2275 3483 2359; baseline 0.004 -23"><span class='ocrx_word' id='word_1_280' title='bbox 1982 2275 2336 2355; x_wconf 86' lang='lat' dir='ltr'>ligibiliter,</span> <span class='ocrx_word' id='word_1_281' title='bbox 2379 2278 2532 2359; x_wconf 85' lang='lat' dir='ltr'>quia</span> <span class='ocrx_word' id='word_1_282' title='bbox 2571 2279 2710 2341; x_wconf 91' lang='lat' dir='ltr'>sine</span> <span class='ocrx_word' id='word_1_283' title='bbox 2753 2279 2857 2341; x_wconf 93' lang='lat' dir='ltr'>hic</span> <span class='ocrx_word' id='word_1_284' title='bbox 2901 2285 2964 2341; x_wconf 88' lang='lat' dir='ltr'>ct</span> <span class='ocrx_word' id='word_1_285' title='bbox 3011 2299 3180 2341; x_wconf 90' lang='lat' dir='ltr'>nunc</span> <span class='ocrx_word' id='word_1_286' title='bbox 3230 2281 3483 2342; x_wconf 85' lang='lat' dir='ltr'>ceteris-</span> 
     </span>
     <span class='ocr_line' id='line_1_42' title="bbox 1984 2376 3481 2459; baseline 0.003 -23"><span class='ocrx_word' id='word_1_287' title='bbox 1984 2393 2109 2456; x_wconf 88' lang='lat' dir='ltr'>que</span> <span class='ocrx_word' id='word_1_288' title='bbox 2150 2376 2432 2439; x_wconf 80' lang='lat' dir='ltr'>materiae</span> <span class='ocrx_word' id='word_1_289' title='bbox 2471 2378 2904 2459; x_wconf 86' lang='lat' dir='ltr'>appendiciis3</span> <span class='ocrx_word' id='word_1_290' title='bbox 2937 2395 3064 2441; x_wconf 90' lang='lat' dir='ltr'>non</span> <span class='ocrx_word' id='word_1_291' title='bbox 3102 2386 3317 2441; x_wconf 89' lang='lat' dir='ltr'>tamen</span> <span class='ocrx_word' id='word_1_292' title='bbox 3348 2379 3481 2441; x_wconf 87' lang='lat' dir='ltr'>ani-</span> 
     </span>
     <span class='ocr_line' id='line_1_43' title="bbox 1984 2473 3481 2560; baseline 0.005 -26"><span class='ocrx_word' id='word_1_293' title='bbox 1984 2492 2153 2535; x_wconf 90' lang='lat' dir='ltr'>mam</span> <span class='ocrx_word' id='word_1_294' title='bbox 2216 2473 2584 2556; x_wconf 87' lang='lat' dir='ltr'>perficiunt,</span> <span class='ocrx_word' id='word_1_295' title='bbox 2637 2477 2878 2540; x_wconf 88' lang='lat' dir='ltr'>ratione</span> <span class='ocrx_word' id='word_1_296' title='bbox 2928 2477 3262 2557; x_wconf 88' lang='lat' dir='ltr'>cujusdam</span> <span class='ocrx_word' id='word_1_297' title='bbox 3312 2479 3481 2560; x_wconf 91' lang='lat' dir='ltr'>quod</span> 
     </span>
     <span class='ocr_line' id='line_1_44' title="bbox 1986 2573 3482 2657; baseline 0.003 -23"><span class='ocrx_word' id='word_1_298' title='bbox 1986 2591 2100 2654; x_wconf 91' lang='lat' dir='ltr'>per</span> <span class='ocrx_word' id='word_1_299' title='bbox 2125 2573 2424 2635; x_wconf 85' lang='lat' dir='ltr'>accidens</span> <span class='ocrx_word' id='word_1_300' title='bbox 2454 2573 2604 2636; x_wconf 91' lang='lat' dir='ltr'>huic</span> <span class='ocrx_word' id='word_1_301' title='bbox 2635 2575 2955 2657; x_wconf 88' lang='lat' dir='ltr'>spirituali</span> <span class='ocrx_word' id='word_1_302' title='bbox 2997 2574 3350 2638; x_wconf 86' lang='lat' dir='ltr'>formarum</span> <span class='ocrx_word' id='word_1_303' title='bbox 3391 2577 3482 2638; x_wconf 90' lang='lat' dir='ltr'>in-</span> 
     </span>
     <span class='ocr_line' id='line_1_45' title="bbox 1984 2671 3483 2756; baseline 0.002 -22"><span class='ocrx_word' id='word_1_304' title='bbox 1984 2671 2372 2734; x_wconf 79' lang='lat' dir='ltr'>exsistentiae</span> <span class='ocrx_word' id='word_1_305' title='bbox 2421 2672 2839 2753; x_wconf 87' lang='lat' dir='ltr'>conjunctum</span> <span class='ocrx_word' id='word_1_306' title='bbox 2888 2681 3006 2748; x_wconf 91' lang='lat' dir='ltr'>est,</span> <span class='ocrx_word' id='word_1_307' title='bbox 3045 2676 3211 2756; x_wconf 83' lang='lat' dir='ltr'>quia</span> <span class='ocrx_word' id='word_1_308' title='bbox 3262 2674 3483 2738; x_wconf 91' lang='lat' dir='ltr'>videli-</span> 
     </span>
     <span class='ocr_line' id='line_1_46' title="bbox 1985 2767 3482 2854; baseline 0.005 -26"><span class='ocrx_word' id='word_1_309' title='bbox 1985 2775 2085 2828; x_wconf 86' lang='lat' dir='ltr'>cet</span> <span class='ocrx_word' id='word_1_310' title='bbox 2137 2776 2288 2830; x_wconf 91' lang='lat' dir='ltr'>sunt</span> <span class='ocrx_word' id='word_1_311' title='bbox 2325 2767 2546 2832; x_wconf 83' lang='lat' dir='ltr'>formae</span> <span class='ocrx_word' id='word_1_312' title='bbox 2599 2771 3027 2852; x_wconf 89' lang='lat' dir='ltr'>corporalium</span> <span class='ocrx_word' id='word_1_313' title='bbox 3071 2790 3285 2834; x_wconf 89' lang='lat' dir='ltr'>rerum</span> <span class='ocrx_word' id='word_1_314' title='bbox 3340 2791 3482 2854; x_wconf 81' lang='lat' dir='ltr'>quae</span> 
     </span>
     <span class='ocr_line' id='line_1_47' title="bbox 1982 2867 3480 2948; baseline 0.004 -20"><span class='ocrx_word' id='word_1_315' title='bbox 1982 2867 2264 2928; x_wconf 88' lang='lat' dir='ltr'>animam</span> <span class='ocrx_word' id='word_1_316' title='bbox 2310 2867 2628 2948; x_wconf 86' lang='lat' dir='ltr'>alligatam</span> <span class='ocrx_word' id='word_1_317' title='bbox 2681 2869 2970 2932; x_wconf 89' lang='lat' dir='ltr'>detinent</span> <span class='ocrx_word' id='word_1_318' title='bbox 3018 2888 3030 2932; x_wconf 92' lang='lat'>:</span> <span class='ocrx_word' id='word_1_319' title='bbox 3077 2871 3246 2933; x_wconf 87' lang='lat' dir='ltr'>sicut</span> <span class='ocrx_word' id='word_1_320' title='bbox 3287 2871 3480 2934; x_wconf 88' lang='lat' dir='ltr'>etiam</span> 
     </span>
     <span class='ocr_line' id='line_1_48' title="bbox 1985 2965 3482 3051; baseline 0.005 -25"><span class='ocrx_word' id='word_1_321' title='bbox 1985 2965 2271 3027; x_wconf 89' lang='lat' dir='ltr'>vicissim</span> <span class='ocrx_word' id='word_1_322' title='bbox 2341 2985 2455 3047; x_wconf 91' lang='lat' dir='ltr'>per</span> <span class='ocrx_word' id='word_1_323' title='bbox 2523 2967 2834 3046; x_wconf 85' lang='lat' dir='ltr'>magicam</span> <span class='ocrx_word' id='word_1_324' title='bbox 2900 2976 3101 3031; x_wconf 88' lang='lat' dir='ltr'>artem</span> <span class='ocrx_word' id='word_1_325' title='bbox 3169 2971 3482 3051; x_wconf 86' lang='lat' dir='ltr'>contingit</span> 
     </span>
    </p>
   </div>
   <div class='ocr_carea' id='block_1_9' title="bbox 374 3061 3485 3147">
    <p class='ocr_par' dir='ltr' id='par_1_9' title="bbox 374 3061 3485 3147">
     <span class='ocr_line' id='line_1_49' title="bbox 374 3061 3485 3147; baseline 0.002 -23"><span class='ocrx_word' id='word_1_326' title='bbox 374 3064 587 3145; x_wconf 83' lang='lat' dir='ltr'>primo</span> <span class='ocrx_word' id='word_1_327' title='bbox 636 3063 715 3125; x_wconf 83' lang='lat' dir='ltr'>de</span> <span class='ocrx_word' id='word_1_328' title='bbox 762 3061 1028 3126; x_wconf 86' lang='lat' dir='ltr'>Civitate</span> <span class='ocrx_word' id='word_1_329' title='bbox 1075 3063 1187 3124; x_wconf 91' lang='lat' dir='ltr'>Dei</span> <span class='ocrx_word' id='word_1_330' title='bbox 1234 3063 1343 3136; x_wconf 90' lang='lat' dir='ltr'>ait,</span> <span class='ocrx_word' id='word_1_331' title='bbox 1387 3063 1557 3145; x_wconf 92' lang='lat' dir='ltr'>quod</span> <span class='ocrx_word' id='word_1_332' title='bbox 1599 3064 1765 3126; x_wconf 88' lang='lat' dir='ltr'>sicut</span> <span class='ocrx_word' id='word_1_333' title='bbox 1807 3065 1871 3126; x_wconf 90' lang='lat' dir='ltr'>in</span> <span class='ocrx_word' id='word_1_334' title='bbox 1910 3065 1953 3127; x_wconf 90' lang='lat' dir='ltr'>C</span> <span class='ocrx_word' id='word_1_335' title='bbox 1986 3063 2248 3145; x_wconf 88' lang='lat' dir='ltr'>spiritus</span> <span class='ocrx_word' id='word_1_336' title='bbox 2307 3064 2696 3145; x_wconf 87' lang='lat' dir='ltr'>imaginibus</span> <span class='ocrx_word' id='word_1_337' title='bbox 2744 3065 3010 3147; x_wconf 89' lang='lat' dir='ltr'>alligari.</span> <span class='ocrx_word' id='word_1_338' title='bbox 3060 3103 3142 3112; x_wconf 93' lang='lat'>—-</span> <span class='ocrx_word' id='word_1_339' title='bbox 3198 3069 3290 3130; x_wconf 87' lang='lat' dir='ltr'>Ad</span> <span class='ocrx_word' id='word_1_340' title='bbox 3350 3087 3485 3131; x_wconf 85' lang='lat' dir='ltr'>sex-</span> 
     </span>
    </p>
   </div>
   <div class='ocr_carea' id='block_1_10' title="bbox 369 3159 1877 3737">
    <p class='ocr_par' dir='ltr' id='par_1_10' title="bbox 369 3159 1877 3737">
     <span class='ocr_line' id='line_1_50' title="bbox 370 3159 1869 3246; baseline 0.001 -24"><span class='ocrx_word' id='word_1_341' title='bbox 370 3161 657 3224; x_wconf 89' lang='lat' dir='ltr'>hominis</span> <span class='ocrx_word' id='word_1_342' title='bbox 696 3159 1061 3222; x_wconf 90' lang='lat' dir='ltr'>conditione</span> <span class='ocrx_word' id='word_1_343' title='bbox 1102 3162 1322 3222; x_wconf 89' lang='lat' dir='ltr'>unitur</span> <span class='ocrx_word' id='word_1_344' title='bbox 1364 3161 1577 3223; x_wconf 87' lang='lat' dir='ltr'>anima</span> <span class='ocrx_word' id='word_1_345' title='bbox 1620 3163 1869 3246; x_wconf 88' lang='lat' dir='ltr'>corpori</span> 
     </span>
     <span class='ocr_line' id='line_1_51' title="bbox 370 3257 1876 3342; baseline 0 -20"><span class='ocrx_word' id='word_1_346' title='bbox 370 3260 587 3342; x_wconf 90' lang='lat' dir='ltr'>ipsum</span> <span class='ocrx_word' id='word_1_347' title='bbox 639 3257 979 3322; x_wconf 89' lang='lat' dir='ltr'>vivificans</span> <span class='ocrx_word' id='word_1_348' title='bbox 1022 3259 1347 3341; x_wconf 87' lang='lat' dir='ltr'>(quamvis</span> <span class='ocrx_word' id='word_1_349' title='bbox 1396 3260 1477 3322; x_wconf 92' lang='lat' dir='ltr'>sit</span> <span class='ocrx_word' id='word_1_350' title='bbox 1522 3261 1691 3323; x_wconf 90' lang='lat' dir='ltr'>istud</span> <span class='ocrx_word' id='word_1_351' title='bbox 1744 3279 1876 3324; x_wconf 86' lang='lat' dir='ltr'>cor-</span> 
     </span>
     <span class='ocr_line' id='line_1_52' title="bbox 369 3357 1875 3442; baseline 0 -20"><span class='ocrx_word' id='word_1_352' title='bbox 369 3376 667 3440; x_wconf 88' lang='lat' dir='ltr'>poreum,</span> <span class='ocrx_word' id='word_1_353' title='bbox 700 3357 859 3418; x_wconf 90' lang='lat' dir='ltr'>illud</span> <span class='ocrx_word' id='word_1_354' title='bbox 901 3364 1116 3419; x_wconf 89' lang='lat' dir='ltr'>autem</span> <span class='ocrx_word' id='word_1_355' title='bbox 1148 3357 1649 3441; x_wconf 87' lang='lat' dir='ltr'>incorporeum),</span> <span class='ocrx_word' id='word_1_356' title='bbox 1684 3368 1875 3442; x_wconf 87' lang='lat' dir='ltr'>atque</span> 
     </span>
     <span class='ocr_line' id='line_1_53' title="bbox 371 3456 1875 3537; baseline 0.001 -18"><span class='ocrx_word' id='word_1_357' title='bbox 371 3477 450 3520; x_wconf 85' lang='lat' dir='ltr'>ex</span> <span class='ocrx_word' id='word_1_358' title='bbox 482 3456 939 3537; x_wconf 75' lang='lat' dir='ltr'>conjunctione</span> <span class='ocrx_word' id='word_1_359' title='bbox 971 3457 1085 3518; x_wconf 89' lang='lat' dir='ltr'>hac</span> <span class='ocrx_word' id='word_1_360' title='bbox 1114 3475 1399 3519; x_wconf 91' lang='lat' dir='ltr'>amorem</span> <span class='ocrx_word' id='word_1_361' title='bbox 1430 3457 1875 3520; x_wconf 88' lang='lat' dir='ltr'>vehementem</span> 
     </span>
     <span class='ocr_line' id='line_1_54' title="bbox 372 3555 1876 3639; baseline 0.001 -21"><span class='ocrx_word' id='word_1_362' title='bbox 372 3555 661 3637; x_wconf 89' lang='lat' dir='ltr'>concipit</span> <span class='ocrx_word' id='word_1_363' title='bbox 688 3555 905 3617; x_wconf 88' lang='lat' dir='ltr'>anima</span> <span class='ocrx_word' id='word_1_364' title='bbox 934 3555 1011 3616; x_wconf 89' lang='lat' dir='ltr'>ad</span> <span class='ocrx_word' id='word_1_365' title='bbox 1044 3573 1308 3636; x_wconf 82' lang='lat' dir='ltr'>corpus3</span> <span class='ocrx_word' id='word_1_366' title='bbox 1341 3556 1433 3617; x_wconf 88' lang='lat' dir='ltr'>sic</span> <span class='ocrx_word' id='word_1_367' title='bbox 1475 3556 1705 3638; x_wconf 87' lang='lat' dir='ltr'>ligatur</span> <span class='ocrx_word' id='word_1_368' title='bbox 1743 3557 1876 3639; x_wconf 87' lang='lat' dir='ltr'>igni</span> 
     </span>
     <span class='ocr_line' id='line_1_55' title="bbox 373 3653 1877 3737; baseline 0.001 -20"><span class='ocrx_word' id='word_1_369' title='bbox 373 3663 445 3717; x_wconf 90' lang='lat' dir='ltr'>ut</span> <span class='ocrx_word' id='word_1_370' title='bbox 492 3672 751 3737; x_wconf 85' lang='lat' dir='ltr'>poenam</span> <span class='ocrx_word' id='word_1_371' title='bbox 797 3653 879 3716; x_wconf 90' lang='lat' dir='ltr'>ab</span> <span class='ocrx_word' id='word_1_372' title='bbox 938 3654 1079 3735; x_wconf 89' lang='lat' dir='ltr'>ipso</span> <span class='ocrx_word' id='word_1_373' title='bbox 1135 3653 1481 3736; x_wconf 82' lang='lat' dir='ltr'>accipienS,</span> <span class='ocrx_word' id='word_1_374' title='bbox 1521 3663 1585 3717; x_wconf 87' lang='lat' dir='ltr'>et</span> <span class='ocrx_word' id='word_1_375' title='bbox 1630 3675 1707 3718; x_wconf 83' lang='lat' dir='ltr'>ex</span> <span class='ocrx_word' id='word_1_376' title='bbox 1756 3657 1877 3720; x_wconf 89' lang='lat' dir='ltr'>hoc</span> 
     </span>
    </p>
   </div>
   <div class='ocr_carea' id='block_1_11' title="bbox 371 3753 1878 3914">
    <p class='ocr_par' dir='ltr' id='par_1_11' title="bbox 371 3753 1878 3914">
     <span class='ocr_line' id='line_1_56' title="bbox 372 3753 1877 3835; baseline 0.001 -19"><span class='ocrx_word' id='word_1_377' title='bbox 372 3754 519 3835; x_wconf 90' lang='lat' dir='ltr'>ipso</span> <span class='ocrx_word' id='word_1_378' title='bbox 570 3753 853 3834; x_wconf 87' lang='lat' dir='ltr'>concipit</span> <span class='ocrx_word' id='word_1_379' title='bbox 904 3753 1257 3815; x_wconf 87' lang='lat' dir='ltr'>horrorem.</span> <span class='ocrx_word' id='word_1_380' title='bbox 1304 3753 1475 3815; x_wconf 86' lang='lat' dir='ltr'>Hanc</span> <span class='ocrx_word' id='word_1_381' title='bbox 1529 3753 1723 3835; x_wconf 91' lang='lat' dir='ltr'>igitur</span> <span class='ocrx_word' id='word_1_382' title='bbox 1772 3755 1877 3818; x_wconf 88' lang='lat' dir='ltr'>de-</span> 
     </span>
     <span class='ocr_line' id='line_1_57' title="bbox 371 3847 1878 3914; baseline 0.001 -4"><span class='ocrx_word' id='word_1_383' title='bbox 371 3848 892 3912; x_wconf 83' lang='lat' dir='ltr'>terminationem</span> <span class='ocrx_word' id='word_1_384' title='bbox 934 3847 1093 3910; x_wconf 90' lang='lat' dir='ltr'>dicit</span> <span class='ocrx_word' id='word_1_385' title='bbox 1122 3848 1392 3911; x_wconf 88' lang='lat' dir='ltr'>Thomas</span> <span class='ocrx_word' id='word_1_386' title='bbox 1423 3867 1561 3912; x_wconf 88' lang='lat' dir='ltr'>esse</span> <span class='ocrx_word' id='word_1_387' title='bbox 1591 3851 1671 3912; x_wconf 90' lang='lat' dir='ltr'>de</span> <span class='ocrx_word' id='word_1_388' title='bbox 1704 3871 1878 3914; x_wconf 88' lang='lat' dir='ltr'>men-</span> 
     </span>
    </p>
   </div>
   <div class='ocr_carea' id='block_1_12' title="bbox 372 3947 1880 4227">
    <p class='ocr_par' dir='ltr' id='par_1_12' title="bbox 372 3947 1880 4227">
     <span class='ocr_line' id='line_1_58' title="bbox 373 3947 1880 4029; baseline 0.001 -19"><span class='ocrx_word' id='word_1_389' title='bbox 373 3955 437 4010; x_wconf 91' lang='lat' dir='ltr'>te</span> <span class='ocrx_word' id='word_1_390' title='bbox 480 3947 765 4027; x_wconf 86' lang='lat' dir='ltr'>Gregorii</span> <span class='ocrx_word' id='word_1_391' title='bbox 814 3963 827 4008; x_wconf 87' lang='lat'><strong>:</strong></span> <span class='ocrx_word' id='word_1_392' title='bbox 873 3947 1417 4028; x_wconf 87' lang='lat' dir='ltr'>quemadmodum</span> <span class='ocrx_word' id='word_1_393' title='bbox 1460 3967 1537 4010; x_wconf 86' lang='lat' dir='ltr'>ex</span> <span class='ocrx_word' id='word_1_394' title='bbox 1582 3949 1723 4029; x_wconf 87' lang='lat' dir='ltr'>ejus</span> <span class='ocrx_word' id='word_1_395' title='bbox 1772 3969 1880 4011; x_wconf 88' lang='lat' dir='ltr'>au-</span> 
     </span>
     <span class='ocr_line' id='line_1_59' title="bbox 372 4044 1877 4119; baseline 0.001 -11"><span class='ocrx_word' id='word_1_396' title='bbox 372 4044 779 4108; x_wconf 88' lang='lat' dir='ltr'>ctoritatibus</span> <span class='ocrx_word' id='word_1_397' title='bbox 838 4064 1011 4106; x_wconf 90' lang='lat' dir='ltr'>nunc</span> <span class='ocrx_word' id='word_1_398' title='bbox 1084 4045 1383 4119; x_wconf 79' lang='lat' dir='ltr'>inductiS‚</span> <span class='ocrx_word' id='word_1_399' title='bbox 1436 4047 1630 4108; x_wconf 91' lang='lat' dir='ltr'>simul</span> <span class='ocrx_word' id='word_1_400' title='bbox 1689 4048 1877 4110; x_wconf 86' lang='lat' dir='ltr'>colle-</span> 
     </span>
     <span class='ocr_line' id='line_1_60' title="bbox 375 4143 1873 4227; baseline 0.001 -20"><span class='ocrx_word' id='word_1_401' title='bbox 375 4144 500 4207; x_wconf 90' lang='lat' dir='ltr'>ctis</span> <span class='ocrx_word' id='word_1_402' title='bbox 552 4151 613 4205; x_wconf 88' lang='lat' dir='ltr'>et</span> <span class='ocrx_word' id='word_1_403' title='bbox 676 4143 1119 4215; x_wconf 86' lang='lat' dir='ltr'>cointellectis,</span> <span class='ocrx_word' id='word_1_404' title='bbox 1178 4144 1335 4205; x_wconf 89' lang='lat' dir='ltr'>dicit</span> <span class='ocrx_word' id='word_1_405' title='bbox 1391 4162 1577 4227; x_wconf 90' lang='lat' dir='ltr'>posse</span> <span class='ocrx_word' id='word_1_406' title='bbox 1637 4154 1873 4227; x_wconf 88' lang='lat' dir='ltr'>patere.</span> 
     </span>
    </p>
   </div>
   <div class='ocr_carea' id='block_1_13' title="bbox 1985 3164 3494 4232">
    <p class='ocr_par' dir='ltr' id='par_1_13' title="bbox 1985 3164 3494 4232">
     <span class='ocr_line' id='line_1_61' title="bbox 1986 3164 3484 3249; baseline 0.005 -26"><span class='ocrx_word' id='word_1_407' title='bbox 1986 3170 2114 3224; x_wconf 89' lang='lat' dir='ltr'>tam</span> <span class='ocrx_word' id='word_1_408' title='bbox 2167 3164 2606 3244; x_wconf 88' lang='lat' dir='ltr'>respondetur,</span> <span class='ocrx_word' id='word_1_409' title='bbox 2658 3165 2830 3246; x_wconf 89' lang='lat' dir='ltr'>quod</span> <span class='ocrx_word' id='word_1_410' title='bbox 2877 3165 3284 3230; x_wconf 86' lang='lat' dir='ltr'>delectationi</span> <span class='ocrx_word' id='word_1_411' title='bbox 3343 3187 3484 3249; x_wconf 86' lang='lat' dir='ltr'>quae</span> 
     </span>
     <span class='ocr_line' id='line_1_62' title="bbox 1985 3261 3483 3348; baseline 0.004 -25"><span class='ocrx_word' id='word_1_412' title='bbox 1985 3267 2083 3323; x_wconf 86' lang='lat' dir='ltr'>est</span> <span class='ocrx_word' id='word_1_413' title='bbox 2130 3261 2196 3322; x_wconf 91' lang='lat' dir='ltr'>in</span> <span class='ocrx_word' id='word_1_414' title='bbox 2248 3268 2391 3323; x_wconf 89' lang='lat' dir='ltr'>actu</span> <span class='ocrx_word' id='word_1_415' title='bbox 2443 3262 2993 3340; x_wconf 77' lang='lat' dir='ltr'>considerationiS,</span> <span class='ocrx_word' id='word_1_416' title='bbox 3046 3283 3172 3328; x_wconf 89' lang='lat' dir='ltr'>non</span> <span class='ocrx_word' id='word_1_417' title='bbox 3225 3285 3338 3348; x_wconf 90' lang='lat' dir='ltr'>per</span> <span class='ocrx_word' id='word_1_418' title='bbox 3393 3285 3483 3340; x_wconf 89' lang='lat' dir='ltr'>se,</span> 
     </span>
     <span class='ocr_line' id='line_1_63' title="bbox 1986 3359 3488 3447; baseline 0.005 -27"><span class='ocrx_word' id='word_1_419' title='bbox 1986 3359 2097 3421; x_wconf 90' lang='lat' dir='ltr'>sed</span> <span class='ocrx_word' id='word_1_420' title='bbox 2141 3378 2258 3441; x_wconf 90' lang='lat' dir='ltr'>per</span> <span class='ocrx_word' id='word_1_421' title='bbox 2303 3360 2600 3424; x_wconf 89' lang='lat' dir='ltr'>accidens</span> <span class='ocrx_word' id='word_1_422' title='bbox 2648 3362 2906 3425; x_wconf 88' lang='lat' dir='ltr'>tristitia</span> <span class='ocrx_word' id='word_1_423' title='bbox 2956 3364 3246 3445; x_wconf 82' lang='lat' dir='ltr'>quaedam</span> <span class='ocrx_word' id='word_1_424' title='bbox 3295 3383 3488 3447; x_wconf 88' lang='lat' dir='ltr'>oppo-</span> 
     </span>
     <span class='ocr_line' id='line_1_64' title="bbox 1988 3457 3487 3544; baseline 0.005 -25"><span class='ocrx_word' id='word_1_425' title='bbox 1988 3459 2182 3519; x_wconf 91' lang='lat' dir='ltr'>nitur.</span> <span class='ocrx_word' id='word_1_426' title='bbox 2235 3457 2574 3540; x_wconf 85' lang='lat' dir='ltr'>Gregorius</span> <span class='ocrx_word' id='word_1_427' title='bbox 2624 3461 2901 3542; x_wconf 88' lang='lat' dir='ltr'>denique</span> <span class='ocrx_word' id='word_1_428' title='bbox 2953 3461 3018 3523; x_wconf 89' lang='lat' dir='ltr'>in</span> <span class='ocrx_word' id='word_1_429' title='bbox 3067 3461 3282 3525; x_wconf 85' lang='lat' dir='ltr'>verbis</span> <span class='ocrx_word' id='word_1_430' title='bbox 3331 3481 3487 3544; x_wconf 85' lang='lat' dir='ltr'>prae·</span> 
     </span>
     <span class='ocr_line' id='line_1_65' title="bbox 1987 3556 3486 3637; baseline 0.005 -20"><span class='ocrx_word' id='word_1_431' title='bbox 1987 3556 2298 3637; x_wconf 82' lang='lat' dir='ltr'>allegatiS,</span> <span class='ocrx_word' id='word_1_432' title='bbox 2333 3557 2397 3620; x_wconf 88' lang='lat' dir='ltr'>in</span> <span class='ocrx_word' id='word_1_433' title='bbox 2440 3559 2682 3621; x_wconf 89' lang='lat' dir='ltr'>ratione</span> <span class='ocrx_word' id='word_1_434' title='bbox 2722 3559 2838 3620; x_wconf 90' lang='lat' dir='ltr'>hac</span> <span class='ocrx_word' id='word_1_435' title='bbox 2878 3577 3006 3622; x_wconf 87' lang='lat' dir='ltr'>non</span> <span class='ocrx_word' id='word_1_436' title='bbox 3045 3560 3330 3622; x_wconf 87' lang='lat' dir='ltr'>excludit</span> <span class='ocrx_word' id='word_1_437' title='bbox 3366 3562 3486 3624; x_wconf 91' lang='lat' dir='ltr'>hoc</span> 
     </span>
     <span class='ocr_line' id='line_1_66' title="bbox 1987 3656 3492 3738; baseline 0.003 -20"><span class='ocrx_word' id='word_1_438' title='bbox 1987 3657 2156 3738; x_wconf 87' lang='lat' dir='ltr'>quod</span> <span class='ocrx_word' id='word_1_439' title='bbox 2189 3657 2502 3719; x_wconf 88' lang='lat' dir='ltr'>visionem</span> <span class='ocrx_word' id='word_1_440' title='bbox 2545 3656 2710 3736; x_wconf 89' lang='lat' dir='ltr'>ignis</span> <span class='ocrx_word' id='word_1_441' title='bbox 2749 3656 2828 3719; x_wconf 90' lang='lat' dir='ltr'>ab</span> <span class='ocrx_word' id='word_1_442' title='bbox 2867 3658 3082 3720; x_wconf 86' lang='lat' dir='ltr'>anima</span> <span class='ocrx_word' id='word_1_443' title='bbox 3119 3659 3492 3723; x_wconf 88' lang='lat' dir='ltr'>circumstat</span> 
     </span>
     <span class='ocr_line' id='line_1_67' title="bbox 1989 3755 3488 3840; baseline 0.005 -25"><span class='ocrx_word' id='word_1_444' title='bbox 1989 3762 2050 3816; x_wconf 92' lang='lat' dir='ltr'>et</span> <span class='ocrx_word' id='word_1_445' title='bbox 2087 3755 2451 3837; x_wconf 85' lang='lat' dir='ltr'>assequitur</span> <span class='ocrx_word' id='word_1_446' title='bbox 2483 3771 2497 3815; x_wconf 91' lang='lat'>:</span> <span class='ocrx_word' id='word_1_447' title='bbox 2533 3755 2774 3817; x_wconf 89' lang='lat' dir='ltr'>ratione</span> <span class='ocrx_word' id='word_1_448' title='bbox 2814 3757 3000 3837; x_wconf 90' lang='lat' dir='ltr'>cujus</span> <span class='ocrx_word' id='word_1_449' title='bbox 3041 3756 3327 3819; x_wconf 83' lang='lat' dir='ltr'>efficitur</span> <span class='ocrx_word' id='word_1_450' title='bbox 3358 3777 3488 3840; x_wconf 88' lang='lat' dir='ltr'>poe-</span> 
     </span>
     <span class='ocr_line' id='line_1_68' title="bbox 1990 3850 3489 3934; baseline 0.004 -22"><span class='ocrx_word' id='word_1_451' title='bbox 1990 3850 2176 3924; x_wconf 80' lang='lat' dir='ltr'>naliS‚</span> <span class='ocrx_word' id='word_1_452' title='bbox 2229 3851 2394 3913; x_wconf 90' lang='lat' dir='ltr'>sicut</span> <span class='ocrx_word' id='word_1_453' title='bbox 2447 3852 2579 3931; x_wconf 86' lang='lat' dir='ltr'>jam</span> <span class='ocrx_word' id='word_1_454' title='bbox 2639 3852 3048 3934; x_wconf 87' lang='lat' dir='ltr'>explanatum</span> <span class='ocrx_word' id='word_1_455' title='bbox 3101 3863 3216 3917; x_wconf 92' lang='lat' dir='ltr'>est.</span> <span class='ocrx_word' id='word_1_456' title='bbox 3269 3890 3348 3900; x_wconf 93' lang='lat'><strong>—</strong></span> <span class='ocrx_word' id='word_1_457' title='bbox 3395 3856 3489 3918; x_wconf 81' lang='lat' dir='ltr'>Ad</span> 
     </span>
     <span class='ocr_line' id='line_1_69' title="bbox 1992 3949 3491 4034; baseline 0.003 -23"><span class='ocrx_word' id='word_1_458' title='bbox 1992 3950 2285 4012; x_wconf 89' lang='lat' dir='ltr'>ultimam</span> <span class='ocrx_word' id='word_1_459' title='bbox 2317 3949 2684 4024; x_wconf 89' lang='lat' dir='ltr'>dicendum,</span> <span class='ocrx_word' id='word_1_460' title='bbox 2717 3952 2887 4032; x_wconf 91' lang='lat' dir='ltr'>quod</span> <span class='ocrx_word' id='word_1_461' title='bbox 2920 3952 3072 4032; x_wconf 88' lang='lat' dir='ltr'>quia</span> <span class='ocrx_word' id='word_1_462' title='bbox 3103 3952 3316 4034; x_wconf 90' lang='lat' dir='ltr'>ignem</span> <span class='ocrx_word' id='word_1_463' title='bbox 3349 3972 3491 4016; x_wconf 91' lang='lat' dir='ltr'>con-</span> 
     </span>
     <span class='ocr_line' id='line_1_70' title="bbox 1989 4047 3494 4131; baseline 0.004 -23"><span class='ocrx_word' id='word_1_464' title='bbox 1989 4047 2267 4109; x_wconf 89' lang='lat' dir='ltr'>siderare</span> <span class='ocrx_word' id='word_1_465' title='bbox 2321 4055 2389 4108; x_wconf 90' lang='lat' dir='ltr'>ut</span> <span class='ocrx_word' id='word_1_466' title='bbox 2444 4047 2770 4123; x_wconf 91' lang='lat' dir='ltr'>nocivum,</span> <span class='ocrx_word' id='word_1_467' title='bbox 2821 4057 2918 4111; x_wconf 92' lang='lat' dir='ltr'>est</span> <span class='ocrx_word' id='word_1_468' title='bbox 2975 4050 3232 4131; x_wconf 90' lang='lat' dir='ltr'>spiritui</span> <span class='ocrx_word' id='word_1_469' title='bbox 3283 4052 3348 4114; x_wconf 92' lang='lat' dir='ltr'>in</span> <span class='ocrx_word' id='word_1_470' title='bbox 3402 4052 3494 4115; x_wconf 84' lang='lat' dir='ltr'>af-</span> 
     </span>
     <span class='ocr_line' id='line_1_71' title="bbox 1991 4145 3494 4232; baseline 0.005 -26"><span class='ocrx_word' id='word_1_471' title='bbox 1991 4145 2368 4220; x_wconf 81' lang='lat' dir='ltr'>flictionem,</span> <span class='ocrx_word' id='word_1_472' title='bbox 2403 4147 2454 4208; x_wconf 91' lang='lat' dir='ltr'>si</span> <span class='ocrx_word' id='word_1_473' title='bbox 2487 4147 2679 4208; x_wconf 88' lang='lat' dir='ltr'>etiam</span> <span class='ocrx_word' id='word_1_474' title='bbox 2710 4147 3054 4228; x_wconf 87' lang='lat' dir='ltr'>aliquando</span> <span class='ocrx_word' id='word_1_475' title='bbox 3095 4168 3209 4230; x_wconf 90' lang='lat' dir='ltr'>per</span> <span class='ocrx_word' id='word_1_476' title='bbox 3239 4150 3494 4232; x_wconf 89' lang='lat' dir='ltr'>dispen-</span> 
     </span>
    </p>
   </div>
   <div class='ocr_carea' id='block_1_14' title="bbox 374 4241 3490 4325">
    <p class='ocr_par' dir='ltr' id='par_1_14' title="bbox 374 4241 3490 4325">
     <span class='ocr_line' id='line_1_72' title="bbox 374 4241 3490 4325; baseline 0.002 -20"><span class='ocrx_word' id='word_1_477' title='bbox 374 4243 639 4314; x_wconf 74' lang='lat' dir='ltr'>Rerum,</span> <span class='ocrx_word' id='word_1_478' title='bbox 686 4259 887 4322; x_wconf 89' lang='lat' dir='ltr'>quum</span> <span class='ocrx_word' id='word_1_479' title='bbox 939 4241 1005 4302; x_wconf 92' lang='lat' dir='ltr'>in</span> <span class='ocrx_word' id='word_1_480' title='bbox 1062 4249 1325 4323; x_wconf 87' lang='lat' dir='ltr'>peccato</span> <span class='ocrx_word' id='word_1_481' title='bbox 1386 4244 1469 4304; x_wconf 91' lang='lat' dir='ltr'>sit</span> <span class='ocrx_word' id='word_1_482' title='bbox 1525 4244 1775 4306; x_wconf 89' lang='lat' dir='ltr'>aversio</span> <span class='ocrx_word' id='word_1_483' title='bbox 1844 4263 1879 4306; x_wconf 91' lang='lat' dir='ltr'>a</span> <span class='ocrx_word' id='word_1_484' title='bbox 1910 4247 1958 4310; x_wconf 88' lang='lat' dir='ltr'>D</span> <span class='ocrx_word' id='word_1_485' title='bbox 1991 4244 2302 4306; x_wconf 86' lang='lat' dir='ltr'>sationem</span> <span class='ocrx_word' id='word_1_486' title='bbox 2333 4245 2615 4306; x_wconf 87' lang='lat' dir='ltr'>divinam</span> <span class='ocrx_word' id='word_1_487' title='bbox 2636 4245 2942 4325; x_wconf 82' lang='lat' dir='ltr'>gehennae</span> <span class='ocrx_word' id='word_1_488' title='bbox 2975 4245 3186 4308; x_wconf 91' lang='lat' dir='ltr'>locum</span> <span class='ocrx_word' id='word_1_489' title='bbox 3219 4248 3490 4324; x_wconf 91' lang='lat' dir='ltr'>deserat,</span> 
     </span>
    </p>
   </div>
   <div class='ocr_carea' id='block_1_15' title="bbox 370 4339 1883 5407">
    <p class='ocr_par' dir='ltr' id='par_1_15' title="bbox 370 4339 1881 4914">
     <span class='ocr_line' id='line_1_73' title="bbox 372 4339 1879 4422; baseline 0.002 -19"><span class='ocrx_word' id='word_1_490' title='bbox 372 4358 635 4404; x_wconf 88' lang='lat' dir='ltr'>summo</span> <span class='ocrx_word' id='word_1_491' title='bbox 672 4347 735 4402; x_wconf 91' lang='lat' dir='ltr'>et</span> <span class='ocrx_word' id='word_1_492' title='bbox 773 4339 1093 4422; x_wconf 87' lang='lat' dir='ltr'>spirituali</span> <span class='ocrx_word' id='word_1_493' title='bbox 1130 4347 1320 4422; x_wconf 88' lang='lat' dir='ltr'>atque</span> <span class='ocrx_word' id='word_1_494' title='bbox 1358 4341 1737 4422; x_wconf 89' lang='lat' dir='ltr'>dignissimo</span> <span class='ocrx_word' id='word_1_495' title='bbox 1774 4343 1879 4406; x_wconf 92' lang='lat' dir='ltr'>bo-</span> 
     </span>
     <span class='ocr_line' id='line_1_74' title="bbox 374 4439 1876 4521; baseline 0 -17"><span class='ocrx_word' id='word_1_496' title='bbox 374 4459 488 4513; x_wconf 91' lang='lat' dir='ltr'>no,</span> <span class='ocrx_word' id='word_1_497' title='bbox 541 4447 787 4502; x_wconf 91' lang='lat' dir='ltr'>rectum</span> <span class='ocrx_word' id='word_1_498' title='bbox 835 4447 933 4501; x_wconf 90' lang='lat' dir='ltr'>est</span> <span class='ocrx_word' id='word_1_499' title='bbox 982 4446 1051 4500; x_wconf 92' lang='lat' dir='ltr'>ut</span> <span class='ocrx_word' id='word_1_500' title='bbox 1102 4457 1215 4521; x_wconf 91' lang='lat' dir='ltr'>per</span> <span class='ocrx_word' id='word_1_501' title='bbox 1272 4439 1741 4521; x_wconf 90' lang='lat' dir='ltr'>colligationem</span> <span class='ocrx_word' id='word_1_502' title='bbox 1801 4442 1876 4504; x_wconf 89' lang='lat' dir='ltr'>ad</span> 
     </span>
     <span class='ocr_line' id='line_1_75' title="bbox 374 4535 1881 4621; baseline 0 -19"><span class='ocrx_word' id='word_1_503' title='bbox 374 4539 608 4602; x_wconf 86' lang='lat' dir='ltr'>infima</span> <span class='ocrx_word' id='word_1_504' title='bbox 646 4545 711 4599; x_wconf 91' lang='lat' dir='ltr'>et</span> <span class='ocrx_word' id='word_1_505' title='bbox 756 4535 1087 4600; x_wconf 88' lang='lat' dir='ltr'>sensibilia</span> <span class='ocrx_word' id='word_1_506' title='bbox 1125 4537 1307 4612; x_wconf 90' lang='lat' dir='ltr'>bona,</span> <span class='ocrx_word' id='word_1_507' title='bbox 1344 4539 1557 4600; x_wconf 87' lang='lat' dir='ltr'>anima</span> <span class='ocrx_word' id='word_1_508' title='bbox 1593 4548 1881 4621; x_wconf 88' lang='lat' dir='ltr'>separata</span> 
     </span>
     <span class='ocr_line' id='line_1_76' title="bbox 373 4634 1881 4721; baseline 0.001 -23"><span class='ocrx_word' id='word_1_509' title='bbox 373 4638 685 4721; x_wconf 87' lang='lat' dir='ltr'>puniatur</span> <span class='ocrx_word' id='word_1_510' title='bbox 731 4653 745 4697; x_wconf 90' lang='lat'>:</span> <span class='ocrx_word' id='word_1_511' title='bbox 790 4655 931 4717; x_wconf 83' lang='lat' dir='ltr'>quae</span> <span class='ocrx_word' id='word_1_512' title='bbox 979 4652 1169 4716; x_wconf 86' lang='lat' dir='ltr'>poena</span> <span class='ocrx_word' id='word_1_513' title='bbox 1216 4634 1453 4698; x_wconf 88' lang='lat' dir='ltr'>dicitur</span> <span class='ocrx_word' id='word_1_514' title='bbox 1500 4637 1643 4700; x_wconf 89' lang='lat' dir='ltr'>ideo</span> <span class='ocrx_word' id='word_1_515' title='bbox 1693 4657 1881 4719; x_wconf 88' lang='lat' dir='ltr'>poena</span> 
     </span>
     <span class='ocr_line' id='line_1_77' title="bbox 370 4733 1880 4816; baseline 0 -17"><span class='ocrx_word' id='word_1_516' title='bbox 370 4755 627 4809; x_wconf 79' lang='lat' dir='ltr'>sensuS‚</span> <span class='ocrx_word' id='word_1_517' title='bbox 663 4735 815 4816; x_wconf 89' lang='lat' dir='ltr'>quia</span> <span class='ocrx_word' id='word_1_518' title='bbox 843 4733 1159 4796; x_wconf 87' lang='lat' dir='ltr'>afflictiva</span> <span class='ocrx_word' id='word_1_519' title='bbox 1202 4742 1319 4808; x_wconf 89' lang='lat' dir='ltr'>est,</span> <span class='ocrx_word' id='word_1_520' title='bbox 1354 4735 1505 4797; x_wconf 88' lang='lat' dir='ltr'>licet</span> <span class='ocrx_word' id='word_1_521' title='bbox 1550 4735 1641 4798; x_wconf 91' lang='lat' dir='ltr'>nil</span> <span class='ocrx_word' id='word_1_522' title='bbox 1691 4744 1880 4799; x_wconf 87' lang='lat' dir='ltr'>mate-</span> 
     </span>
     <span class='ocr_line' id='line_1_78' title="bbox 374 4832 1569 4914; baseline -0.002 -16"><span class='ocrx_word' id='word_1_523' title='bbox 374 4835 624 4898; x_wconf 90' lang='lat' dir='ltr'>rialiter</span> <span class='ocrx_word' id='word_1_524' title='bbox 671 4833 981 4914; x_wconf 89' lang='lat' dir='ltr'>suscipiat</span> <span class='ocrx_word' id='word_1_525' title='bbox 1022 4833 1238 4894; x_wconf 85' lang='lat' dir='ltr'>anima</span> <span class='ocrx_word' id='word_1_526' title='bbox 1278 4832 1359 4895; x_wconf 86' lang='lat' dir='ltr'>ab</span> <span class='ocrx_word' id='word_1_527' title='bbox 1404 4833 1569 4913; x_wconf 86' lang='lat' dir='ltr'>igne.</span> 
     </span>
    </p>

    <p class='ocr_par' dir='ltr' id='par_1_16' title="bbox 372 4931 1883 5407">
     <span class='ocr_line' id='line_1_79' title="bbox 461 4931 1881 5012; baseline -0.001 -16"><span class='ocrx_word' id='word_1_528' title='bbox 461 4934 575 4996; x_wconf 91' lang='lat' dir='ltr'>Per</span> <span class='ocrx_word' id='word_1_529' title='bbox 604 4933 777 4994; x_wconf 90' lang='lat' dir='ltr'>hunc</span> <span class='ocrx_word' id='word_1_530' title='bbox 814 4949 965 5012; x_wconf 86' lang='lat' dir='ltr'>ergo</span> <span class='ocrx_word' id='word_1_531' title='bbox 1006 4931 1265 4993; x_wconf 88' lang='lat' dir='ltr'>modum</span> <span class='ocrx_word' id='word_1_532' title='bbox 1309 4949 1435 4994; x_wconf 90' lang='lat' dir='ltr'>non</span> <span class='ocrx_word' id='word_1_533' title='bbox 1477 4940 1572 4994; x_wconf 91' lang='lat' dir='ltr'>est</span> <span class='ocrx_word' id='word_1_534' title='bbox 1610 4933 1881 4996; x_wconf 89' lang='lat' dir='ltr'>difficile</span> 
     </span>
     <span class='ocr_line' id='line_1_80' title="bbox 372 5030 1883 5116; baseline 0 -22"><span class='ocrx_word' id='word_1_535' title='bbox 372 5032 807 5116; x_wconf 86' lang='lat' dir='ltr'>praeinductas</span> <span class='ocrx_word' id='word_1_536' title='bbox 852 5031 1127 5092; x_wconf 88' lang='lat' dir='ltr'>rationes</span> <span class='ocrx_word' id='word_1_537' title='bbox 1172 5030 1439 5093; x_wconf 88' lang='lat' dir='ltr'>solvere.</span> <span class='ocrx_word' id='word_1_538' title='bbox 1472 5031 1627 5093; x_wconf 84' lang='lat' dir='ltr'>Nam</span> <span class='ocrx_word' id='word_1_539' title='bbox 1670 5041 1883 5095; x_wconf 85' lang='lat' dir='ltr'>aucto-</span> 
     </span>
     <span class='ocr_line' id='line_1_81' title="bbox 372 5129 1883 5211; baseline 0 -17"><span class='ocrx_word' id='word_1_540' title='bbox 372 5133 531 5194; x_wconf 86' lang='lat' dir='ltr'>ritas</span> <span class='ocrx_word' id='word_1_541' title='bbox 550 5129 887 5210; x_wconf 83' lang='lat' dir='ltr'>Augustini</span> <span class='ocrx_word' id='word_1_542' title='bbox 920 5129 1275 5191; x_wconf 87' lang='lat' dir='ltr'>secundum</span> <span class='ocrx_word' id='word_1_543' title='bbox 1308 5129 1689 5211; x_wconf 90' lang='lat' dir='ltr'>positionem</span> <span class='ocrx_word' id='word_1_544' title='bbox 1720 5132 1883 5194; x_wconf 90' lang='lat' dir='ltr'>hanc</span> 
     </span>
     <span class='ocr_line' id='line_1_82' title="bbox 376 5226 1883 5311; baseline -0.001 -18"><span class='ocrx_word' id='word_1_545' title='bbox 376 5231 541 5302; x_wconf 90' lang='lat' dir='ltr'>vult,</span> <span class='ocrx_word' id='word_1_546' title='bbox 600 5229 773 5310; x_wconf 91' lang='lat' dir='ltr'>quod</span> <span class='ocrx_word' id='word_1_547' title='bbox 831 5227 1047 5290; x_wconf 86' lang='lat' dir='ltr'>anima</span> <span class='ocrx_word' id='word_1_548' title='bbox 1113 5245 1239 5290; x_wconf 91' lang='lat' dir='ltr'>non</span> <span class='ocrx_word' id='word_1_549' title='bbox 1305 5226 1607 5290; x_wconf 88' lang='lat' dir='ltr'>alteretur</span> <span class='ocrx_word' id='word_1_550' title='bbox 1674 5249 1883 5311; x_wconf 89' lang='lat' dir='ltr'>neque</span> 
     </span>
     <span class='ocr_line' id='line_1_83' title="bbox 377 5325 1882 5407; baseline -0.002 -14"><span class='ocrx_word' id='word_1_551' title='bbox 377 5327 641 5394; x_wconf 84' lang='lat' dir='ltr'>calefiat</span> <span class='ocrx_word' id='word_1_552' title='bbox 668 5325 749 5389; x_wconf 89' lang='lat' dir='ltr'>ab</span> <span class='ocrx_word' id='word_1_553' title='bbox 780 5325 947 5407; x_wconf 92' lang='lat' dir='ltr'>igne,</span> <span class='ocrx_word' id='word_1_554' title='bbox 980 5326 1091 5388; x_wconf 81' lang='lat' dir='ltr'>sed</span> <span class='ocrx_word' id='word_1_555' title='bbox 1129 5327 1300 5407; x_wconf 90' lang='lat' dir='ltr'>quod</span> <span class='ocrx_word' id='word_1_556' title='bbox 1330 5327 1389 5388; x_wconf 92' lang='lat' dir='ltr'>ei</span> <span class='ocrx_word' id='word_1_557' title='bbox 1422 5325 1735 5407; x_wconf 89' lang='lat' dir='ltr'>alligetur.</span> <span class='ocrx_word' id='word_1_558' title='bbox 1770 5329 1882 5392; x_wconf 83' lang='lat' dir='ltr'>Vel</span> 
     </span>
    </p>
   </div>
   <div class='ocr_carea' id='block_1_16' title="bbox 1990 4344 3494 5407">
    <p class='ocr_par' dir='ltr' id='par_1_17' title="bbox 1990 4344 3494 5211">
     <span class='ocr_line' id='line_1_84' title="bbox 1991 4344 3494 4426; baseline 0.004 -22"><span class='ocrx_word' id='word_1_559' title='bbox 1991 4352 2329 4425; x_wconf 88' lang='lat' dir='ltr'>propterea</span> <span class='ocrx_word' id='word_1_560' title='bbox 2377 4360 2502 4406; x_wconf 91' lang='lat' dir='ltr'>non</span> <span class='ocrx_word' id='word_1_561' title='bbox 2557 4344 2770 4406; x_wconf 90' lang='lat' dir='ltr'>minus</span> <span class='ocrx_word' id='word_1_562' title='bbox 2819 4345 3088 4426; x_wconf 89' lang='lat' dir='ltr'>punitur</span> <span class='ocrx_word' id='word_1_563' title='bbox 3139 4363 3152 4408; x_wconf 74' lang='grc' dir='ltr'>ε</span> <span class='ocrx_word' id='word_1_564' title='bbox 3205 4347 3374 4409; x_wconf 91' lang='lat' dir='ltr'>sicut</span> <span class='ocrx_word' id='word_1_565' title='bbox 3430 4356 3494 4412; x_wconf 92' lang='lat' dir='ltr'>et</span> 
     </span>
     <span class='ocr_line' id='line_1_85' title="bbox 1991 4442 3492 4524; baseline 0.005 -22"><span class='ocrx_word' id='word_1_566' title='bbox 1991 4442 2250 4523; x_wconf 87' lang='lat' dir='ltr'>captivi,</span> <span class='ocrx_word' id='word_1_567' title='bbox 2303 4442 2456 4503; x_wconf 89' lang='lat' dir='ltr'>dum</span> <span class='ocrx_word' id='word_1_568' title='bbox 2512 4442 2591 4503; x_wconf 93' lang='lat' dir='ltr'>ad</span> <span class='ocrx_word' id='word_1_569' title='bbox 2642 4449 2897 4524; x_wconf 90' lang='lat' dir='ltr'>tempus</span> <span class='ocrx_word' id='word_1_570' title='bbox 2948 4443 3306 4508; x_wconf 89' lang='lat' dir='ltr'>libertatem</span> <span class='ocrx_word' id='word_1_571' title='bbox 3355 4466 3492 4509; x_wconf 90' lang='lat' dir='ltr'>sus-</span> 
     </span>
     <span class='ocr_line' id='line_1_86' title="bbox 1990 4539 3493 4622; baseline 0.003 -19"><span class='ocrx_word' id='word_1_572' title='bbox 1990 4541 2244 4622; x_wconf 89' lang='lat' dir='ltr'>cipiunt</span> <span class='ocrx_word' id='word_1_573' title='bbox 2278 4539 2645 4621; x_wconf 91' lang='lat' dir='ltr'>egrediendi</span> <span class='ocrx_word' id='word_1_574' title='bbox 2689 4559 3031 4616; x_wconf 88' lang='lat' dir='ltr'>carcerem,</span> <span class='ocrx_word' id='word_1_575' title='bbox 3074 4562 3150 4605; x_wconf 85' lang='lat' dir='ltr'>cx</span> <span class='ocrx_word' id='word_1_576' title='bbox 3190 4545 3323 4607; x_wconf 87' lang='lat' dir='ltr'>sola</span> <span class='ocrx_word' id='word_1_577' title='bbox 3361 4565 3493 4607; x_wconf 90' lang='lat' dir='ltr'>car·</span> 
     </span>
     <span class='ocr_line' id='line_1_87' title="bbox 1992 4638 3489 4726; baseline 0.005 -27"><span class='ocrx_word' id='word_1_578' title='bbox 1992 4639 2156 4700; x_wconf 89' lang='lat' dir='ltr'>ceris</span> <span class='ocrx_word' id='word_1_579' title='bbox 2200 4638 2707 4701; x_wconf 89' lang='lat' dir='ltr'>consideratione</span> <span class='ocrx_word' id='word_1_580' title='bbox 2751 4639 3153 4720; x_wconf 86' lang='lat' dir='ltr'>affliguntur,</span> <span class='ocrx_word' id='word_1_581' title='bbox 3200 4661 3276 4704; x_wconf 90' lang='lat' dir='ltr'>eo</span> <span class='ocrx_word' id='word_1_582' title='bbox 3319 4645 3489 4726; x_wconf 91' lang='lat' dir='ltr'>quod</span> 
     </span>
     <span class='ocr_line' id='line_1_88' title="bbox 1996 4736 3490 4818; baseline 0.004 -20"><span class='ocrx_word' id='word_1_583' title='bbox 1996 4737 2310 4799; x_wconf 89' lang='lat' dir='ltr'>mansioni</span> <span class='ocrx_word' id='word_1_584' title='bbox 2361 4737 2564 4817; x_wconf 91' lang='lat' dir='ltr'>ipsius</span> <span class='ocrx_word' id='word_1_585' title='bbox 2613 4736 2876 4818; x_wconf 87' lang='lat' dir='ltr'>obligati</span> <span class='ocrx_word' id='word_1_586' title='bbox 2926 4747 3092 4800; x_wconf 91' lang='lat' dir='ltr'>sunt.</span> <span class='ocrx_word' id='word_1_587' title='bbox 3143 4739 3318 4803; x_wconf 91' lang='lat' dir='ltr'>Unde</span> <span class='ocrx_word' id='word_1_588' title='bbox 3360 4742 3490 4804; x_wconf 89' lang='lat' dir='ltr'>ani-</span> 
     </span>
     <span class='ocr_line' id='line_1_89' title="bbox 1995 4834 3489 4921; baseline 0.004 -24"><span class='ocrx_word' id='word_1_589' title='bbox 1995 4855 2117 4907; x_wconf 88' lang='lat' dir='ltr'>ma,</span> <span class='ocrx_word' id='word_1_590' title='bbox 2170 4843 2281 4896; x_wconf 90' lang='lat' dir='ltr'>aut</span> <span class='ocrx_word' id='word_1_591' title='bbox 2337 4834 2609 4909; x_wconf 84' lang='lat' dir='ltr'>daemon,</span> <span class='ocrx_word' id='word_1_592' title='bbox 2667 4835 3060 4919; x_wconf 89' lang='lat' dir='ltr'>ubicumque</span> <span class='ocrx_word' id='word_1_593' title='bbox 3118 4838 3220 4913; x_wconf 92' lang='lat' dir='ltr'>sit,</span> <span class='ocrx_word' id='word_1_594' title='bbox 3275 4839 3489 4921; x_wconf 86' lang='lat' dir='ltr'>ignem</span> 
     </span>
     <span class='ocr_line' id='line_1_90' title="bbox 1993 4935 3489 5021; baseline 0.005 -26"><span class='ocrx_word' id='word_1_595' title='bbox 1993 4951 2372 5014; x_wconf 90' lang='lat' dir='ltr'>corporeum</span> <span class='ocrx_word' id='word_1_596' title='bbox 2447 4940 2515 4996; x_wconf 94' lang='lat' dir='ltr'>ut</span> <span class='ocrx_word' id='word_1_597' title='bbox 2584 4935 2706 4997; x_wconf 93' lang='lat' dir='ltr'>sibi</span> <span class='ocrx_word' id='word_1_598' title='bbox 2780 4937 3043 4999; x_wconf 83' lang='lat' dir='ltr'>noxium</span> <span class='ocrx_word' id='word_1_599' title='bbox 3117 4939 3489 5021; x_wconf 91' lang='lat' dir='ltr'>conspicere</span> 
     </span>
     <span class='ocr_line' id='line_1_91' title="bbox 1994 5032 3488 5121; baseline 0.006 -28"><span class='ocrx_word' id='word_1_600' title='bbox 1994 5039 2238 5114; x_wconf 87' lang='lat' dir='ltr'>potest:</span> <span class='ocrx_word' id='word_1_601' title='bbox 2264 5032 2432 5113; x_wconf 88' lang='lat' dir='ltr'>quod</span> <span class='ocrx_word' id='word_1_602' title='bbox 2465 5033 2818 5094; x_wconf 88' lang='lat' dir='ltr'>secundum</span> <span class='ocrx_word' id='word_1_603' title='bbox 2861 5044 3347 5114; x_wconf 78' lang='lat' dir='ltr'>praeenarratam</span> <span class='ocrx_word' id='word_1_604' title='bbox 3381 5057 3488 5121; x_wconf 91' lang='lat' dir='ltr'>po-</span> 
     </span>
     <span class='ocr_line' id='line_1_92' title="bbox 1993 5128 3021 5211; baseline 0 -18"><span class='ocrx_word' id='word_1_605' title='bbox 1993 5131 2314 5201; x_wconf 89' lang='lat' dir='ltr'>sitionem,</span> <span class='ocrx_word' id='word_1_606' title='bbox 2347 5129 2618 5192; x_wconf 87' lang='lat' dir='ltr'>afflictio</span> <span class='ocrx_word' id='word_1_607' title='bbox 2661 5128 2865 5211; x_wconf 92' lang='lat' dir='ltr'>ipsius</span> <span class='ocrx_word' id='word_1_608' title='bbox 2907 5139 3021 5193; x_wconf 91' lang='lat' dir='ltr'>est.</span> 
     </span>
    </p>

    <p class='ocr_par' dir='ltr' id='par_1_18' title="bbox 1997 5228 3487 5407">
     <span class='ocr_line' id='line_1_93' title="bbox 2076 5228 3487 5309; baseline 0.005 -18"><span class='ocrx_word' id='word_1_609' title='bbox 2076 5230 2162 5291; x_wconf 89' lang='lat' dir='ltr'>Ea</span> <span class='ocrx_word' id='word_1_610' title='bbox 2190 5235 2404 5290; x_wconf 88' lang='lat' dir='ltr'>autem</span> <span class='ocrx_word' id='word_1_611' title='bbox 2447 5247 2588 5309; x_wconf 80' lang='lat' dir='ltr'>quae</span> <span class='ocrx_word' id='word_1_612' title='bbox 2627 5228 2704 5290; x_wconf 90' lang='lat' dir='ltr'>de</span> <span class='ocrx_word' id='word_1_613' title='bbox 2742 5228 3127 5295; x_wconf 86' lang='lat' dir='ltr'>difficultate</span> <span class='ocrx_word' id='word_1_614' title='bbox 3168 5233 3286 5296; x_wconf 90' lang='lat' dir='ltr'>ista</span> <span class='ocrx_word' id='word_1_615' title='bbox 3315 5254 3487 5298; x_wconf 89' lang='lat' dir='ltr'>nunc</span> 
     </span>
     <span class='ocr_line' id='line_1_94' title="bbox 1997 5328 3487 5407; baseline 0.004 -15"><span class='ocrx_word' id='word_1_616' title='bbox 1997 5328 2354 5392; x_wconf 87' lang='lat' dir='ltr'>introducta</span> <span class='ocrx_word' id='word_1_617' title='bbox 2398 5335 2567 5403; x_wconf 89' lang='lat' dir='ltr'>sunt,</span> <span class='ocrx_word' id='word_1_618' title='bbox 2613 5345 2740 5390; x_wconf 88' lang='lat' dir='ltr'>non</span> <span class='ocrx_word' id='word_1_619' title='bbox 2782 5331 3151 5407; x_wconf 79' lang='lat' dir='ltr'>asserend0,</span> <span class='ocrx_word' id='word_1_620' title='bbox 3180 5333 3292 5396; x_wconf 90' lang='lat' dir='ltr'>sed</span> <span class='ocrx_word' id='word_1_621' title='bbox 3333 5334 3487 5399; x_wconf 87' lang='lat' dir='ltr'>alio-</span> 
     </span>
    </p>
   </div>
  </div>
 </body>
</html>
