4300 6259
83 1567 164 1610 hb-
183 1569 248 1616 ll.
261 1571 396 1614 dist.

67 1645 198 1674 :tun
219 1631 258 1675 ἰ.

1133 507 1554 556 tammum
1591 505 1992 554 mssotomca.
2037 521 2118 536 -··
2160 506 2239 552 DE
2280 507 2477 554 Anum
2520 507 2852 554 liutmun

3426 485 3545 552 185

427 678 784 742 constituta
810 686 910 743 est
939 679 1004 742 in
1034 679 1234 762 gradu
1261 677 1471 742 altiori
1501 686 1566 742 et
1595 675 1936 761 potentiori
1965 677 2016 742 A
2044 675 2281 759 quibus
2318 677 2618 742 omnibus
2661 677 2891 742 animae
2930 683 3233 760 separatas
3280 680 3431 739 sunt
3475 674 3545 738 li·

425 794 630 857 quam
669 777 887 841 anima
921 777 1186 840 alterius
1218 795 1232 840 ε
1269 777 1440 842 unde
1477 795 1664 858 agere
1705 781 1934 858 potest,

425 872 714 938 influere
751 883 944 958 atque
985 876 1352 959 imprimere
1397 875 1462 938 in
1506 875 1768 938 alterius
1804 872 1937 935 ani-

425 991 634 1048 mam,
675 981 740 1038 et
782 974 1102 1039 actionem
1151 974 1326 1038 illius
1375 973 1592 1055 ligare,
1632 971 1941 1056 operatio-

425 1089 592 1134 nem
639 1081 1014 1157 motumque
1061 1073 1398 1156 impedire,
1439 1081 1512 1134 ut
1553 1089 1682 1136 non
1729 1071 1938 1134 solum

423 1170 768 1246 Platonici,
817 1173 928 1234 sed
969 1172 1232 1255 quidam
1277 1172 1468 1236 etiam
1511 1169 1934 1252 Peripatetici,

425 1267 767 1333 Avicenna
793 1270 1174 1354 Algazelque
1202 1271 1414 1334 testati
1443 1277 1612 1332 sunt.

515 1367 726 1448 Hujus
773 1369 1070 1432 secundas
1111 1369 1436 1452 opinionis
1493 1375 1804 1450 quantum
1858 1366 1936 1428 ad

427 1481 704 1526 causam
733 1464 1120 1528 diversitatis
1161 1473 1476 1549 praetactae
1505 1466 1570 1527 in
1602 1462 1940 1526 animabus

431 1560 532 1622 hu
543 1562 770 1636 manis,
783 1562 808 1624 t
811 1563 906 1625 uit
931 1563 1224 1644 Magister
1243 1563 1737 1634 Sententiarum,
1750 1578 1940 1644 quem

429 1659 908 1735 Bonaventura‚
977 1662 1348 1736 Richardus,
1415 1662 1634 1725 Petrus
1696 1667 1762 1724 et
1829 1659 1940 1722 alii

429 1759 638 1822 multi
667 1759 866 1822 secuti
897 1766 1064 1822 sunt.
1099 1761 1370 1823 Thomas
1411 1778 1584 1834 vero,
1617 1757 1936 1830 Albertus,

2044 773 2215 838 berae
2257 793 2272 837 :
2318 775 2443 838 nisi
2487 795 2629 859 quae
2670 775 2879 838 adhuc
2919 775 3127 858 poenis
3168 773 3547 837 afficiuntur

2044 871 2128 935 ob
2158 892 2273 936 sua
2303 874 2555 948 delicta,
2582 893 2724 957 quae
2744 893 2859 957 per
2878 873 3197 956 supplicia
3226 879 3291 935 et
3322 887 3547 934 moero-

2047 989 2171 1044 res,
2214 990 2329 1054 per
2376 973 2699 1054 angustias
2744 981 2809 1036 et
2848 973 3137 1044 timoreS,
3172 990 3209 1035 a
3244 970 3541 1054 puritate,

2046 1070 2367 1144 acumine,
2408 1070 2701 1135 libertate
2750 1076 2815 1134 et
2861 1070 3253 1154 perfectione
3300 1067 3549 1131 intelle-

2047 1168 2355 1230 ctualium
2394 1176 2653 1232 actuum
2696 1187 2822 1232 non
2861 1187 3087 1251 parum
3121 1167 3541 1238 retardantur,

2047 1265 2509 1340 distrahuntur,
2533 1267 2991 1349 impediuntur.
3026 1267 3217 1329 Porro
3246 1263 3545 1347 purifica-

2047 1371 2126 1428 1ae
2156 1372 2221 1427 et
2248 1365 2771 1438 sanctiticatae,ac
2802 1364 2963 1427 fonti
2994 1364 3186 1426 totius
3216 1361 3547 1446 sapientiae

2043 1461 2177 1543 jam
2210 1461 2507 1526 beatifice
2548 1463 2841 1538 counitae,
2878 1462 3077 1525 multa
3114 1460 3542 1542 conspiciunt,

2047 1568 2187 1622 tum
2229 1561 2292 1622 in
2333 1561 2597 1642 speculo
2638 1559 3369 1644 supersplendidissimae
3408 1557 3545 1620 Dei-

2049 1659 2217 1732 tatiS,
2241 1667 2379 1721 tum
2412 1660 2476 1721 in
2508 1659 2633 1722 sibi
2666 1659 2885 1722 inditis
2916 1657 3274 1741 speciebus,
3298 1663 3433 1718 tum
3466 1674 3544 1718 ex

2049 1756 2628 1821 illuminationibus
2684 1765 2749 1820 et
2804 1755 3302 1820 revelationibus
3358 1772 3545 1835 ange-

421 1857 728 1938 AEgidius
755 1857 954 1920 etalii
987 1857 1204 1940 plures
1233 1859 1434 1921 secuti
1475 1865 1624 1920 sunt
1661 1857 1936 1940 primam
1969 1853 2018 1917 B
2049 1855 2255 1918 lorum
2288 1863 2352 1917 et
2390 1857 2747 1919 animarum
2796 1856 2952 1938 ipsis
2998 1855 3063 1918 in
3105 1853 3309 1936 gloria
3350 1851 3547 1916 subli-

419 1955 836 2035 opinionem,
897 1974 1040 2037 quae
1109 1963 1174 2018 et
1245 1955 1664 2038 philosophiae
1737 1953 1936 2036 magis

419 2069 790 2114 consonare
866 2060 1180 2116 censetur.
1253 2053 1464 2116 Nihilo
1531 2052 1746 2115 minus
1821 2069 1938 2134 pro

417 2151 718 2212 secunda
759 2151 1063 2232 opinione
1100 2151 1332 2214 militat
1369 2151 1742 2214 parisiensis
1787 2150 1936 2213 arti·
1981 2165 1988 2172 ·

419 2248 628 2310 culus
657 2249 774 2312 iste
807 2249 1070 2312 :Dicere
1100 2251 1270 2332 quod
1299 2249 1514 2313 anima
1543 2249 1774 2313 Christi
1807 2267 1934 2312 non

419 2345 566 2408 fuit
612 2345 853 2409 altioris
890 2346 1122 2427 gradus
1165 2347 1530 2410 meliorisve
1573 2345 1935 2429 dispositio-

417 2444 538 2506 nis
573 2445 638 2506 in
669 2463 785 2507 sua
809 2452 1036 2508 natura
1065 2464 1257 2527 quam
1285 2444 1504 2508 anima
1531 2445 1726 2518 Judae‚
1759 2462 1938 2509 error

419 2551 582 2620 θεὶς
622 2541 786 2605 alius
835 2561 1093 2626 quoque
1129 2542 1458 2618 articulus,
1498 2543 1611 2625 qui
1657 2542 1748 2606 ait
1781 2561 1796 2604 τ
1831 2543 1936 2606 Ρο-

419 2658 598 2702 nere
643 2639 1070 2732 aequalitatem
1119 2641 1184 2702 in
1233 2639 1570 2704 animabus
1619 2641 1936 2704 rationali-

419 2737 588 2811 buS,
620 2755 796 2801 error
835 2744 953 2802 est.

802 2945 1322 3013 PROPOSITIO
1369 2947 1574 3012 XCII.

507 3132 828 3197 Animae
885 3145 934 3196 a
991 3130 1456 3212 corporibus
1523 3133 1932 3211 separatae,

408 3231 694 3296 variis
731 3229 992 3296 modis
1026 3243 1120 3296 ac
1158 3230 1416 3296 multa
1449 3232 1935 3308 cognoscunt

405 3341 608 3410 quoe
651 3329 888 3392 antea
939 3340 1096 3392 non
1145 3327 1562 3393 noverunt.

507 3423 694 3498 Quod
751 3430 868 3498 est,
930 3423 1234 3506 quoniam
1297 3424 1522 3488 modus
1583 3424 1811 3506 agendi
1870 3431 1934 3486 et

403 3522 857 3604 cognoscendi
935 3521 1226 3604 sequitur
1311 3522 1570 3585 modum
1653 3523 1925 3585 essendi.

403 3623 765 3702 Quumque
780 3619 1024 3692 ,modus
1064 3620 1315 3683 essendi
1355 3621 1588 3684 animae
1626 3628 1931 3703 separatae

405 3726 634 3783 exstet
665 3718 948 3791 liberior,
983 3719 1343 3801 simplicior
1371 3727 1435 3780 et
1467 3717 1932 3800 intelligibilior

405 3836 622 3902 quam
653 3819 886 3880 animae
914 3817 1123 3880 adhuc
1153 3817 1328 3880 carni
1373 3817 1624 3880 mortali
1665 3817 1931 3898 conjun-

407 3925 564 3990 ctae,
603 3933 1004 3998 consequens
1041 3923 1140 3979 est
1181 3923 1253 3978 ut
1294 3916 1545 3979 actibus
1577 3916 1930 3978 intellectu-

403 4015 638 4080 alibus
672 4013 962 4088 liberius,
1003 4015 1273 4087 acutius,
1317 4014 1784 4078 indesinentius
1823 4033 1928 4077 va·

405 4122 546 4186 cet,
581 4131 780 4196 quam
807 4113 1024 4176 anima
1052 4112 1300 4196 corpori
1339 4112 1580 4194 juncta.
1617 4113 1924 4195 Denique,

2049 1953 2343 2016 miorum.
2400 1954 2487 2016 Ex
2536 1954 2823 2016 scientiis
2884 1955 3035 2016 item
3096 1961 3161 2017 et
3218 1950 3545 2015 memoriis

2043 2071 2116 2114 ac
2168 2052 2687 2133 intelligibilibus
2737 2052 2981 2125 formiS,
3033 2069 3251 2115 secum
3300 2069 3378 2113 ex
3426 2049 3543 2112 hac

2045 2151 2177 2212 vita
2204 2150 2453 2223 delatiS,
2472 2152 2671 2213 multa
2701 2159 2947 2233 queunt
2976 2151 3393 2233 perpendere,
3416 2149 3545 2212 imo

2043 2257 2107 2312 et
2151 2249 2470 2332 spirituali
2512 2249 2849 2313 collatione
2892 2267 3041 2312 cum
3082 2247 3417 2330 spiritibus
3466 2265 3542 2310 ex

2045 2347 2343 2430 praesenti
2402 2347 2632 2411 exsilio
2682 2347 2837 2410 illuc
2892 2346 3202 2410 deductis.
3255 2345 3543 2427 Denique

2041 2447 2275 2509 animae
2300 2446 2362 2508 in
2396 2447 2759 2528 purgatorio
2790 2446 3189 2519 exsistentes,
3212 2463 3289 2508 ex
3311 2443 3543 2508 revela-

2042 2545 2217 2608 tione
2272 2544 2645 2625 angelorum
2695 2563 2767 2608 ac
2816 2544 3057 2607 civium
3116 2560 3541 2625 supernorum

2043 2643 2248 2706 multa
2286 2651 2700 2724 cognoscunt,
2744 2643 2875 2706 imo
2922 2651 2986 2706 et
3032 2661 3112 2705 ex
3159 2641 3543 2706 allocutione

2041 2759 2116 2804 ac
2182 2741 2619 2804 susurratione
2686 2741 3032 2823 spirituum
3092 2739 3540 2821 malignorum,

2043 2839 2327 2920 itemque
2358 2857 2435 2901 ex
2468 2838 2949 2902 denuntiatione
2986 2837 3349 2902 animarum
3390 2837 3543 2899 illuc

2041 2937 2463 2999 venientium.
2491 2937 2565 2999 Et
2595 2936 2893 3010 breviter,
2927 2937 3093 3000 sicut
3124 2936 3349 3001 modus
3379 2936 3543 2998 exsi-

1965 3033 2008 3099 C
2043 3036 2291 3100 stentiae
2328 3055 2402 3098 ac
2446 3043 2673 3098 natura
2710 3044 3145 3118 separatorum
3195 3035 3537 3118 spirituum

2041 3141 2333 3196 nostrum
2395 3133 2791 3196 intellectum
2848 3151 2963 3216 pro
3024 3133 3301 3196 maxima
3362 3140 3539 3215 parte

2041 3232 2523 3304 transcendunt,
2554 3230 2663 3296 'ita
2718 3240 2781 3294 et
2840 3233 3011 3296 modi
3058 3230 3295 3314 quibus
3352 3249 3541 3312 agno-

2041 3337 2227 3393 scunt
2260 3349 2273 3392 :
2308 3330 2601 3412 quamvis
2652 3331 2944 3394 nonnulli
2992 3331 3071 3393 de
3108 3329 3343 3392 talibus
3390 3331 3540 3392 satis

2041 3429 2343 3492 audacter
2392 3429 2734 3511 loquantur
2790 3437 2854 3492 et
2910 3428 2989 3492 de
3038 3429 3299 3492 incertis
3346 3427 3541 3490 nimis

2043 3535 2220 3590 certo
2262 3527 2699 3609 pronuntient.

2390 3736 2910 3803 PROPOSITIO
2960 3737 3203 3802 XCIII.-

2118 3921 2413 3988 Amma
2455 3919 2882 3987 rationalis
2921 3920 3021 3987 ad
3064 3921 3190 3987 sui
3222 3919 3539 3987 Creato-

2037 4019 2153 4084 r1s
2182 4019 2617 4096 mag-inem
2646 4031 2739 4084 ac
2770 4016 3389 4086 similitudinem
3417 4020 3539 4084 est

2035 4119 2347 4198 creata;
2392 4115 2780 4183 s1m111ter
2819 4118 2903 4181 et
2940 4116 3201 4184 homo.

403 4212 630 4276 virtus
661 4229 790 4294 quo
823 4211 1022 4292 magis
1067 4210 1266 4284 unita,
1299 4229 1376 4274 eo
1415 4211 1492 4274 ad
1533 4212 1926 4293 operandum
1959 4215 2008 4276 D
2115 4214 2291 4288 Quod
2324 4223 2440 4286 est,
2474 4213 2779 4295 quoniam
2824 4213 3086 4277 Genesis
3130 4214 3339 4297 primo
3383 4214 3535 4296 legi·

401 4317 723 4374 censetur
755 4310 958 4391 magis
988 4309 1232 4373 idonea.
1249 4309 1586 4391 Quumque
1617 4309 1682 4372 in
1712 4309 1928 4372 anima

399 4415 714 4491 separata
744 4425 872 4470 non
905 4415 1200 4470 maneant
1232 4407 1356 4470 nisi
1389 4407 1556 4470 vires
1589 4408 1926 4471 intellecti-

395 4527 530 4580 vae,
581 4513 756 4588 patet
805 4506 978 4588 quod
1021 4506 1100 4568 ad
1140 4515 1320 4570 actus
1363 4523 1512 4570 suos
1557 4507 1758 4588 magis
1798 4507 1925 4570 sint

395 4606 751 4686 vigorosae.
807 4604 1070 4678 Rursus,
1120 4603 1460 4666 animabus
1508 4604 1576 4666 in
1626 4605 1742 4667 hac
1793 4605 1924 4668 vita

394 4700 916 4767 innumerabilia
934 4710 1279 4765 occurrunt
1307 4701 1756 4784 impedimenta
1782 4721 1924 4765 con-

395 4799 914 4882 templationum
953 4807 1017 4863 et
1057 4799 1588 4863 intellectualium
1621 4801 1926 4864 virtuosa·

397 4915 696 4981 rumque
739 4898 1092 4972 actionum,
1141 4916 1220 4962 ex
1269 4905 1446 4981 parte
1495 4901 1924 4982 corporalium

397 4997 900 5070 necessitatum,
932 4996 1406 5071 infirmitatum,
1439 5015 1760 5070 curarum,
1785 5016 1927 5080 per-

403 5094 856 5168 secutionum,
898 5095 1564 5177 concupiscentiarum
1597 5102 1661 5157 et
1690 5103 1928 5158 cetera-

407 5211 572 5258 rum
623 5192 946 5257 sensitiva)
987 5192 1184 5275 partis
1232 5193 1626 5275 passionum,
1677 5193 1928 5256 tentati-

403 5309 628 5357 onum
673 5297 866 5373 atque
923 5289 1319 5356 tumultuum
1375 5289 1828 5366 humanorum,
1888 5312 1927 5357 a

2033 4318 2140 4374 tur
2180 4312 2345 4375 Deus
2386 4312 2624 4376 dixisse
2658 4329 2671 4374 :
2708 4311 3037 4376 Faciamus
3076 4312 3405 4376 hominem
3456 4316 3533 4377 ad

2035 4410 2379 4491 imaginem
2414 4418 2477 4474 et
2506 4410 2997 4474 similitudinem
3032 4418 3331 4474 nostram.
3356 4411 3533 4486 Quod

2035 4527 2440 4591 nequaquam
2472 4509 2552 4572 ab
2583 4509 3033 4592 Omnipotente
3080 4510 3395 4592 prolatum
3438 4519 3533 4572 est

2033 4607 2110 4668 ad
2156 4606 2619 4687 designandum
2661 4608 2831 4689 quod
2872 4607 3064 4671 homo
3102 4615 3414 4690 quantum
3454 4609 3531 4670 ad

2033 4705 2320 4786 corporis
2353 4705 2452 4766 sui
2497 4704 2942 4767 formationem
2988 4713 3051 4767 et
3094 4705 3529 4769 membrorum

2034 4801 2419 4863 lineamenta
2450 4802 2533 4864 sit
2566 4801 2766 4864 factus
2804 4802 2884 4863 ad
2929 4801 3041 4864 Dei
3086 4802 3429 4883 imaginem
3468 4811 3531 4866 et

2033 4899 2548 4970 similitudinem,
2582 4900 2763 4981 quasi
2810 4900 2977 4962 Deus
3009 4899 3072 4961 in
3104 4900 3362 4982 propria
3400 4921 3531 4965 suae

2032 4998 2285 5062 deitatis
2317 4999 2593 5060 essentia
2636 4998 2717 5060 sit
2756 4997 3125 5081 corporalis,
3157 5006 3268 5060 aut
3309 5017 3531 5081 corpo—

2032 5097 2271 5172 raliter,
2320 5096 2678 5179 figuraliter
2726 5115 2839 5159 seu
2886 5097 3200 5160 linealiter
3256 5096 3529 5160 circum·

2033 5195 2333 5278 scriptuS,
2366 5204 2435 5259 ut
2463 5196 2725 5278 quidam
2758 5194 3085 5258 rudissimi
3128 5202 3189 5258 et
3230 5195 3529 5259 indoctis-

2035 5293 2183 5357 simi
2215 5301 2601 5377 putaverunt
2628 5293 2933 5369 haeretici,
2950 5293 3080 5358 imo
3108 5301 3173 5358 et
3200 5294 3529 5378 simplices

3567 4332 3675 4375 Gen.
3702 4345 3729 4380 ι.
3756 4335 3825 4376 26.
