4300 6259
1729 532 1914 580 mnzx
1956 531 2293 580 nummis

531 707 776 782 probare
817 703 1011 764 conati
1039 693 1177 764 sunt
1204 704 1374 763 multi
1404 702 1808 779 Peripatetico-

529 813 663 853 rum
693 799 752 854 et
779 795 1232 862 Platonicorum,
1256 793 1707 853 intellectualem
1727 810 1812 850 es-

529 885 780 943 sentiam
809 902 928 943 non
957 901 1124 958 posse
1159 885 1310 944 effici
1349 873 1609 958 primum
1639 885 1698 942 et
1722 883 1810 940 in-

526 975 846 1033 trinsecum
903 977 1100 1034 actum
1157 974 1434 1048 eorporis,
1481 991 1584 1032 seu
1631 971 1808 1031 infor-

532 1068 793 1123 mantem
833 1081 902 1122 ac
939 1064 1382 1123 substantialem
1427 1063 1682 1121 formam
1709 1063 1812 1119 ho·
1905 1099 1923 1104 -

531 1153 710 1210 minis
758 1191 1803 1210 ............
1845 1151 1952 1208 348

445 1241 750 1301 Articulus
767 1243 948 1300 XCIV.
973 1244 1050 1300 De
1074 1241 1358 1316 positione
1373 1241 1638 1299 Averrois
1657 1241 1812 1298 circa

532 1333 806 1390 naturam
849 1331 1068 1390 animae
1107 1331 1386 1389 humanas
1430 1333 1488 1389 et
1529 1329 1807 1389 unionem

533 1421 858 1480 intellectus
887 1424 962 1480 ad
991 1437 1202 1495 corpus
1234 1464 1806 1479 .......
1847 1420 1952 1477 351

453 1511 756 1569 Articulus
811 1513 964 1568 XCV.
1019 1512 1096 1568 De
1157 1509 1441 1584 positione
1495 1508 1808 1566 Alexandri

536 1600 691 1657 circa
720 1603 991 1659 naturam
1022 1599 1238 1656 animoe
1260 1603 1318 1658 et
1345 1598 1672 1656 intellectus
1703 1642 1715 1654 .
1795 1641 1807 1654 .
1847 1599 1955 1654 352

455 1689 757 1746 Articulus
785 1690 962 1746 XCVI.
997 1689 1074 1746 De
1101 1687 1368 1745 doctrina
1386 1686 1694 1745 Avicennae
1711 1687 1814 1745 Pe-

531 1778 818 1852 ripatetici
861 1781 921 1838 et
961 1777 1306 1836 insecutoris
1347 1777 1474 1851 ejus
1511 1776 1810 1850 Algazelis‚

532 1870 602 1926 de
632 1867 1010 1925 intellectuali
1042 1866 1302 1923 hominis
1327 1866 1531 1923 anima
1605 1909 1620 1922 .
1701 1909 1714 1922 .
1795 1911 1807 1922 .
1849 1865 1956 1922 353

451 1958 755 2016 Articulus
791 1958 995 2015 XCVII.
1029 1957 1106 2014 De
1149 1954 1366 2014 unione
1405 1955 1813 2014 intellectualis

531 2049 748 2106 animae
776 2049 850 2106 ad
879 2063 1090 2120 corpus
1117 2047 1468 2112 humanum,
1486 2047 1812 2104 secundum

532 2139 832 2195 Platonem
858 2153 872 2193 :
895 2137 988 2193 cui
1019 2135 1345 2192 consentire
1363 2134 1640 2192 videntur
1655 2135 1814 2191 Isaac

533 2226 791 2284 Israelita
819 2224 1216 2298 philosophus.
1247 2226 1306 2281 et
1333 2224 1572 2280 Procius
1601 2223 1659 2280 in
1690 2223 1814 2281 Ele-

531 2316 890 2375 mentatione
919 2313 1242 2387 theologica
1249 2358 1810 2372 .......
1851 2315 1960 2371 355

459 2406 756 2466 Articulus
801 2404 1034 2461 XCVIII.
1077 2404 1154 2460 De
1199 2403 1570 2462 documentis
1615 2407 1673 2461 et
1718 2405 1814 2462 de-

537 2492 1060 2553 monstrationibus
1087 2493 1455 2550 subtilissimi
1477 2493 1662 2550 Procli
1691 2494 1817 2550 Pla-

535 2585 712 2642 tonici
745 2584 898 2641 circa
923 2582 1425 2640 immortalitatem
1456 2587 1512 2640 et
1543 2586 1814 2640 naturam

536 2674 752 2732 animae
782 2715 1812 2730 ............
1852 2673 1960 2730 356

461 2763 758 2822 Articulus
790 2762 970 2818 XCIX.
999 2763 1070 2818 Et
1105 2765 1191 2819 est
1227 2761 1582 2818 introductio
1619 2761 1816 2818 fortio-

533 2871 668 2911 rum
705 2851 1026 2917 rationum,
1071 2850 1286 2925 quibus
1322 2851 1689 2909 convincitur
1724 2869 1818 2909 ra·
1913 2902 1922 2912 .

533 2941 812 3000 tionalem
860 2941 1124 2998 animam
1173 2939 1556 3013 separabilem
1601 2957 1724 2998 esse
1761 2943 1818 2998 et

535 3030 932 3089 immortalem
957 3073 1810 3087 ..........
1852 3031 1959 3087 357

462 3120 760 3178 Articulus
797 3120 854 3176 C.
888 3120 966 3176 De
994 3117 1320 3176 rationibus
1349 3119 1562 3192 quibus
1587 3119 1820 3176 videtur

535 3209 760 3267 ostendi
782 3224 968 3281 posse,
982 3207 1245 3264 animam
1265 3207 1610 3265 rationalem
1630 3225 1816 3283 neque

535 3297 918 3372 separabilem
949 3313 1136 3369 neque
1176 3296 1572 3354 immortalem
1601 3314 1724 3355 esse
1802 3343 1812 3355 .
1855 3299 1957 3355 361

460 3385 758 3444 Articulus
785 3384 871 3440 CI.
901 3385 1067 3451 Quod
1085 3386 1408 3442 secundum
1431 3385 1816 3452 Aristotelem,

538 3474 740 3531 anima
766 3472 1068 3530 rationalis
1097 3472 1175 3528 sit
1197 3473 1550 3531 immortalis
1616 3517 1629 3529 .
1708 3517 1724 3532 .
1855 3475 1963 3531 362

463 3563 761 3621 Articulus
788 3562 896 3617 CII.
925 3561 1004 3618 De
1023 3561 1292 3619 doctrina
1309 3562 1566 3620 Platonis
1584 3563 1642 3619 in
1666 3563 1822 3620 Phas-

539 3654 689 3709 done
717 3652 870 3708 cIrca
908 3652 1182 3708 naturam
1221 3655 1278 3709 et
1315 3651 1819 3712 Immortalitatem

536 3741 754 3800 animoe
775 3780 1814 3799 ............
1857 3744 1964 3801 363

463 3830 758 3889 Articulus
785 3830 920 3886 CIII.
953 3831 1020 3885 Et
1050 3833 1135 3887 est
1167 3829 1498 3903 explanatio
1527 3833 1822 3903 quomodo

535 3920 738 3979 anIma
767 3918 1175 3977 intellectualis
1199 3920 1380 3992 possit
1407 3937 1532 3979 esse
1563 3922 1821 3994 corporis

535 4010 744 4077 forma,
776 4026 959 4083 quum
988 4013 1188 4067 tamen
1227 4009 1304 4066 sit
1340 4010 1624 4068 veraciter
1660 4009 1720 4068 iu
1759 4027 1819 4068 se

536 4100 858 4158 subsistens
864 4141 1815 4157 ...........
1856 4103 1964 4160 365

463 4190 762 4248 Articulus
787 4191 918 4246 CIV.
951 4191 1018 4245 Et
1037 4192 1124 4246 est
1143 4188 1442 4263 responsio
1463 4191 1538 4246 ad
1567 4190 1821 4248 rationes

537 4279 750 4352 quibus
793 4279 1064 4351 superius
1098 4279 1623 4350 argumentabatur
1656 4279 1822 4337 intel-

538 4367 846 4426 lectualem
877 4367 1190 4424 essentiam
1219 4383 1336 4422 non
1365 4383 1531 4439 posse
1561 4369 1820 4441 corporis

536 4458 788 4514 formam
817 4455 964 4514 effici
973 4499 1813 4516 ..........
1856 4460 1962 4517 366

461 4547 761 4604 Articulus
799 4547 904 4602 CV.
952 4545 1102 4613 Quid
1140 4544 1398 4602 veritatis
1435 4547 1730 4617 contineat
1764 4553 1821 4606 et

538 4635 790 4709 qualiter
817 4633 1091 4692 sustineri
1121 4634 1304 4707 possit
1333 4635 1542 4708 positio
1563 4636 1820 4695 Platonis

533 4728 591 4784 et
619 4725 946 4790 Avicennae,
972 4721 1294 4780 dicentium
1325 4725 1626 4782 hominem
1655 4726 1816 4784 aliud

532 4833 650 4872 non
689 4831 814 4872 esse
854 4811 966 4870 nisi
1005 4812 1271 4870 animam
1308 4815 1674 4873 rationalem.
1713 4818 1815 4876 Cui

529 4903 805 4978 positioni
841 4903 1072 4960 videtur
1121 4902 1308 4960 favere
1357 4904 1644 4972 Albertus‚
1674 4907 1817 4964 dum

530 4993 630 5059 ait,
661 4993 988 5051 secundum
1024 5007 1150 5050 rem
1192 4991 1349 5050 idem
1387 5010 1510 5050 esse
1552 4993 1814 5052 animam

532 5082 880 5140 rationalem
911 5085 970 5139 et
994 5081 1448 5149 humanitatem,
1469 5084 1526 5139 et
1554 5083 1716 5156 Hugo
1745 5086 1816 5142 de

531 5173 588 5230 S.
619 5167 867 5236 Victore,
909 5171 1008 5244 qui
1052 5170 1318 5228 concedit
1353 5170 1654 5228 homiuem
1693 5189 1818 5232 esse

532 5260 800 5319 animam
830 5260 1141 5317 dumtaxat
1146 5303 1809 5320 ........
1852 5263 1960 5320 368

463 5350 760 5412 Articulus
787 5349 922 5406 CVI.
947 5350 1114 5417 Quod
1142 5348 1345 5408 anima
1382 5366 1498 5408 non
1535 5353 1623 5410 est
1657 5367 1816 5410 com-

3439 499 3562 582 633

2131 701 2343 776 plexio,
2376 701 2529 762 sicut
2564 701 2714 762 dixit
2741 689 3029 773 Galenus3
3064 719 3252 778 neque
3288 703 3422 762 har-

2131 792 2350 859 monia,
2383 795 2447 851 ut
2475 794 2668 868 posuit
2692 794 3098 867 Empedocles;
3128 809 3317 867 neque
3348 795 3421 852 de

2131 882 2459 941 substantia
2496 883 2616 950 Dei,
2657 883 3159 957 quemadmodum
3199 899 3419 941 assere-

2131 973 2233 1028 bat
2260 973 2610 1031 Manichoeus
2627 992 2642 1040 ;
2666 989 2854 1047 neque
2883 990 3111 1047 corpus,
3136 973 3288 1030 sicut
3316 991 3423 1046 pu-

2130 1064 2336 1121 tabant
2359 1062 2585 1136 antiqui
2615 1063 2912 1121 naturales
2934 1107 3415 1120 ......
3456 1064 3565 1120 370

2058 1152 2355 1210 Articulus
2402 1153 2560 1209 CVII.
2601 1153 2807 1211 Utrum
2856 1170 3101 1228 corpora
3136 1154 3417 1212 coelorum

2131 1242 2252 1299 sint
2280 1242 2544 1302 animata
2562 1287 3412 1301 ..........
3456 1243 3561 1300 371

2059 1332 2355 1390 Articulus
2384 1333 2569 1389 CVIII.
2604 1334 2680 1390 De
2711 1332 3137 1406 omnipotentia
3164 1332 3265 1392 Dei
3308 1376 3321 1390 .
3402 1375 3415 1389 .
3457 1333 3563 1390 373

2060 1421 2357 1479 Articulus
2386 1422 2517 1478 CIX.
2550 1422 3063 1488 Quemadmodum
3108 1423 3277 1489 Deus,
3318 1421 3419 1497 qui

2135 1509 2339 1568 omnia
2404 1515 2609 1584 potest,
2670 1510 2889 1570 dicitur
2956 1513 3227 1585 quaedam
3300 1530 3416 1569 non

2132 1616 2300 1675 posse
2370 1644 3415 1659 ............
3456 1602 3566 1658 375

2062 1689 2359 1747 Articulus
2386 1691 2491 1746 CX.
2524 1692 2690 1758 Quod
2728 1691 2879 1747 Deus
2914 1693 3003 1748 est
3040 1689 3425 1749 essentialiter

2136 1779 2357 1844 beatus,
2388 1783 2445 1837 et
2474 1778 2602 1836 fons
2630 1778 2826 1836 omnis
2854 1777 3234 1837 beatitudinis
3312 1825 3323 1836 .
3404 1825 3416 1837 .
3460 1779 3568 1836 375

2062 1867 2359 1925 Articulus
2380 1869 2512 1924 CXI.
2534 1870 2700 1937 Quod
2721 1869 2917 1926 divina
2939 1869 3151 1927 verItas
3170 1869 3246 1925 sit
3267 1886 3428 1926 men-

2133 1974 2274 2015 sura
2314 1956 2509 2015 omnis
2538 1957 2817 2023 veritatis,
2860 1958 2920 2014 in
2967 1975 3035 2015 eo
3074 1959 3230 2031 quod
3271 1959 3423 2015 Deus

2133 2063 2304 2103 verus
2330 2049 2437 2114 est,
2468 2048 2526 2102 et
2552 2044 3015 2104 substantialiter
3042 2045 3167 2119 ipsa
3196 2063 3301 2103 sua
3329 2063 3422 2103 ve-

2133 2133 2278 2192 ritas
2284 2175 3417 2191 .............
3460 2135 3565 2190 377

2063 2223 2350 2281 Articulus
2364 2224 2522 2280 CXII.
2538 2225 2614 2280 De
2636 2224 2941 2281 sanctitate
2958 2223 3167 2280 divinoe
3183 2221 3417 2280 mentis.
3459 2221 3567 2278 378

2064 2311 2361 2370 Articulus
2389 2314 2571 2369 CXIII.
2604 2313 2691 2369 An
2720 2313 2993 2385 possibile
3024 2313 3097 2369 sit
3126 2313 3420 2369 mundum

2135 2403 2208 2459 ab
2240 2406 2455 2461 aeterno
2485 2401 2680 2468 fuisse,
2703 2405 2759 2460 et
2788 2405 2985 2459 tamen
3008 2419 3137 2460 vere
3158 2403 3418 2458 creatum

2135 2509 2259 2549 esse
2266 2532 3417 2548 .............
3459 2489 3567 2545 378

2066 2581 2361 2639 Articulus
2389 2581 2569 2637 CXIV.
2593 2581 2757 2648 Quod
2783 2597 2898 2636 non
2922 2580 3041 2637 sint
3060 2579 3272 2652 aliquae
3292 2577 3426 2636 sub-

2137 2669 2367 2728 stantiae
2408 2668 2827 2727 Intellectuales
2862 2669 3141 2726 habentes
3179 2683 3423 2741 corpora

2137 2761 2249 2818 sibi
2281 2759 2445 2818 unita
2473 2758 2783 2831 simplicia,
2815 2759 2966 2816 sicut
3004 2757 3281 2816 Platonici
3320 2774 3423 2830 po-

2137 2853 2384 2908 suerunt
2459 2889 3414 2904 ...........
3456 2848 3559 2904 381

2066 2940 2361 2998 Articulus
2389 2939 2541 2995 CXV.
2575 2939 2739 3003 Quod
2779 2938 2929 2994 Deus
2966 2937 3043 2994 sit
3080 2937 3279 2995 lumen
3320 2953 3425 3009 per

2139 3033 2411 3087 naturam
2455 3067 3419 3082 ...........
3460 3025 3563 3082 381

2154 3263 2256 3326 DE
2299 3260 2587 3326 LUMINE
2630 3257 3105 3324 CHRISTIANAE
3147 3256 3498 3321 THEORIAE

2413 3356 2422 3364 ’
2481 3358 2703 3422 LIBER
2746 3357 3162 3423 SECUNDUS.

2069 3562 2427 3622 Prooemium
2462 3603 3421 3619 ...........
3462 3563 3571 3619 385

2068 3654 2365 3713 Articulus
2385 3654 2427 3710 l.
2448 3654 2615 3719 Quod
2635 3651 2856 3726 agnitio
2877 3667 3075 3711 rerum
3098 3657 3427 3712 creatarum

2142 3743 2325 3818 prosit
2351 3744 2425 3798 ad
2457 3741 2589 3799 fidei
2622 3741 3071 3816 intelligentiam
3132 3787 3145 3799 .
3225 3788 3236 3800 .
3319 3785 3331 3798 .
3412 3785 3423 3798 .
3464 3742 3571 3799 387

2070 3833 2366 3892 Articulus
2395 3832 2461 3888 11.
2494 3832 2573 3889 De
2604 3831 2823 3904 duplici
2868 3833 2992 3905 lege
3034 3832 3311 3890 divinitus
3340 3832 3429 3890 in-

2141 3924 2298 3981 fluxa
2308 3963 3423 3979 .............
3465 3923 3573 3979 388

2069 4012 2365 4071 Articulus
2408 4012 2500 4068 111.
2534 4012 2701 4078 Quod
2738 4015 3127 4084 congruenter
3166 4013 3302 4068 data
3344 4015 3430 4069 est

2143 4101 2485 4158 hominibus
2523 4118 2557 4156 a
2596 4102 2712 4158 Deo
2752 4100 2843 4156 lex
2878 4117 3009 4173 quae
3050 4100 3193 4158 fides
3234 4101 3427 4174 appel-

2140 4191 2297 4248 latur
2304 4231 3423 4247 .............
3465 4191 3573 4246 389

2068 4279 2365 4338 Articulus
2409 4280 2497 4335 IV.
2539 4280 2627 4334 An
2666 4279 2929 4352 ejusdem
2958 4279 3219 4337 veritatis
3249 4280 3430 4353 possit

2141 4387 2265 4428 esse
2295 4369 2438 4426 fides
2466 4371 2525 4425 et
2552 4367 2974 4426 demonstratio
3041 4410 3425 4426 .....
3464 4369 3572 4426 390

2067 4460 2365 4518 Articulus
2392 4460 2457 4514 V.
2491 4459 2657 4525 Quod
2701 4474 2817 4514 non
2848 4457 2923 4513 sit
2951 4457 3199 4516 levitatis
3237 4476 3430 4515 assen-

2142 4550 2253 4607 tire
2292 4549 2383 4605 his
2422 4565 2553 4622 quae
2595 4548 2739 4605 fides
2778 4549 2958 4604 tradit
2992 4552 3051 4605 et
3087 4548 3236 4606 ratio
3273 4567 3430 4606 com·

2141 4639 2501 4713 prehendere
2543 4653 2661 4694 non
2706 4641 2911 4712 potest,
2943 4637 3093 4696 sicut
3138 4637 3427 4696 mentiens

2143 4727 2293 4786 dixit
2321 4727 2599 4784 Averroes
2668 4767 3419 4783 .........
3459 4727 3567 4785 391

2068 4817 2364 4875 Articulus
2390 4817 2482 4873 VI.
2515 4817 2681 4882 Quod
2727 4817 2839 4873 Deo
2868 4820 2924 4872 et
2954 4815 3036 4872 illi
3077 4816 3184 4872 soli
3228 4833 3427 4875 conve·

2140 4906 2267 4962 niat
2293 4904 2639 4961 miraculose
2670 4904 2897 4977 operari
2948 4947 3421 4962 ......
3461 4907 3569 4962 393

2068 4995 2363 5053 Articulus
2392 4995 2507 5048 Vll.
2548 4995 2761 5050 Contra
2799 4993 3147 5067 positionem
3187 4995 3424 5053 Avicen-

2138 5100 2249 5150 nie,
2281 5083 2525 5140 volentis
2556 5081 2841 5140 miracula
2868 5083 3144 5141 reducere
3188 5084 3247 5140 in
3288 5101 3423 5142 cau-

2137 5190 2231 5230 sas
2261 5172 2556 5230 naturales
2571 5213 3415 5230 ..........
3458 5175 3567 5233 394

2065 5261 2360 5320 Articulus
2395 5260 2539 5316 Vlll.
2590 5261 2757 5326 Quod
2804 5259 3166 5333 operationes
3221 5278 3421 5336 mago-

2137 5367 2274 5411 rum
2316 5349 2637 5410 efficaciam
2680 5347 3017 5420 sortiantur,
3054 5365 3174 5408 non
3210 5350 3421 5412 virtute
