4300 6259
1141 488 1220 536 mt
1261 489 1488 537 tumus
1531 487 1916 536 camsi-uuaz
1957 485 2260 544 rumam,
2306 489 2482 536 aman
2525 491 2563 537 1.
2611 509 2691 520 --
2732 492 2874 538 aar.
2920 491 3062 538 xciv
3542 473 3657 536 351

531 656 717 720 sicut
757 657 1083 741 principio
1121 678 1158 720 a
1202 675 1352 740 qu0,
1385 657 1496 720 sed
1538 657 1734 720 etiam
1777 657 1942 720 sicut
1984 655 2044 718 ei
2075 655 2126 718 A
2157 674 2284 720 non
2328 667 2544 741 posset
2587 659 2949 723 intellectus
2988 659 3374 723 universalia
3415 666 3480 721 et
3519 659 3658 721 uni·

531 755 718 836 quod
751 774 865 837 per
893 775 962 820 se
991 773 1186 839 opera
1213 755 1476 819 rationis
1506 763 1778 818 exercet.
1809 755 1894 818 Ex
1925 755 2046 818 hoc
2155 755 2487 820 versaliter
2526 757 2901 840 intelligere.

531 861 762 916 autem
812 855 981 936 quod
1041 854 1254 916 anima
1313 854 1638 916 rationalis
1687 861 1804 926 est,
1855 853 2048 917 habet
2237 853 2561 926 Praeterea,
2596 872 2723 916 non
2767 862 2865 916 est
2907 853 3191 936 operatio
3230 861 3339 916 aut
3378 853 3659 935 potentia
3686 876 3791 906 vm·-

535 969 678 1014 non
717 969 856 1014 esse
897 952 1222 1016 materiale
1262 959 1325 1015 et
1367 951 1554 1014 inniti
1602 951 1904 1024 materiae,
1939 951 2047 1013 sed
2160 949 2411 1030 dignior
2440 953 2717 1014 essentia
2744 972 2781 1015 a
2810 971 2937 1034 qua
2981 952 3143 1015 fluit.
3179 953 3230 1014 A
3262 951 3659 1035 philosophis

541 1049 614 1111 in
650 1068 716 1112 se
745 1057 911 1112 stare
940 1056 1004 1113 et
1035 1049 1540 1113 immaterialiter
1569 1057 1758 1132 atque
1797 1048 2049 1110 univer·

539 1148 768 1210 saliter
806 1148 1076 1230 operari.
1115 1149 1178 1212 Si
1225 1147 1420 1228 igitur
1463 1147 1528 1209 in
1569 1167 1636 1210 se
1681 1155 1870 1220 stare,
1903 1164 2050 1210 con—

539 1246 842 1328 sequitur
883 1255 1174 1309 naturam
1220 1255 1286 1308 et
1335 1245 1768 1308 differentiam
1821 1246 2052 1309 animae

541 1345 868 1418 humanae,
901 1344 1156 1407 videtur
1194 1344 1562 1407 nullatenus
1600 1362 1785 1426 posse
1833 1345 1894 1406 ei
1941 1361 2051 1426 op-

543 1443 832 1524 positum
865 1443 1061 1523 hujus
1093 1443 1508 1524 inesse,quod
1541 1451 1638 1506 est
1667 1442 1810 1505 fieri
1843 1450 2052 1504 actum

535 1541 852 1614 materiae,
881 1549 950 1602 et
976 1559 1116 1604 esse
1161 1559 1276 1623 per
1303 1539 1477 1602 aliud
1523 1558 1664 1602 eam
1709 1540 2046 1622 recipiens.

631 1639 996 1713 Enimvero,
1051 1639 1106 1700 si
1160 1639 1609 1702 intellectualis
1665 1640 1879 1702 anima
1935 1640 2052 1702 im-

539 1737 836 1800 mortalis
879 1746 978 1800 est
1015 1739 1140 1818 (est
1182 1739 1446 1816 autem),
1497 1745 1650 1800 tunc
1697 1746 1840 1820 post
1879 1757 2054 1820 sepa-

2159 1057 2373 1110 autem
2405 1051 2785 1124 ostenditur,
2813 1052 2979 1133 quod
3012 1051 3368 1130 intelligere
3398 1057 3495 1112 est
3523 1050 3662 1112 sine

2164 1147 2449 1220 materia,
2493 1155 2557 1210 et
2598 1167 2843 1222 rursuS,
2894 1149 3066 1230 quod
3126 1148 3486 1210 intellectus
3544 1165 3661 1210 nec

2162 1244 2245 1306 sit
2293 1262 2547 1327 corpus,
2590 1265 2797 1327 neque
2846 1246 3049 1310 virtus
3098 1246 3161 1308 in
3210 1262 3496 1329 corpore,
3544 1263 3663 1308 nec

2163 1341 2365 1404 virtus
2398 1359 2701 1425 corporea
2732 1361 2745 1404 ε
2782 1362 2990 1425 neque
3021 1360 3171 1424 crgo
3211 1342 3663 1405 intellectualis

2164 1439 2440 1502 essentia
2496 1459 2637 1521 quae
2696 1441 2953 1504 illorum
3014 1460 3204 1504 causa
3262 1449 3379 1516 cst,
3429 1441 3661 1523 poterit

2162 1538 2307 1601 fieri
2354 1547 2535 1602 actus
2585 1541 2889 1623 corporis,

2244 1637 2349 1701 [1ae
2380 1656 2529 1718 ergo
2560 1647 2622 1702 et
2653 1639 2753 1702 his
2784 1640 3151 1702 consimiles
3190 1639 3487 1713 rationeS‚
3524 1640 3663 1722 plu-

2166 1735 2333 1798 rium
2386 1737 2912 1820 philosophorum
2962 1739 3209 1802 animos
3264 1739 3328 1800 in
3378 1739 3662 1802 diversas

537 1836 860 1899 rationem
907 1835 1198 1898 subsistit
1233 1836 1299 1898 in
1343 1836 1570 1898 eodem
1619 1854 1759 1898 esse
1811 1835 1876 1898 in
1924 1853 2052 1918 quo
2081 1833 2127 1896 B
2166 1835 2515 1916 positiones
2558 1836 3013 1917 perduxerunt.

535 1941 608 1996 et
657 1933 724 1994 in
768 1949 1030 2016 corpore
1065 1933 1378 1996 exsistens
1421 1933 1626 1996 stabat
1660 1951 1674 1994 ε
1707 1933 1894 1995 aliter
1923 1950 2051 1996 non

533 2039 718 2094 esset
773 2031 995 2094 eadem
1052 2031 1288 2094 anima.
1351 2032 1524 2095 Idem
1585 2031 1756 2094 enim
1817 2031 2054 2094 dicitur

534 2128 792 2212 aliquid
829 2129 910 2191 ab
953 2131 1178 2192 eodem
1217 2147 1358 2193 esse
1380 2147 1396 2208 ;
1444 2149 1582 2192 esse
1621 2147 1876 2213 quoque
1917 2130 2052 2192 ani-

539 2246 674 2290 mae
727 2227 1000 2308 simplex
1061 2234 1157 2290 est
1203 2235 1267 2290 et
1317 2227 1714 2310 impartibile
1771 2227 1940 2290 sicut
1988 2235 2051 2290 et

537 2326 707 2408 ipsa.
743 2325 903 2387 Illud
934 2343 1085 2406 ergo
1123 2345 1264 2389 esse
1306 2326 1370 2388 in
1415 2344 1542 2408 quo
1585 2326 1879 2389 subsistit
1917 2327 2049 2389 ani-

537 2443 650 2486 ma
697 2424 848 2487 dum
887 2432 1176 2506 separata
1217 2431 1314 2486 est
1351 2443 1388 2487 a
1425 2441 1713 2508 corpore,
1746 2425 1940 2489 etiam
1985 2425 2052 2488 in

533 2523 686 2586 sola
714 2523 990 2585 essentia
1020 2523 1248 2586 animae
1288 2523 1609 2586 radicatur
1647 2525 1800 2586 dum
1843 2524 2052 2586 adhuc

533 2621 608 2684 in
660 2637 923 2704 corpore
969 2629 1084 2684 est.
1121 2622 1299 2685 Sicut
1337 2639 1488 2704 ergo
1530 2630 1672 2705 post
1707 2623 2052 2706 separatio-

533 2739 700 2782 nem
748 2721 814 2782 in
861 2739 929 2783 se
978 2719 1292 2794 subsistit,
1345 2721 1438 2783 sic
1485 2728 1551 2783 et
1597 2728 1750 2784 tunc
1796 2721 2052 2803 quando

537 2819 610 2880 in
669 2836 932 2901 corpore
979 2818 1188 2881 adhuc
1237 2825 1472 2880 manet.
1527 2818 1604 2880 Et
1661 2819 1716 2881 si
1765 2819 1910 2900 quis
1961 2837 2054 2882 re-

531 2918 876 2999 spondeat,
921 2917 1090 2999 quod
1135 2935 1274 2980 esse
1317 2903 1548 2980 animae
1597 2917 1752 2979 dum
1803 2916 1868 2978 in
1919 2935 2051 2980 cor-

2530 2106 3019 2172 ARTICULUS
3063 2107 3297 2172 XCIV.

2162 2249 2259 2308 De
2318 2247 2643 2322 positione
2712 2249 3030 2308 Averrois
3096 2250 3277 2307 circa
3346 2257 3660 2310 naturam

2243 2337 2485 2396 animoe
2514 2337 2819 2397 humanoe
2856 2345 2916 2396 et
2958 2338 3267 2398 unionem
3298 2340 3665 2398 intellectus

2246 2428 2334 2485 ad
2362 2443 2615 2500 corpu&

2290 2619 2767 2684 RAEINDUCTIS
2838 2621 3031 2702 igitur
3099 2626 3662 2704 argumentationi-

2316 2717 2440 2780 bus
2492 2718 2897 2782 consentiens
2954 2722 3286 2796 AverrocS,
3347 2723 3411 2784 in
3473 2725 3662 2788 rudes

2164 2831 2409 2878 errores
2452 2816 2707 2879 subtilis
2756 2827 3217 2884 commentator
3266 2823 3495 2885 ductus
3542 2831 3657 2886 est.

2165 2914 2233 2975 ln
2294 2914 2519 2996 primis
2576 2932 2727 2996 ergo
2783 2917 2893 2990 ait,
2953 2917 3299 2982 humanam
3358 2921 3661 2995 animam,

531 3033 704 3098 pore
733 3023 848 3090 est,
881 3017 964 3078 sit
1005 3016 1196 3079 totius
1239 3015 1518 3080 materiae
1557 3024 1622 3078 et
1661 3015 1904 3089 formas,
1939 3016 2049 3078 sed
2084 3013 2128 3078 C
2168 3030 2310 3093 quae
2342 3013 2621 3076 materiae
2658 3021 2838 3076 actus
2877 3023 2973 3076 est
3013 3023 3075 3078 et
3113 3016 3394 3080 hominis
3436 3018 3661 3093 forma,

527 3115 704 3176 dum
753 3121 1100 3196 separatur,
1153 3121 1306 3176 tunc
1357 3113 1622 3177 retrahit
1671 3115 1864 3176 totius
1910 3133 2050 3178 esse

525 3213 618 3274 ad
681 3230 788 3290 se;
837 3213 1007 3276 istud
1055 3230 1184 3275 non
1234 3212 1426 3276 solvit
1471 3213 1602 3276 vim
1651 3221 2050 3294 argumenta-

523 3309 742 3373 tionis
789 3329 802 3372 :
850 3318 984 3373 tum
1037 3311 1188 3392 quia
1235 3328 1426 3375 omne
1476 3328 1616 3374 esse
1665 3312 1836 3393 quod
1883 3329 2052 3375 com-

527 3427 734 3471 mune
762 3417 858 3472 est
889 3409 1168 3472 materiae
1207 3417 1272 3472 et
1313 3407 1534 3473 formae
1567 3417 1664 3470 est
1699 3409 2047 3485 materiale,

527 3515 605 3570 et
649 3507 776 3569 tale
814 3507 1132 3588 dependet
1168 3525 1206 3568 a
1243 3507 1530 3579 materia,
1567 3507 1838 3589 ideoque
1879 3507 2048 3571 inse-

531 3604 832 3688 parabile
875 3611 1012 3682 est3
1047 3611 1184 3666 tum
1232 3605 1382 3686 quia
1423 3605 1594 3668 idem
1637 3623 1780 3668 esse
1824 3614 2049 3688 potens

527 3711 646 3766 est
677 3701 1014 3784 utrobique
1043 3703 1192 3764 dare
1221 3702 1511 3765 eamdem
1542 3701 2046 3766 subsistentiam.

629 3802 959 3873 Praeterea‚
995 3800 1272 3864 materiae
1301 3809 1398 3863 est
1423 3801 1872 3874 determinare,
1907 3820 2052 3865 con-

533 3900 824 3972 trahere,
875 3906 940 3962 et
983 3898 1062 3961 ad
1111 3906 1402 3961 naturam
1450 3899 1548 3962 sui
1601 3899 1878 3962 limitare
1927 3900 2054 3965 for-

533 4017 724 4062 mam
743 4015 757 4058 :
775 3997 964 4077 cujus
994 3997 1328 4059 verissima
1358 3997 1518 4059 ratio
1546 4005 1666 4071 est,
1685 3997 1837 4079 quia
1867 4015 2052 4061 omne

533 4097 722 4178 quod
751 4095 1056 4177 recipitur
1083 4104 1194 4158 aut
1219 4094 1470 4158 exsistit
1499 4094 1562 4157 in
1591 4095 1730 4168 alio,
1747 4096 2054 4179 recipitur

2166 3111 2651 3193 corruptibilem
2700 3131 2861 3186 esse,
2908 3121 2971 3176 et
3012 3115 3091 3176 de
3140 3117 3426 3197 potentia
3474 3125 3667 3182 mate-

2166 3209 2276 3273 riae
2314 3210 2609 3272 eductam
2646 3229 2660 3273 ι
2694 3213 2863 3274 unde
2893 3213 3085 3276 etiam
3118 3214 3301 3288 dixit,
3334 3217 3659 3280 hominem

2163 3307 2375 3370 sortiri
2406 3310 2689 3390 speciem
2727 3329 2765 3372 a
2801 3311 3035 3374 virtute
3076 3313 3436 3394 cogitativa,
3470 3335 3661 3398 quam

2160 3405 2529 3468 Aristoteles
2559 3407 2839 3489 appellat
2868 3409 3265 3474 intellectum
3296 3414 3659 3494 passivum:

2162 3522 2305 3586 quae
2362 3505 2647 3586 potentia
2693 3506 2759 3567 in
2808 3505 3013 3568 brutis
3062 3509 3438 3574 aestimativa
3483 3529 3664 3574 voca-

2160 3611 2283 3665 tur.
2319 3603 2612 3666 Secundo
2641 3604 2748 3677 ait,
2782 3605 2951 3686 quod
2991 3605 3355 3670 intellectus
3392 3610 3663 3692 possibi-

2164 3701 2262 3775 lis,
2283 3720 2475 3783 quem
2505 3701 2926 3783 Philosophus
2956 3703 3245 3767 nominat
3272 3717 3658 3788 separatum,

2164 3799 2556 3872 immixtum,
2616 3799 2980 3881 simplicem
3040 3809 3103 3863 et
3170 3802 3658 3885 impassibilem,

2164 3915 2291 3960 non
2348 3898 2433 3960 sit
2488 3898 2729 3980 aliquid
2789 3898 3041 3972 animae,
3091 3919 3301 3982 neque
3352 3903 3662 3984 perfectio

2163 3995 2449 4058 formalis
2488 3997 2789 4071 hominis,
2820 3997 2933 4059 sed
2972 3998 3328 4061 substantia
3369 4003 3660 4082 quaedam

2164 4101 2468 4176 separata.
2520 4091 2667 4167 Quae
2728 4094 3084 4158 substantia
3128 4098 3227 4176 (ut
3286 4097 3403 4177 ait)
3455 4100 3662 4183 dupli·

529 4204 612 4261 et
657 4203 756 4258 est
799 4195 864 4257 in
897 4194 1008 4257 illo
1051 4194 1406 4256 secundum
1455 4195 1714 4256 modum
1755 4195 1949 4258 illius.
1985 4195 2050 4258 Si
2083 4194 2134 4257 D
2166 4192 2323 4253 citer
2371 4191 2757 4254 considerari
2806 4200 3035 4274 potest,
3076 4194 3378 4258 videlicet
3418 4215 3432 4258 ε
3478 4205 3545 4259 ut
3594 4199 3659 4262 in

528 4312 705 4376 ergo
733 4291 1181 4356 intellectualis
1211 4291 1486 4354 essentia
1515 4293 1596 4354 sit
1625 4299 1804 4356 actus
1835 4311 2052 4375 eorpo-

527 4395 662 4468 riS,
699 4391 1112 4454 determinata
1141 4396 1309 4453 esset
1335 4391 1415 4452 ad
1445 4399 1736 4454 naturam
1775 4391 2052 4456 materiae

527 4499 613 4554 et
659 4489 1004 4552 materialis
1045 4487 1420 4550 efficeretur
1451 4505 1466 4549 ε
1503 4505 1630 4570 quo
1669 4489 1836 4562 datu,
1869 4489 2054 4571 plura

528 4596 928 4671 sequuntur.
973 4587 1202 4660 Primo,
1246 4587 1417 4668 quod
1461 4586 1544 4648 sit
1587 4587 2049 4669 corruptibiliS,

525 4687 722 4751 sicut
751 4686 911 4749 bene
939 4685 1218 4749 ostendit
1245 4684 1784 4748 Alexander.ldeo
1813 4686 2050 4748 etenim

525 4786 828 4850 dicimus
869 4784 1080 4846 visum
1125 4792 1190 4846 et
1230 4783 1568 4846 sensitivas
1611 4783 1780 4845 vires
1821 4785 2052 4848 animae

527 4883 902 4965 corrumpi,
952 4882 1104 4964 quia
1151 4888 1302 4943 sunt
1353 4880 1622 4944 virtutes
1669 4881 2048 4957 materialeS‚

523 4993 608 5050 et
639 4984 714 5044 in
741 4999 976 5062 organo
1006 4987 1369 5062 operantur.
1407 4979 1700 5043 Secundo
1739 4981 2048 5061 sequitur,

523 5092 616 5147 ut
665 5081 978 5144 Averroes
1023 5080 1252 5159 arguit,
1303 5078 1473 5160 quod
1521 5078 1769 5160 species
1821 5079 2052 5141 intelli-

517 5179 780 5265 gibiles
833 5185 1048 5240 essent
1105 5175 1530 5238 individuales
1579 5182 1644 5238 et
1699 5194 1844 5237 cum
1905 5194 2054 5239 con-

518 5275 903 5346 ditionibus
935 5273 1372 5338 materialibus
1401 5273 1468 5337 in
1499 5272 1931 5350 intellectu,et
1959 5275 2052 5338 sic

2165 4309 2232 4352 se
2276 4289 2651 4364 subsisten3‚
2686 4299 2748 4353 et
2791 4291 2883 4353 sic
2928 4291 3228 4374 intelligit
3270 4304 3557 4377 separata
3599 4305 3663 4361 et

2164 4396 2496 4470 perpetua,
2526 4390 2605 4450 ad
2644 4407 2917 4470 quorum
2958 4393 3563 4475 contemplationem
3594 4416 3663 4460 se

2164 4486 2358 4549 habet
2395 4485 2562 4548 sicut
2600 4487 2985 4570 diaphanum
3027 4490 3105 4552 ad
3146 4491 3385 4554 lumen.
3421 4492 3541 4556 Sed
3570 4515 3663 4558 se-

2164 4585 2449 4647 cundum
2504 4585 2674 4666 quod
2727 4587 3137 4650 continuatur
3193 4589 3399 4664 nobiS,
3450 4600 3547 4654 est
3594 4593 3660 4658 in

2166 4684 2451 4765 potentia
2506 4691 2576 4746 ut
2618 4684 2991 4765 perficiatur
3036 4705 3072 4748 a
3120 4687 3345 4751 formis
3408 4707 3663 4754 sensua-

2166 4782 2357 4854 libus,
2409 4801 2551 4863 quae
2602 4800 2715 4862 per
2764 4782 3239 4847 irradiationem
3296 4787 3660 4852 intellectus

2162 4880 2407 4960 agentis
2471 4878 2928 4941 abstrahuntur
2985 4899 3021 4942 a
3085 4882 3655 4964 phantasmatibus.

2163 4979 2410 5060 Quippe
2459 4995 2657 5058 quum
2719 4976 3081 5040 intellectus
3140 4981 3257 5044 iste
3308 4984 3657 5065 possibiliS,

2163 5079 2229 5140 in
2278 5083 2587 5159 quantum
2636 5084 2987 5156 separatus,
3038 5094 3165 5140 non
3222 5080 3307 5141 sit
3350 5100 3541 5146 causa
3590 5092 3661 5148 ut

2165 5194 2279 5258 per
2310 5176 2521 5256 ipsum
2561 5173 2851 5235 dicamur
2890 5174 3269 5256 intelligere,
3302 5182 3528 5262 satagit
3565 5182 3658 5244 in-

2168 5275 2384 5338 venire
2423 5272 2685 5336 modum
2724 5288 2852 5355 quo
2895 5271 3139 5336 salvare
3176 5285 3368 5359 queat
3404 5297 3519 5343 nos
3558 5299 3661 5346 ve-
