4300 6259
714 499 1135 546 saumario
1174 497 1634 546 rumosot’mm.
1678 513 1759 524 —
1800 495 1881 542 ΒΕ
1920 495 2320 542 ΕΙΑΝΑΤΙΟΝΒ
2361 495 2787 544 Umvssnsoncn
2827 499 2868 544 A
2913 499 3030 546 DBO
3347 483 3426 546 93

322 667 529 748 agenti
572 668 877 732 convenit
905 667 1309 732 nobilissimo
1338 667 1527 731 modo
1564 663 1815 748 operari
1847 663 1901 728 A
1930 666 2123 728 simul
2191 666 2497 748 agnoscit,
2567 684 2686 728 nec
2751 666 2994 749 aliquid
3068 667 3426 730 necessario

318 785 393 828 ac
427 767 633 830 iacere
666 785 681 830 ε
715 769 885 850 quod
930 776 1027 829 est
1062 767 1311 850 operari
1350 765 1673 848 sapienter
1704 781 1820 846 per

319 865 745 938 intellectum,
803 867 984 946 juxta
1042 872 1547 948 praeconceptam
1606 863 1817 945 operis

319 962 651 1037 rationem,
698 964 1237 1047 quemadmodum
1286 964 1349 1026 in
1398 962 1561 1024 libro
1606 962 1817 1024 Fontis

318 1061 461 1124 vitae
488 1061 889 1144 deprompsit
916 1059 1481 1124 Avieebron.Unde
1513 1061 1577 1121 in
1612 1058 1819 1141 primo

316 1159 535 1220 Timui
585 1160 891 1222 disseruit
940 1158 1467 1242 philosophorum
1518 1158 1709 1220 decor
1754 1163 1819 1219 et

318 1255 439 1318 flos
472 1257 667 1328 Plato,
701 1258 870 1340 quod
909 1258 1019 1319 Dei
1063 1256 1356 1318 voluntas
1400 1256 1485 1317 sit
1524 1254 1815 1317 omnium

318 1355 525 1435 prima
582 1374 795 1428 causa,
856 1363 921 1417 et
975 1355 1144 1436 quod
1206 1354 1532 1416 voluntate
1588 1360 1819 1415 cuncta

314 1451 555 1514 effecit.
602 1453 931 1517 Avicenna
972 1470 1229 1536 quoque
1278 1459 1341 1514 et
1378 1451 1631 1532 Algazel
1678 1468 1819 1533 pro-

312 1551 671 1614 cessionem
702 1571 919 1614 rerum
957 1570 995 1613 a
1034 1550 1245 1633 primo
1284 1550 1605 1632 principio
1644 1567 1815 1612 com-

312 1657 701 1730 paraverunt
744 1649 1149 1732 productioni
1194 1647 1685 1711 artificiatorum
1732 1646 1813 1709 ab

309 1746 586 1810 artifice.

1930 765 2088 839 vult,
2140 766 2266 828 nisi
2327 764 2650 847 propriam
2709 764 3082 838 bonitatem,
3133 785 3274 848 quae
3331 773 3428 828 est

1929 861 2051 924 sibi
2093 863 2256 926 ratio
2303 861 2558 924 volendi
2608 861 3046 945 diligendique
3093 863 3238 936 alia,
3285 882 3428 946 quae

1928 978 2045 1022 nec
2078 959 2245 1022 bona
2285 967 2436 1024 sunt
2474 979 2550 1022 ex
2591 979 2680 1032 se,
2727 979 2845 1022 nec
2884 961 3069 1023 aliter
3108 961 3232 1023 nisi
3271 977 3426 1044 quo-

1928 1057 2100 1120 niam
2136 1059 2300 1120 Deus
2339 1057 2543 1121 voluit
2590 1077 2664 1120 ea
2711 1077 2852 1122 esse
2901 1077 2975 1121 ac
3029 1077 3208 1121 suam
3251 1058 3426 1122 boni-

1929 1162 2121 1218 tatem
2175 1155 2576 1238 participare.
2627 1157 2858 1238 Sicque
2899 1157 3104 1219 voluit
3147 1175 3242 1230 ea,
3300 1175 3424 1220 non

1928 1255 2109 1337 quasi
2142 1254 2309 1317 bona
2340 1273 2416 1317 ex
2449 1272 2558 1332 se;
2591 1255 2700 1318 sed
2730 1255 2882 1337 quia
2912 1255 3115 1317 voluit
3153 1274 3249 1329 ea,
3285 1255 3428 1319 ideo

1928 1351 2092 1414 bona
2120 1359 2290 1414 sunt.
2325 1352 2501 1426 Quod
2531 1369 2658 1414 non
2691 1353 3100 1415 attenderunt
3143 1353 3426 1435 praetacti

1928 1449 2315 1532 philosophi.

2172 1659 2694 1725 PROPOSITIO
2741 1659 3184 1726 LXXXVIII.

386 1845 847 1909 Verumtamen
882 1845 1067 1908 multi
1099 1845 1571 1928 praecipuorum
1612 1843 1813 1926 philo-
1850 1848 1897 1912 B
2006 1843 2277 1909 Prima
2343 1859 2584 1912 eausa
2653 1847 2739 1911 in
2807 1845 3204 1925 sapientia
3277 1860 3423 1912 sua

310 1944 661 2026 sophorum
698 1944 1021 2025 imaginati
1054 1951 1225 2018 sunt,
1258 1944 1459 2006 Deum
1492 1962 1671 2006 suam
1706 1943 1813 2006 bo-

310 2043 579 2106 nitatem
620 2044 1131 2106 communicasse
1170 2043 1399 2104 creatis
1436 2042 1813 2105 necessitate

308 2141 587 2223 quadam
621 2149 885 2212 naturae,
918 2159 1045 2204 non
1086 2141 1311 2214 libere,
1345 2141 1431 2204 ita
1476 2142 1646 2224 quod
1686 2159 1811 2204 non

310 2241 517 2322 potuit
556 2259 701 2302 eam
748 2239 905 2322 ipsis
949 2257 1079 2302 non
1121 2241 1651 2312 communicasse,
1694 2257 1811 2302 nec

307 2338 493 2400 aliter
522 2338 759 2400 fecisse
790 2357 979 2421 quam
1014 2338 1168 2400 fecit
1201 2355 1215 2400 z
1251 2355 1377 2400 non
1407 2338 1576 2420 quod
1608 2337 1671 2400 vi
1702 2346 1813 2399 aut

308 2437 641 2499 coactione
691 2435 1011 2518 impulsus
1070 2435 1265 2498 ruerit
1311 2436 1388 2498 ad
1438 2436 1809 2508 creandum,

308 2535 415 2596 sed
448 2535 625 2616 quod
656 2553 733 2597 ex
766 2532 1309 2616 superabundanti
1340 2551 1412 2595 ac
1444 2533 1811 2596 liberalissi-

308 2651 408 2694 ma
452 2651 573 2695 sua
614 2632 899 2695 bonitate
938 2631 1301 2714 nequiverit
1328 2649 1399 2694 se
1430 2631 1757 2694 continere
1792 2649 1807 2694 z

306 2731 633 2812 siquidem
676 2730 821 2811 cjus
866 2729 1159 2792 voluntas
1203 2729 1565 2792 necessario
1610 2729 1813 2792 voluit

307 2830 471 2910 quod
508 2827 879 2890 intellectus
923 2834 987 2889 et
1026 2826 1343 2909 sapientia
1380 2827 1522 2908 ejus
1561 2828 1813 2890 censuit

304 2934 365 2988 et
394 2925 669 2988 dictavit
700 2924 1297 2998 melius,decentius
1326 2943 1400 2986 ac
1430 2925 1813 2988 convenien-

1924 1943 2222 2008 aeterna
2251 1943 2610 2009 instituit
2637 1943 2997 2010 ordinem
3037 1944 3422 2024 universi,

1922 2041 2005 2105 et
2054 2054 2200 2120 per
2247 2053 2334 2106 se
2381 2040 2638 2122 ipsam
2687 2043 2948 2122 primo
2996 2056 3088 2108 ac
3143 2043 3418 2108 imme-

1923 2135 2139 2204 diate
2170 2141 2540 2206 exsecuta
2582 2141 2704 2206 est
2744 2141 2827 2206 et
2867 2141 3202 2218 digessit
3229 2155 3418 2207 eum

1922 2237 2009 2302 in
2060 2239 2472 2303 creaturis.

2002 2333 2178 2407 Quod
2239 2340 2356 2408 est,
2407 2335 2710 2418 quoniam
2771 2335 2927 2399 ordo
2980 2336 3264 2400 universi
3324 2346 3422 2400 est

1922 2433 2077 2515 quid
2120 2433 2438 2514 optimum
2483 2433 2548 2496 in
2589 2435 2812 2497 eodem
2848 2452 2862 2496 ε
2899 2434 3138 2497 ideirco
3177 2453 3214 2497 a
3253 2453 3423 2498 sum-

1924 2548 2029 2592 mo
2088 2530 2256 2594 bono
2315 2531 2554 2594 directe
2612 2539 2676 2594 et
2723 2531 3023 2595 effective
3083 2533 3414 2615 profluxit.

1922 2629 2186 2703 Rursus,
2236 2631 2544 2712 sapientis
2589 2639 2686 2694 est
2732 2631 3028 2694 ordinare
3077 2640 3138 2694 et
3190 2640 3423 2694 cuncta

1920 2727 2210 2790 ordinate
2253 2747 2572 2810 peragere.
2617 2730 2875 2803 lterum,
2922 2730 3280 2792 essentialis
3328 2749 3420 2792 re·

1922 2844 2065 2887 rum
2096 2827 2269 2900 ordo,
2303 2834 2365 2890 et
2405 2845 2606 2890 nexus
2644 2845 2718 2889 ac
2759 2827 3080 2908 colligatio
3111 2829 3420 2903 universi,

1922 2923 2288 2988 immediate
2317 2925 2731 3007 consequitur
2763 2934 3020 2988 naturas
3059 2945 3132 2989 ac
3173 2928 3422 3010 species

306 3026 430 3086 tius
480 3041 653 3097 esse,
702 3021 1006 3085 videlicet
1061 3041 1241 3085 suam
1291 3021 1641 3086 bonitatem
1690 3023 1809 3086 dir-
1843 3025 1889 3092 C
1926 3041 2141 3086 rerum
2173 3023 2478 3087 habentes
2511 3043 2578 3086 se
2609 3025 2809 3087 instar
2836 3043 3272 3088 numerorum.
3309 3026 3422 3088 Na-

308 3121 581 3185 fundere
634 3139 710 3183 ac
758 3121 1068 3184 mundum
1120 3121 1494 3202 producere,
1538 3121 1703 3184 sicut
1746 3129 1811 3184 et

306 3221 478 3284 fecit.
528 3220 847 3301 Denique,
908 3238 1109 3302 quum
1169 3218 1307 3301 ipse
1364 3219 1449 3281 sit
1507 3220 1809 3282 naturali·

302 3327 399 3381 ter
470 3319 709 3392 bonus,
780 3318 1153 3380 naturaliter
1224 3318 1361 3380 vult
1434 3317 1629 3392 bona,
1690 3338 1809 3382 nec

304 3426 509 3500 potest
550 3436 633 3480 ea
670 3435 799 3480 non
847 3416 1035 3488 velle,
1074 3435 1192 3479 nec
1231 3417 1447 3479 decuit
1497 3436 1647 3480 eum
1690 3418 1812 3480 dil'-

300 3516 485 3579 ferre.

380 3615 505 3676 Ista
538 3612 671 3675 l'uit
703 3612 1229 3695 philosophorum
1262 3615 1623 3695 prudentia,
1646 3622 1711 3677 et
1740 3623 1811 3677 ut

304 3720 597 3795 apparet,
634 3711 989 3774 Aristotelis
1021 3729 1277 3793 quoque
1308 3711 1597 3786 intentio,
1639 3731 1809 3776 asse-

300 3813 496 3874 rentis
550 3809 732 3894 quod
776 3829 977 3872 unum
1020 3816 1083 3871 et
1128 3809 1297 3872 idem
1347 3811 1571 3874 eodem
1620 3812 1807 3875 modo

298 3928 361 3972 se
404 3909 663 3971 habens
695 3907 849 3969 facit
888 3907 1079 3980 idem,
1111 3915 1301 3990 atque
1345 3909 1513 3990 quod
1556 3909 1638 3971 ab
1680 3928 1809 3974 uno

298 4008 581 4090 simplici
610 4004 1107 4087 invariabilique
1127 4015 1351 4086 agente
1372 4023 1497 4069 non
1522 4009 1807 4089 procedit

301 4105 679 4168 immediate
726 4103 847 4166 nisi
896 4122 1117 4166 unum.
1168 4104 1327 4166 Hinc
1368 4105 1613 4186 opinati
1658 4115 1807 4170 sunt

1922 3130 2094 3184 turas
2142 3130 2356 3185 autem
2399 3131 2462 3186 et
2507 3123 2752 3205 species
2793 3123 3040 3185 entium
3090 3123 3421 3187 instituere

1924 3219 1985 3282 in
2018 3239 2108 3293 se,
2140 3239 2216 3282 ac
2247 3221 2632 3284 constituere
2675 3220 2830 3284 foris
2866 3221 2934 3282 in
2974 3220 3188 3295 rebuS,
3223 3222 3420 3284 solius

1920 3327 2017 3381 est
2044 3319 2176 3381 Dei.
2211 3319 2359 3382 ldeo
2389 3319 2524 3401 ipse
2555 3337 2670 3402 per
2709 3339 2776 3382 se
2819 3321 3208 3394 immediate,
3243 3321 3420 3384 nullo

1922 3423 2133 3478 creato
2170 3424 2394 3496 agente
2433 3426 2877 3491 concausante,
2912 3418 3198 3480 condidit
3239 3437 3420 3480 mun·

1920 3515 2097 3588 dum,
2161 3515 2224 3576 id
2283 3522 2380 3576 est
2437 3515 2766 3578 universas
2827 3516 3280 3598 intelligentias
3346 3535 3420 3580 ac

1920 3611 2107 3674 orbes
2138 3612 2452 3686 coelesteS,
2485 3619 2550 3674 et
2587 3613 2904 3676 elementa
2942 3632 3012 3676 ac
3056 3633 3268 3677 rerum
3311 3634 3418 3678 na·

1919 3718 2115 3784 turas,
2150 3711 2270 3772 hoc
2301 3719 2394 3772 est
2426 3711 2632 3793 prima
2663 3711 2992 3774 individua
3031 3714 3413 3794 specierum.

2000 3809 2236 3872 Verum
2281 3809 2449 3871 circa
2489 3808 2610 3872 hoc
2654 3809 2846 3872 etiam
2893 3809 3168 3892 majores
3210 3811 3420 3894 philo-

1920 3909 2103 3991 sophi
2174 3907 2449 3989 graviter
2515 3916 2905 3981 erraverunt,
2977 3909 3311 3990 opinantes
3382 3930 3418 3972 a

1918 4007 2400 4089 simplicissimo
2449 4014 2514 4068 et
2572 4005 2932 4069 invariabili
2982 4008 3110 4070 Deo
3157 4026 3418 4090 prorsus

1919 4105 2326 4167 uniformiter
2381 4123 2448 4166 se
2507 4102 2801 4178 habente,
2853 4121 2980 4167 non
3031 4105 3418 4187 profluxisse

302 4205 623 4268 mundum
662 4202 743 4265 ab
782 4211 1019 4264 aeterno
1058 4202 1276 4264 fuisse.
1314 4203 1547 4265 Verum
1594 4204 1658 4266 in
1706 4205 1805 4268 his
1838 4208 1889 4272 D
1918 4222 2033 4286 per
2074 4205 2460 4266 creationem
2505 4201 2872 4265 immediate
2919 4203 3044 4266 nisi
3093 4223 3414 4268 summam

300 4303 589 4366 deviasse
642 4308 1011 4362 noscuntur.
1058 4300 1358 4374 Quamvis
1398 4303 1571 4364 enim
1612 4321 1805 4384 agens

300 4400 589 4464 naturale
628 4399 853 4462 eodem
892 4399 1079 4462 modo
1108 4418 1177 4462 se
1206 4399 1471 4474 habenS,
1495 4401 1577 4464 sit
1606 4403 1807 4466 deter-

302 4501 617 4564 minatum
651 4497 997 4575 adunum3
1028 4505 1307 4561 attamen
1339 4517 1531 4580 agens
1564 4501 1806 4564 intelle-

297 4599 499 4662 ctuale
542 4595 1027 4680 sapientissime
1067 4613 1361 4678 operanS,
1396 4597 1671 4662 liberum
1708 4609 1805 4662 est

294 4699 369 4760 ad
400 4707 779 4778 utrumque.
814 4695 1149 4778 Quumque
1180 4696 1347 4758 Deus
1378 4697 1805 4762 essentialiter

296 4797 547 4878 sapiens
598 4795 689 4857 sit
735 4800 801 4856 et
851 4794 1165 4875 sapientia
1230 4795 1367 4877 ipsa
1421 4814 1495 4858 ac
1552 4816 1805 4861 summa

296 4897 576 4969 libertas,
630 4892 935 4956 universa
981 4900 1043 4954 et
1092 4893 1343 4973 singula
1390 4912 1519 4957 uno
1568 4896 1803 4960 intuitu

294 4991 877 5076 comprehendens,
902 5009 973 5052 ac
1006 4990 1223 5064 simul,
1255 5009 1383 5054 non
1414 4994 1799 5070 successive,

294 5093 684 5157 aeternaliter
714 5106 987 5152 noscens
1016 5107 1089 5150 ac
1122 5089 1629 5155 intellectualiter
1658 5111 1803 5175 ope-

296 5210 481 5271 rans3
516 5191 669 5253 ideo
698 5187 1001 5251 convenit
1029 5187 1089 5250 ei
1121 5187 1307 5270 plura
1333 5189 1529 5253 simul
1574 5193 1803 5273 produ·

298 5309 437 5354 cere
470 5289 683 5353 libere
728 5293 921 5370 prout
956 5285 1117 5360 vult,
1150 5289 1689 5370 quemadmodum
1727 5309 1802 5353 ea

1916 4320 1989 4364 ac
2040 4301 2310 4384 primam
2371 4299 2880 4381 intelligentiam,
2930 4309 3122 4384 atque
3169 4302 3250 4365 ab
3311 4305 3418 4368 illa

1916 4400 2262 4462 secundam
2295 4398 2780 4479 intelligentiam
2813 4418 2952 4462 esse
2984 4408 3280 4464 creatam.
3302 4403 3416 4465 lta-

1917 4517 2039 4580 que
2078 4499 2404 4561 Avieenna
2445 4514 2613 4559 nono
2651 4498 3092 4580 Metaphysicae
3131 4519 3261 4563 suae
3296 4518 3309 4562 ε
3343 4503 3412 4564 ln

1916 4597 2124 4679 prima
2169 4596 2438 4678 (inquit)
2485 4596 2925 4676 intelligentia,
2971 4615 3048 4659 eo
3099 4597 3236 4680 ipso
3285 4617 3414 4680 quo

1913 4714 1949 4757 a
1980 4695 2188 4777 primo
2225 4702 2450 4776 agente
2490 4702 2698 4756 creata
2737 4703 2854 4768 est,
2889 4697 3250 4760 necessario
3289 4717 3412 4761 coe·

1916 4793 2009 4876 pit
2052 4812 2191 4855 esse
2236 4812 2308 4855 ac
2358 4793 2480 4854 l'uit
2522 4793 2910 4874 possibilitas
2950 4812 3059 4856 seu
3105 4797 3411 4876 potentia·

1915 4892 2057 4954 litas
2088 4892 2397 4973 quaedam.
2435 4891 2592 4953 Hinc
2625 4890 3042 4972 intelligentia
3081 4893 3188 4956 illa
3229 4895 3414 4957 intel-

1916 4991 2069 5053 lexit
2108 5008 2254 5052 mox
2285 4991 2423 5063 tria,
2459 4989 2776 5064 videlicet,
2813 5009 3066 5052 causam
3108 4993 3406 5074 primam,

1912 5095 1975 5150 et
2004 5089 2322 5170 propriam
2350 5087 3128 5170 actualitatem‚propriam
3157 5109 3410 5174 quoque

1912 5187 2461 5270 potentialitatem.
2496 5188 2564 5248 In
2597 5195 2907 5268 quantum
2941 5188 3255 5253 intellexit
3283 5193 3408 5274 pri-

1914 5307 2084 5350 mam
2116 5305 2396 5362 causam,
2429 5287 2740 5370 processit
2767 5286 2848 5349 ab
2877 5307 2952 5351 ea
2989 5288 3410 5374 intelligentia
