4300 6259
862 485 942 550 46
1171 504 1595 551 nmmum
1637 502 2094 551 rumosol‘mm.
2140 520 2222 531 -··
2261 502 2341 547 DE
2384 500 2817 550 sth'rANTlAm
2858 503 3181 553 CORPORUM
3221 505 3660 555 conposlrlorm

867 680 951 746 ta,
985 692 1128 755 quae
1167 673 1288 737 rite
1329 681 1701 757 pensantem
1745 681 1934 755 atque
1977 680 2162 734 acute
2214 689 2360 735 con·
2392 670 2441 735 A
2475 691 2589 735 sua
2627 671 2949 738 infusione
2996 683 3208 758 posset
3254 677 3473 741 omnia
3519 677 3629 741 illa
3677 677 3755 740 de
3802 691 3969 739 novo

867 769 1253 834 siderantem
1293 771 1592 833 videntur
1627 771 1706 833 ad
1739 769 1924 832 aliter
1954 768 2359 831 sentiendum

866 867 1048 949 quasi
1116 868 1519 950 compellere.
1583 867 1884 950 Sequitur
1940 884 2217 947 namque
2283 883 2363 928 ex

864 965 976 1027 illa
1019 966 1347 1049 opinione,
1393 967 1560 1049 quod
1611 967 1678 1029 in
1727 965 1902 1029 omni
1953 965 2363 1045 corruptione

861 1062 980 1126 fiat
1009 1064 1313 1127 resolutio
1344 1083 1545 1146 usque
1574 1065 1651 1126 ad
1684 1064 1958 1145 primam
1991 1063 2359 1126 materiam:

863 1164 1084 1245 sicque
1125 1182 1243 1225 nec
1288 1163 1509 1226 eadem
1554 1162 1874 1245 quantitas
1918 1180 2211 1234 numero,
2244 1180 2363 1223 nec

861 1262 1084 1325 eadem
1116 1262 1386 1344 qualitas
1429 1269 1678 1325 maneat
1718 1261 1784 1323 in
1830 1268 2077 1324 mortuo
2119 1268 2184 1322 et
2228 1279 2361 1324 cor-

860 1368 1068 1442 rupto,
1089 1380 1231 1443 quae
1253 1360 1376 1423 suit
1407 1362 1471 1423 in
1503 1367 1802 1441 generato
1832 1367 1896 1422 et
1917 1360 2081 1421 vivo,
2109 1359 2359 1441 Sicque,

859 1458 1041 1521 verbi
1078 1459 1300 1539 gratia,
1336 1459 1402 1521 in
1442 1459 1704 1523 homine
1744 1458 2074 1530 decollato,
2109 1464 2219 1519 aut
2258 1477 2361 1519 su-

861 1557 995 1621 bito
1044 1565 1316 1631 mortu0,
1361 1575 1488 1620 non
1539 1564 1824 1621 remanet
1871 1556 2041 1618 idem
2091 1573 2362 1618 numero

860 1657 1054 1730 color,
1116 1664 1228 1719 aut
1285 1656 1477 1731 calor,
1531 1656 1838 1718 eademve
1897 1653 2184 1728 cicatrix,
2245 1673 2361 1717 nec

858 1756 1082 1818 eadem
1114 1774 1382 1819 numero
1424 1754 1740 1817 dimensio
1784 1761 1893 1815 aut
1939 1752 2146 1833 figura
2181 1770 2195 1815 :
2232 1753 2361 1816 imo

2472 770 2845 852 producere,
2897 773 3089 835 etiam
3151 775 3214 837 in
3268 774 3527 838 instanti
3574 784 3685 838 aut
3732 774 3967 847 subito,

2472 886 2599 931 non
2640 870 3027 951 oportuisset
3066 872 3481 956 embryonem
3533 892 3647 957 per
3694 881 3787 937 tot
3833 872 3970 935 dies

2471 967 2748 1049 disponi,
2780 970 3129 1050 organizari
3170 979 3234 1033 et
3270 970 3556 1053 figurari.
3588 972 3719 1035 Nec
3755 970 3972 1053 aliquo

2474 1066 2661 1128 modo
2710 1067 3042 1129 veritatem
3092 1068 3374 1143 sortitur,
3419 1070 3590 1152 quod
3639 1070 3853 1132 anima
3902 1068 3971 1129 in

2473 1182 2587 1227 sua
2617 1164 2939 1227 infusione
2985 1174 3193 1247 potest
3233 1185 3459 1231 omnes
3500 1168 3640 1229 illas
3679 1167 3969 1230 acciden-

2472 1261 2629 1324 tales
2685 1262 2923 1325 formas
2978 1265 3406 1345 quantitatum
3467 1274 3530 1328 et
3588 1264 3965 1348 qualitatum

2474 1360 2846 1441 producere,
2878 1362 2956 1424 ad
2986 1382 3144 1444 quas
3176 1371 3266 1425 tot
3298 1372 3508 1427 motus
3545 1372 3737 1446 atque
3777 1363 3966 1425 influ-

2472 1476 2589 1519 xus
2630 1458 2985 1523 coelestium
3037 1478 3375 1543 corporum
3427 1462 3771 1525 necessarii
3820 1468 3967 1524 sunt

2472 1562 2535 1617 et
2569 1565 2959 1619 concurrunt
3008 1575 3021 1620 :
3070 1559 3199 1622 imo
3247 1578 3364 1622 nec
3413 1560 3523 1624 illa
3570 1560 3965 1622 instantanee

2473 1664 2732 1736 possent
2761 1656 3027 1737 produci
3059 1657 3183 1719 nisi
3218 1678 3331 1741 per
3362 1659 3747 1722 creationem
3774 1666 3837 1720 et
3864 1678 3965 1720 su-

2472 1754 2858 1834 pernaturali
2890 1755 3703 1840 virtute,quemadmodum
3736 1775 3967 1838 corpus

859 1856 1083 1918 eodem
1118 1862 1443 1917 momento
1472 1872 1600 1936 quo
1629 1853 1843 1915 anima
1872 1852 2114 1913 recedit
2153 1870 2189 1912 a
2230 1869 2360 1914 cor·
2393 1852 2442 1915 B
2472 1851 2705 1914 Christi
2750 1853 2815 1915 in
2865 1853 3248 1918 beatissimae
3289 1856 3568 1937 Virginis
3617 1863 3796 1918 utero
3844 1854 3968 1917 fuit

859 1971 1036 2036 pore,
1059 1953 1357 2016 educitur
1386 1951 1477 2014 ibi
1507 1952 1632 2015 alia
1663 1950 1866 2014 forma
1895 1948 2357 2024 substantialiS,

859 2072 1047 2135 quam
1079 2052 1215 2114 sive
1247 2069 1362 2133 per
1390 2069 1480 2125 se,
1513 2069 1627 2113 seu
1658 2070 1784 2112 una
1811 2067 1958 2111 cum
1991 2065 2107 2112 suo
2138 2066 2361 2130 corpo·-

863 2170 951 2224 re,
985 2149 1305 2233 oportebit
1344 2150 1528 2212 fateri
1565 2168 1703 2212 esse
1749 2165 2029 2221 causam,
2061 2147 2252 2209 etiam
2289 2147 2358 2209 in

862 2249 1144 2323 instanti,
1183 2248 1475 2311 omnium
1516 2244 1945 2309 accidentium
1984 2265 2126 2327 quae
2174 2264 2361 2328 appa-

862 2356 1006 2411 rent
1043 2355 1107 2410 et
1145 2355 1291 2410 sunt
1332 2348 1393 2409 in
1436 2353 1688 2408 mortuo
1725 2352 1790 2407 et
1826 2352 2138 2427 corrupto.
2184 2344 2360 2418 Quod

864 2464 993 2509 non
1060 2446 1313 2508 videt-ur
1379 2462 1568 2527 posse
1637 2442 1894 2505 defendi
1969 2460 1982 2504 :
2054 2442 2359 2524 quoniam

866 2545 1068 2608 forma
1128 2543 1237 2606 illa
1293 2542 1620 2606 cadaveris
1674 2548 1738 2603 et
1796 2540 2234 2623 corporeitatis
2294 2541 2359 2602 in

863 2663 978 2705 sua
1018 2640 1280 2704 materia
1321 2658 1725 2722 nequaquam
1773 2639 2043 2721 requirit
2084 2638 2359 2719 figuram

866 2742 1038 2804 illam
1079 2748 1144 2803 et
1189 2740 1656 2802 dimensionem
1707 2745 2094 2800 staturamve
2143 2738 2358 2812 talem,

865 2860 1006 2923 quae
1037 2847 1100 2903 et
1130 2839 1349 2921 quales
1391 2844 1702 2921 apparent
1744 2844 1808 2897 et
1851 2843 2000 2898 sunt
2037 2836 2103 2898 in
2147 2853 2361 2898 corru-

867 2947 1010 3022 pt03
1061 2956 1270 3020 neque
1329 2954 1518 2999 causa
1579 2936 1975 2997 instantanee
2033 2935 2201 2997 valet
2256 2952 2361 2997 eas

2470 1951 2902 2031 organizatum
2944 1972 3017 2015 ac
3060 1962 3505 2035 praeparatum.
3540 1955 3856 2036 AmpliuS,
3897 1960 3968 2015 ut

2471 2058 2738 2113 testatur
2784 2051 3113 2125 AverroeS,
3166 2053 3418 2134 signum
3470 2053 3799 2135 sapientiae
3846 2060 3962 2126 est,

2471 2158 2540 2211 ut
2583 2168 2725 2231 quae
2765 2149 2910 2231 quis
2950 2150 3214 2232 profert,
3258 2151 3668 2234 experientiae
3704 2170 3833 2214 non
3873 2170 3965 2212 re-

2472 2255 2773 2329 pugnent.
2808 2248 3107 2311 Praetacta
3137 2268 3285 2312 vero
3317 2250 3547 2332 positio
3574 2250 3969 2333 experimen-

2470 2346 2551 2407 tis
2596 2346 3033 2409 contrariatur.

2552 2444 2709 2506 Hinc
2758 2443 3155 2527 probabilius
3205 2462 3367 2520 reor,
3410 2446 3579 2528 quod
3628 2445 3693 2507 in
3741 2446 3963 2509 eodem

2471 2558 2597 2605 non
2639 2550 2789 2605 sunt
2830 2541 3023 2605 simul
3064 2543 3279 2624 plures
3324 2543 3543 2608 formae
3588 2544 3965 2607 substantia-

2473 2640 2583 2703 les.
2618 2640 2746 2703 Nec
2785 2639 3056 2703 formam
3096 2641 3557 2724 corporeitatis‚
3590 2650 3781 2726 prout
3818 2643 3965 2706 sub-

2472 2740 2829 2802 stantialem
2888 2740 3175 2802 nominat
3222 2740 3516 2814 formam,
3568 2742 3712 2804 dico
3760 2742 3967 2805 inesse

2473 2840 2724 2923 corpori
2780 2839 3059 2902 animato
3108 2838 3306 2901 simul
3364 2859 3511 2902 cum
3568 2840 3804 2914 anima,
3854 2841 3963 2904 sed

2472 2937 2675 3019 ipsam
2722 2938 2786 2999 in
2827 2938 3041 3000 anima
3089 2938 3446 3001 virtualiter
3484 2939 3963 3021 comprehendi,

867 3038 1240 3121 producere,
1295 3036 1424 3098 imo
1481 3054 1600 3098 nec
1647 3034 1840 3096 talem
1889 3034 2191 3107 colorem,
2242 3052 2360 3096 nec
2392 3039 2435 3103 C.
2472 3036 2639 3099 sicut
2676 3044 2740 3098 et
2786 3044 3026 3099 ceteras
3074 3036 3311 3098 formas
3360 3036 3714 3100 inferiores.
3758 3038 3969 3101 Nihilo

865 3136 1080 3218 specie
1145 3135 1442 3197 eumdem
1514 3134 1815 3207 calorem,
1875 3150 2084 3214 neque
2142 3132 2361 3212 hujus-

867 3234 1037 3297 modi
1069 3233 1455 3297 cicatricem.
1488 3233 1815 3306 Praeterea,
1849 3231 1915 3293 in
1946 3230 2227 3293 hominis
2256 3249 2358 3312 ge-

865 3332 1214 3406 neratione,
1250 3331 1743 3413 praeparationes
1783 3338 1848 3393 et
1885 3318 2357 3411 dispositiones,

863 3430 1398 3514 qualificationeS,
1441 3428 1854 3509 figurationes
1894 3435 1957 3490 et
1994 3427 2362 3509 organizati·

862 3548 1016 3594 ones
1046 3530 1263 3592 multae
1295 3528 1682 3611 praecedunt,
1716 3527 1952 3609 quibus
1984 3545 2218 3609 corpus
2248 3546 2360 3590 seu

865 3645 1032 3703 caro,
1065 3636 1174 3691 aut
1203 3626 1489 3709 embryo‚
1522 3627 1599 3688 ad
1629 3626 1955 3688 rationalis
1999 3626 2228 3688 animae
2270 3626 2361 3687 in-

864 3726 1184 3789 fusionem
1243 3732 1516 3807 aptatur.
1579 3723 1892 3797 Quaeritur
1949 3740 2101 3805 ergo
2156 3743 2236 3785 an
2296 3722 2359 3785 in

863 3826 1003 3907 ipsa
1040 3823 1320 3887 hominis
1361 3822 1790 3903 generatione,
1832 3840 1945 3884 seu
1993 3822 2223 3884 animae
2272 3840 2363 3884 ra-

864 3923 1118 3987 tionalis
1157 3920 1500 3995 infusione,
1551 3928 2046 4002 corrumpantur
2092 3938 2361 4002 esseque

864 4022 1156 4085 desinant
1194 4038 1418 4083 omnes
1458 4018 1583 4081 illae
1628 4019 2057 4100 praecedentes
2095 4036 2171 4079 ac
2211 4037 2363 4099 prae-

863 4121 982 4184 viae
1022 4118 1460 4201 figurationeS,
1493 4117 2016 4198 organizatione5‚
2049 4134 2161 4177 seu
2206 4115 2364 4196 figu-

2472 3134 2686 3196 minus
2730 3134 3220 3208 dimensionem,
3252 3134 3726 3215 figurationem,
3766 3143 3831 3199 et
3872 3154 3965 3197 ce-

2473 3239 2635 3295 teras
2667 3231 2905 3295 formas
2944 3232 3367 3295 accidentales
3398 3252 3539 3315 quae
3572 3233 3871 3296 videntur
3902 3234 3967 3295 in

2473 3347 2737 3413 corpore
2786 3339 3085 3413 corrupto
3144 3339 3253 3393 aut
3314 3339 3563 3394 mortuo
3612 3350 3965 3405 remanere,

2471 3430 2723 3492 easdem
2753 3447 3019 3491 numero
3054 3448 3328 3504 manere,
3344 3429 3568 3492 saltem
3591 3430 3667 3492 ad
3696 3438 3967 3512 tempuS,

2472 3526 2842 3607 consentio,
2874 3547 3203 3609 nunquam
3237 3534 3447 3591 tamen
3496 3529 3761 3591 materia
3799 3530 3971 3591 nuda

2472 3627 2784 3699 consistit,
2818 3645 2937 3689 nec
2976 3626 3114 3688 sine
3154 3626 3687 3701 dimensionibus„
3722 3636 3791 3689 ut
3829 3627 3970 3708 qui-

2474 3726 2620 3787 dam
2670 3725 2871 3799 aiunt,
2916 3724 3362 3799 interminatis,
3407 3725 3557 3807 quia
3602 3726 3825 3788 eodem
3877 3726 3971 3787 in-

2472 3824 2663 3887 stanti
2705 3840 2833 3905 quo
2884 3823 3247 3904 praecedens
3298 3822 3504 3885 forma
3548 3824 3785 3887 desinit
3828 3842 3969 3887 esse

2471 3940 2545 3984 ac
2576 3922 2905 3984 materiam
2941 3919 3307 3994 informare,
3328 3921 3625 3983 educitur
3652 3930 3757 3984 aut
3788 3922 3973 3984 indu-

2472 4020 2639 4081 citur
2668 4019 2793 4082 alia
2825 4037 2839 4081 t
2875 4025 3135 4100 propter
3172 4020 3341 4100 quod
3385 4020 3708 4100 generatio
3752 4020 3967 4093 uniuS,

2473 4118 2796 4199 corruptio
2825 4116 3183 4199 appellatur
3211 4116 3491 4179 alterius.
3528 4117 3759 4199 Sicque
3800 4117 3971 4181 idem

862 4238 948 4283 rae
1015 4226 1080 4281 et
1147 4217 1554 4290 lineamenta,
1617 4215 1998 4298 complexio,
2061 4214 2233 4276 calor
2299 4221 2363 4276 et
2392 4218 2441 4280 D
2472 4224 2570 4279 est
2597 4216 2840 4278 instans
2880 4215 3052 4296 quod
3096 4225 3506 4298 nuncupatur
3534 4214 3834 4278 ultimum
3877 4216 3971 4278 in·

864 4316 1312 4399 dispositiones
1344 4314 1734 4387 consimileS,
1757 4332 1838 4375 an
1869 4313 2108 4375 eaedem
2139 4330 2361 4374 nume-

863 4434 934 4480 ro
965 4422 1278 4479 maneant.
1314 4414 1378 4477 Si
1409 4419 1930 4494 corrumpuntur,
1955 4427 2104 4491 ergo
2135 4410 2199 4472 in
2230 4411 2363 4473 ani·

868 4536 986 4579 mae
1019 4514 1339 4577 infusione
1370 4530 1549 4575 novae
1578 4530 1651 4573 ac
1681 4510 1821 4573 aliae
1853 4509 2363 4591 praecedentibus

867 4616 931 4678 i‘n
992 4614 1206 4697 specie
1255 4611 1500 4675 similes
1551 4610 1947 4672 instantanee
1995 4609 2361 4691 producun-

862 4723 968 4777 tur
1002 4732 1016 4777 :
1053 4714 1180 4776 imo
1209 4718 1274 4775 et
1303 4710 1732 4793 praecedentes
1765 4708 2038 4770 fuissent
2075 4707 2358 4783 inutiles,

863 4812 1165 4895 quoniam
1223 4810 1436 4873 anima
1489 4808 1622 4890 jam
1683 4806 1894 4869 infusa
1954 4824 2068 4888 per
2114 4825 2221 4869 eas
2269 4806 2361 4869 nil

865 4918 1201 4993 operatur3
1233 4927 1433 4991 quum
1465 4916 1676 4971 tamen
1714 4906 1930 4968 omnia
1970 4905 2078 4967 illa
2122 4924 2361 4987 praepa-

867 5016 1174 5082 ramenta,
1248 5006 1774 5088 organizationes,
1848 5003 2363 5086 qualificationes

865 5112 1350 5192 praecesserunt,
1370 5112 1683 5186 quatenus
1712 5104 1927 5165 anima
1958 5121 2071 5184 per
2093 5121 2197 5164 eas
2228 5111 2363 5165 tan-

865 5226 1056 5290 quam
1090 5224 1205 5288 per
1235 5221 1467 5284 organa
1496 5210 1559 5264 et
1589 5200 2060 5282 dispositioneS‚
2085 5220 2231 5263 suas
2262 5220 2365 5264 ex·

866 5312 1078 5371 erceat
1123 5302 1542 5385 operationes.
1587 5298 1894 5382 Denique,
1939 5298 1992 5360 si
2042 5300 2258 5362 anima
2297 5301 2363 5363 in

2472 4322 2645 4377 stans
2675 4313 3060 4377 exsistentiae
3089 4313 3309 4377 formae
3340 4314 3672 4395 prioriS,et
3700 4315 3973 4396 primum

2473 4414 2715 4475 instans
2746 4429 2874 4475 non
2904 4430 3043 4475 esse
3075 4412 3385 4494 ipsius,ac
3416 4412 3697 4494 primum
3728 4413 3972 4477 instans

2472 4510 2860 4575 exsistentiae
2926 4518 3115 4592 atque
3174 4511 3528 4593 praesentiae
3592 4510 3815 4575 formae
3876 4531 3971 4575 se-

2472 4610 2751 4693 quentiS,
2797 4629 2938 4692 quae
2978 4617 3041 4671 et
3080 4610 3338 4692 supplet
3384 4610 3592 4672 vicem
3642 4618 3707 4673 et
3757 4610 3968 4673 locum

2472 4710 2694 4773 formae
2725 4708 2957 4791 prioris
2994 4726 3007 4771 :
3043 4708 3263 4791 sicque
3305 4727 3418 4789 per
3454 4709 3969 4791 aequivalentiam

2473 4815 2806 4893 permanet
2854 4807 3031 4890 prior
3087 4806 3312 4881 forma,
3365 4807 3669 4889 quoniam
3720 4816 3971 4871 tantum

2474 4915 2569 4969 est
2625 4926 2698 4969 ae
2757 4906 2811 4967 si
2860 4912 3163 4968 maneret.
3215 4905 3460 4968 Idcirco
3507 4924 3625 4969 nec
3673 4907 3971 4970 accidens

2476 5006 2706 5086 migrat
2761 5004 2841 5066 ab
2890 5021 3020 5068 uno
3066 5003 3357 5084 subjecto
3408 5004 3472 5066 in
3521 5004 3719 5079 aliud,
3769 5025 3971 5088 quum

2474 5113 2603 5167 tam
2637 5104 2897 5165 materia
2929 5122 3121 5185 quam
3154 5102 3469 5165 dimensio
3513 5112 3838 5168 remaneat
3874 5124 3974 5168 ea-

2474 5204 2643 5277 dem,
2676 5201 3008 5283 formaque
3051 5220 3325 5284 sequens
3367 5209 3464 5264 est
3500 5202 3643 5265 vice
3684 5202 3966 5266 alterius,

2476 5302 2635 5364 Hinc
2665 5320 2783 5364 nec
2814 5299 3186 5382 compositio
3214 5300 3492 5363 secunda
3520 5300 3787 5382 primam
3815 5321 3971 5384 prae-
