4300 6259
102 2073 211 2118 nom.
228 2087 309 2126 m,
336 2049 683 2132 Apostolus
736 2069 752 2114 ε

84 2139 137 2178 27.

1006 509 1427 558 nummario
1469 509 1865 560 rusotooica.
1914 527 1993 540 -
2034 512 2112 560 ns
2157 511 2274 560 nso
2317 513 2438 561 uuo
2480 513 2554 560 m·
2595 515 2776 562 raino
3327 499 3444 562 115

342 676 645 757 angelum
674 677 733 740 ei
766 677 1091 761 respondit
1122 695 1137 742 ε
1172 679 1303 761 Ego
1332 699 1471 744 sum
1510 680 1621 763 qui
1654 699 1795 742 sum
1820 697 1839 758 3
1867 679 1918 743 A
1952 681 2234 744 minibus
2305 701 2572 765 magnus
2637 683 2972 766 Dionysius
3037 691 3440 766 protestatur.
3500 721 3598 764 cap.
3621 723 3666 753 v.

344 773 479 836 haec
525 774 701 838 dices
747 775 903 838 filiis
946 777 1138 840 Israel
1171 795 1185 838 ε
1220 777 1334 852 Qui
1368 785 1485 854 est,
1520 778 1695 841 misit
1738 797 1839 840 mc

339 870 417 933 ad
460 889 597 934 vos.
632 872 809 936 Unde
850 874 1127 946 elicitur,
1170 875 1343 956 quod
1376 875 1527 938 Esse
1568 894 1681 938 seu
1720 875 1837 950 Qui

338 975 457 1041 est,
491 969 577 1032 sit
606 971 941 1053 proprium
974 971 1085 1035 Dei
1118 989 1377 1046 nomen,
1412 973 1731 1055 loquendo
1759 974 1839 1036 de

339 1064 481 1147 ipso
528 1083 671 1130 esse
720 1068 785 1130 in
832 1087 947 1131 sua
994 1070 1365 1132 omnimoda
1412 1069 1835 1153 plenitudine,

338 1161 661 1227 infinitate
692 1172 755 1228 et
784 1165 1161 1230 excellentia
1189 1175 1449 1250 sumpto
1482 1185 1498 1232 t
1531 1167 1624 1231 sic
1663 1168 1837 1232 enim

334 1260 861 1338 abstractissime,
894 1265 1375 1348 simplicissime
1402 1284 1476 1329 ac
1508 1265 1837 1350 perlectis·

336 1359 501 1422 sime
530 1360 1031 1437 consideratum,
1053 1362 1173 1427 soli
1204 1364 1505 1427 convenit
1534 1363 1835 1440 Creatori,

336 1473 487 1518 cum
532 1459 885 1522 eminentia
930 1462 1185 1544 penitus
1226 1460 1507 1534 infinita,
1542 1461 1629 1525 ita
1666 1463 1837 1544 quod

334 1557 815 1638 comparatione
876 1559 1051 1622 illius
1110 1558 1400 1634 increati,
1464 1559 1705 1624 infiniti
1765 1579 1839 1624 ac

334 1655 991 1737 superperfectissimi
1040 1677 1204 1733 esse,
1250 1676 1441 1723 omne
1486 1676 1625 1722 esse
1668 1677 1841 1722 crea-

336 1761 473 1815 tum
522 1761 623 1816 est
672 1756 857 1836 quasi
906 1775 1035 1820 non
1084 1775 1247 1830 esse,
1295 1759 1837 1840 quemadmodum

2029 778 2356 854 Praeterea,
2389 789 2613 845 octavo
2644 782 2722 844 de
2753 782 3020 847 Civitate
3051 781 3162 846 Dei
3197 782 3448 847 videtur

1947 877 2013 939 B.
2048 878 2442 959 Augustinus
2481 879 2738 952 sentire,
2771 880 2941 962 quod
2984 879 3156 943 Plato
3199 899 3314 962 per
3357 881 3448 944 in·

1948 981 2296 1055 terpretem
2353 975 2580 1039 didicit
2627 977 2854 1060 Moysis
2913 977 3134 1051 libroS‚
3186 997 3446 1059 praeser·

1952 1072 2067 1134 tim
2129 1073 2434 1154 quoniam
2493 1075 2893 1156 praeallegata
2949 1075 3148 1138 verba
3199 1076 3310 1139 Dei
3366 1077 3446 1138 ad

1950 1170 2228 1252 Moysen,
2261 1171 2390 1252 Ego
2419 1191 2560 1234 sum
2593 1173 2702 1256 qui
2749 1192 2914 1248 sum,
2947 1181 3096 1248 etc„
3131 1173 3303 1238 Plato
3340 1193 3445 1238 ve-

1952 1268 2287 1332 hementer
2343 1271 2550 1333 tenuit
2604 1289 2678 1334 ac
2737 1271 3229 1353 diligentissime
3275 1290 3446 1336 com·

1954 1367 2296 1430 mondavit.
2355 1368 2598 1452 Nempe
2645 1369 2710 1433 in
2759 1369 2969 1452 primo
3017 1371 3234 1435 'rimaei
3293 1371 3448 1435 effa-

1953 1473 2058 1528 tur
2109 1483 2123 1528 :
2175 1466 2254 1528 At
2302 1465 2395 1528 illi
2445 1485 2586 1530 esse
2643 1467 2852 1531 solum
2903 1470 3211 1551 competit
3265 1469 3449 1550 juxta

1950 1583 2166 1627 veram
2196 1564 2640 1648 sinceramque
2671 1567 3000 1631 rationem.
3026 1567 3186 1631 Hinc
3213 1576 3278 1631 et
3307 1589 3448 1632 san-

1950 1671 2091 1725 ctus
2120 1663 2284 1726 dixit
2313 1663 2588 1727 Hilarius
2624 1681 2639 1726 τ
2675 1665 2824 1728 Esse
2857 1683 2982 1729 non
3021 1673 3118 1729 est
3153 1666 3450 1730 accidens

1952 1761 2103 1835 Deo,
2136 1761 2248 1824 sed
2279 1761 2634 1826 subsistens
2665 1763 2920 1836 veritas,
2947 1783 3210 1828 manens
3237 1784 3448 1841 causa,

336 1859 635 1934 respectu
668 1854 997 1936 sapientiai
1025 1856 1161 1929 Dei,
1192 1856 1505 1938 sapientia
1534 1857 1841 1920 naturalis
1866 1853 1917 1920 B
1954 1866 2019 1922 et
2060 1859 2366 1922 naturalis
2407 1861 2660 1942 generis
2703 1862 3078 1946 proprietas

336 1950 618 2014 humana
646 1960 747 2016 est
772 1953 945 2018 velut
974 1953 1364 2038 insipientia.
1381 1955 1557 2020 Unde
1584 1956 1843 2040 scripsit

813 2051 941 2116 Soli
1000 2052 1275 2136 sapienti
1336 2053 1467 2119 Deo
1522 2054 1727 2118 honor
1782 2063 1845 2118 et

337 2149 562 2228 gloria.
594 2151 892 2214 Jeremiae
931 2169 1187 2234 quoque
1222 2152 1475 2217 decimo
1514 2153 1785 2216 habetur
1825 2172 1841 2218 ε

78 2272 220 2320 1021.
248 2277 309 2316 u.
338 2247 586 2312 Stultus
646 2247 855 2313 factus
902 2259 999 2314 est
1044 2251 1255 2314 omnis
1301 2269 1336 2313 a
1384 2252 1651 2316 scientia
1707 2272 1839 2316 sua.

78 2370 147 2412 ω
168 2383 245 2417 m.
268 2373 309 2414 ⁴.
336 2348 683 2430 Propterea
724 2356 981 2412 sanctus
1008 2349 1126 2414 Job
1158 2350 1443 2433 loquitur
1482 2351 1611 2414 Deo
1646 2369 1659 2414 :
1692 2351 1844 2426 Quis

338 2454 549 2527 potest
579 2446 797 2510 facere
836 2447 1149 2511 mundum
1194 2448 1273 2512 de
1320 2449 1653 2512 immundo
1696 2467 1842 2513 con-

336 2553 600 2629 ceptum
656 2545 950 2610 semine?
989 2565 1205 2610 nonne
1243 2555 1311 2610 tu
1351 2547 1463 2629 qui
1512 2548 1685 2612 solus
1730 2551 1843 2610 es?

96 2663 307 2716 mam,
336 2645 670 2728 Itemque:
698 2645 864 2708 Deus
890 2645 1157 2726 (inquit)
1186 2645 1358 2708 solus
1387 2653 1505 2719 est,
1522 2652 1587 2708 et
1615 2647 1847 2728 cogita·

82 2729 135 2768 ¹3.

338 2744 580 2806 tionem
626 2743 773 2824 ejus
814 2743 961 2825 quis
1008 2751 1293 2806 avertere
1336 2747 1587 2826 potest?
1634 2745 1739 2808 Sic
1783 2753 1847 2808 et

88 2859 306 2910 musto.
330 2841 647 2906 Jeremias
698 2848 965 2905 testatur
1013 2841 1325 2925 propheta
1379 2857 1395 2904 τ
1439 2841 1557 2916 Qui
1605 2844 1845 2906 creavit

334 2940 575 3014 omnia,
612 2940 755 3022 ipse
796 2947 915 3002 est.

2355 2069 2878 2136 PROPOSITIO
2927 2072 3014 2134 IV
3028 2121 3042 2136 .

2032 2253 2246 2322 Deus
2313 2256 2820 2338 natm-anter,
2891 2257 3451 2336 essentiauter,

1954 2351 2344 2434 totaliter,
2403 2368 2601 2435 pure
2665 2369 2760 2421 ac
2827 2355 3144 2422 1nfln1te
3202 2356 3456 2424 bonus

1955 2453 2103 2532 est,
2148 2455 2232 2516 et
2271 2451 2590 2520 bonitas
2635 2455 2836 2534 1psa.

2034 2548 2211 2623 Quod
2267 2557 2384 2622 est,
2435 2551 2738 2632 quoniam
2799 2551 3038 2616 bonum
3099 2571 3248 2614 cum
3307 2561 3454 2616 ente

1954 2646 2376 2710 convertibile
2405 2655 2524 2720 cst,
2558 2667 2676 2712 nec
2720 2649 2778 2712 ei
2826 2649 2994 2712 reale
3033 2649 3188 2732 quid
3233 2669 3452 2734 super-

1952 2745 2150 2818 addit,
2183 2746 2294 2808 sed
2329 2752 2690 2829 respectum
2734 2765 2808 2808 ac
2847 2747 3136 2810 ordinem
3181 2749 3260 2812 ad
3295 2747 3452 2812 affe-

1954 2849 2154 2916 ctum,
2187 2843 2274 2906 ita
2305 2850 2376 2906 ut
2413 2861 2526 2906 ens
2565 2844 2814 2907 dicatur
2853 2844 3116 2918 bonum,
3151 2845 3214 2908 in
3257 2865 3452 2928 quan-

1952 2947 2091 3004 tum
2159 2960 2238 3005 ex
2301 2961 2418 3004 sua
2489 2950 2712 3006 natura
2779 2951 2842 3005 et
2905 2943 3290 3026 proprietate
3358 2951 3455 3008 est

410 3039 611 3104 Porro
638 3058 773 3100 esse
810 3037 1281 3102 consideratum
1326 3037 1395 3100 in
1438 3038 1711 3120 quadam
1758 3039 1843 3104 lo·
1878 3037 1923 3102 C
1953 3037 2322 3120 appetibile.
2368 3039 2558 3106 Porro
2599 3047 2824 3105 natura
2867 3039 2978 3102 Dei
3025 3039 3284 3122 ipsimet
3327 3041 3456 3104 Deo

332 3137 473 3218 gica
528 3136 986 3210 abstractione,
1038 3155 1187 3200 cum
1248 3136 1845 3202 indeterminatione

334 3243 399 3299 et
460 3234 957 3317 generalissima
1022 3235 1505 3310 communitate,
1562 3251 1691 3300 non
1748 3243 1847 3300 est

336 3333 680 3416 proprium
714 3333 865 3406 Deo,
896 3332 1005 3396 sed
1036 3332 1117 3395 de
1148 3331 1288 3415 ipso
1326 3340 1390 3396 et
1429 3333 1659 3398 creatis
1700 3353 1845 3398 ana·

338 3431 541 3512 logice
570 3431 834 3495 dicitur.
868 3431 1019 3494 Esse
1048 3449 1199 3512 ergo
1226 3431 1519 3496 divinum
1550 3439 1613 3494 et
1646 3432 1845 3496 incre-

334 3537 537 3604 atum,
552 3546 691 3594 non
721 3535 821 3592 est
848 3527 1251 3611 particulare,
1274 3528 1457 3611 quasi
1484 3529 1564 3592 ad
1596 3537 1841 3593 certum

334 3635 397 3690 ct
431 3626 939 3692 determinatum
982 3626 1251 3707 gradum
1298 3627 1551 3690 essendi
1601 3634 1844 3691 contra-

332 3733 535 3799 ctum,
572 3743 697 3788 nec
739 3724 1122 3798 universale,
1164 3723 1347 3806 quasi
1390 3723 1841 3790 indetermina-

334 3831 471 3886 tum
502 3830 571 3886 et
600 3821 1051 3886 indistinctum
1081 3821 1161 3884 ab
1189 3821 1671 3905 aliis,tanquam
1706 3825 1843 3888 uni·

334 3939 673 3986 versorum
754 3938 895 3983 esse
970 3918 1257 3984 formale.
1334 3919 1549 3984 Nihilo
1629 3923 1841 3986 minus

334 4019 749 4102 particulare,
772 4019 905 4082 imo
931 4025 995 4081 et
1022 4018 1365 4100 singulare,
1388 4039 1425 4082 a
1454 4019 1839 4101 quibusdam

334 4125 621 4193 vocatur,
656 4116 965 4200 quoniam
1010 4117 1121 4181 uni
1162 4117 1281 4180 soli
1326 4117 1737 4192 conveniens,
1778 4127 1843 4184 et

1954 3155 2208 3200 summe
2247 3144 2312 3199 et
2355 3137 2944 3219 incomparabiliter
2981 3146 3187 3201 exstat
3213 3139 3454 3202 amabi·

1954 3233 2033 3297 lis
2062 3242 2127 3298 et
2153 3235 2446 3309 amanda,
2479 3235 3104 3318 complacentissima
3130 3255 3204 3300 ac
3233 3255 3454 3319 super·

1952 3333 2206 3406 dilecta,
2249 3333 2380 3396 imo
2427 3351 2618 3396 causa
2661 3340 2726 3396 et
2773 3335 2934 3397 ratio
2979 3334 3236 3398 amandi
3285 3353 3456 3416 quae-

1950 3449 2232 3512 cumque
2262 3429 2406 3504 alia,
2440 3449 2642 3512 quum
2671 3429 2832 3494 nihil
2863 3431 3136 3494 aliorum
3177 3432 3454 3494 amabile

1952 3527 2056 3602 sit,
2090 3527 2218 3591 nisi
2263 3527 2327 3590 in
2369 3534 2684 3610 quantum
2723 3527 2967 3610 aliquid
3002 3528 3236 3594 divinae
3275 3529 3457 3592 boni·

1950 3625 2097 3686 tatis
2128 3625 2483 3707 participat.
2513 3623 2850 3707 Quumque
2879 3645 2994 3689 ens
3023 3634 3086 3688 et
3115 3625 3354 3690 bonum
3387 3645 3454 3690 se

1950 3723 2230 3786 invicem
2261 3725 3066 3806 consequantur,quidquid
3095 3725 3330 3788 dictum
3358 3732 3456 3788 est

1952 3821 2029 3884 de
2070 3819 2556 3902 incomparabili
2605 3828 2669 3884 et
2717 3821 3032 3885 immensa
3075 3822 3454 3886 excellentia

1950 3918 2156 3981 divini
2203 3918 2598 4000 increatique
2647 3937 2802 3994 esse,
2853 3938 3001 3982 vere
3051 3921 3451 4002 pronuntiari

1952 4024 2164 4100 potest
2189 4017 2270 4080 de
2297 4016 2650 4080 eminentia
2679 4017 2980 4080 bonitatis
3010 4017 3264 4091 divinis,
3282 4019 3453 4082 vide-

1952 4116 2123 4190 licet,
2144 4115 2358 4199 ipsum
2386 4115 2773 4178 altissimum
2793 4115 2995 4179 Deum
3027 4123 3156 4180 tam
3181 4115 3451 4184 infinito

332 4235 445 4300 per
486 4235 559 4280 se
597 4235 638 4280 a
677 4217 929 4278 cunctis
972 4214 1283 4279 differens
1320 4235 1395 4280 ac
1437 4215 1835 4292 distinctum,
1872 4221 1921 4286 D
1951 4215 2298 4278 consistere
2340 4213 2666 4288 bonitatis,
2719 4220 2790 4276 ut
2832 4214 2972 4296 ejus
3018 4222 3310 4298 respectu
3356 4216 3450 4280 nil

329 4315 593 4399 propria
622 4330 883 4397 quoque
912 4313 1429 4397 superessentiali
1461 4315 1841 4380 excellentia
1950 4318 2238 4376 creatum
2277 4312 2360 4375 sit
2407 4312 2672 4386 bonum,
2713 4312 3188 4396 quantumlibet
3227 4315 3292 4378 in
3333 4333 3452 4382 suo

332 4413 749 4478 individuum
804 4419 869 4476 et
926 4413 1495 4495 separatissimum.
1552 4414 1839 4498 Denique
1947 4429 2183 4492 genere
2213 4411 2454 4474 bonum
2485 4411 2736 4474 dicatur
2768 4411 2978 4496 :quod
3009 4411 3074 4474 in
3105 4411 3448 4496 Evangelio

330 4531 469 4576 esse
516 4511 669 4587 hoc,
724 4511 851 4574 dici
900 4517 1109 4594 potest
1156 4511 1541 4587 universale,
1596 4514 1838 4579 ratione
1948 4509 2238 4574 Christus
2285 4509 2640 4584 insinuanS,
2683 4509 2882 4573 Nemo
2927 4509 3193 4593 (inquit)
3239 4511 3446 4576 bonus
3513 4531 3734 4588 namn,

332 4631 459 4676 suae
488 4629 769 4674 summae
798 4617 863 4674 et
887 4610 1385 4692 generalissimae
1426 4613 1835 4688 causalitatiS,
1948 4609 2073 4670 nisi
2105 4608 2291 4672 Deus.
2328 4608 2580 4670 Etenim
2614 4607 2754 4691 ipse
2787 4607 2960 4672 solus
2993 4609 3248 4673 infinite
3275 4629 3444 4674 ama·
3477 4600 3543 4642 ¹⁸·

332 4719 395 4774 et
422 4730 651 4774 rursus
682 4709 927 4772 ratione
970 4729 1100 4774 suae
1143 4709 1739 4776 incontrectissimae
1776 4718 1842 4775 et
1948 4706 2099 4770 bilis
2139 4706 2636 4789 appetibilisque
2679 4706 2988 4770 consistit.

334 4809 863 4872 illimitatissimae
892 4808 1327 4890 perlectioniS,
1358 4809 1663 4892 quoniam
1704 4828 1839 4873 om·
2028 4805 2270 4869 Deinde
2321 4805 2456 4888 ipse
2508 4804 2756 4867 cunctis
2807 4804 3034 4867 creatis
3085 4823 3334 4870 summe
3385 4813 3450 4871 et

336 4927 482 4970 nem
547 4906 1037 4990 perfectionem,
1098 4906 1497 4971 nobilitatem
1557 4909 1841 4972 eminen·
1949 4902 2535 4985 incomparabiliter
2563 4909 2660 4966 est
2695 4903 3005 4966 amandus
3043 4911 3108 4966 et
3144 4903 3448 4967 affectan-

338 5006 627 5090 tiamque
697 5005 954 5069 essendi
1019 5005 1087 5068 in
1144 5025 1213 5068 se
1278 5006 1703 5070 essentialiter
1766 5025 1839 5070 ac
1950 5003 2089 5065 dus.
2122 5001 2332 5066 Primo
2360 5007 2425 5062 et
2455 5001 2753 5075 maxime,
2787 5007 3046 5082 propter
3083 5019 3265 5064 suam
3305 5019 3449 5084 pro·

336 5105 827 5189 simplicissime
865 5104 1349 5186 comprehendit
1389 5122 1405 5166 ε
1448 5123 1589 5187 quae
1626 5105 1843 5168 omnia
1952 5101 2158 5183 priam
2209 5119 2433 5182 puram
2483 5106 2548 5161 et
2595 5099 3162 5182 incomparabilem
3207 5100 3451 5164 bonita-

338 5205 403 5266 in
446 5205 595 5289 ipso
634 5211 787 5267 sunt
828 5221 1027 5268 unum
1072 5201 1405 5266 infinitum
1444 5201 1843 5286 superpuris·
1952 5209 2102 5264 tem.
2136 5199 2448 5272 Secundo,
2471 5197 2624 5280 quia
2651 5198 2731 5261 ab
2761 5199 2901 5282 ipso
2931 5199 3234 5262 omnibus
3262 5200 3451 5266 nobis

336 5304 578 5368 simum
640 5321 805 5378 esse,
856 5309 927 5364 ut
982 5301 1045 5364 in
1099 5300 1263 5365 libro
1312 5301 1391 5364 de
1442 5301 1687 5364 Divinis
1736 5319 1844 5366 no-
1952 5299 2310 5364 derivatum
2355 5304 2420 5359 et
2463 5297 3010 5361 communicatum
3058 5306 3155 5362 est
3201 5315 3340 5362 esse
3387 5306 3454 5364 et
