4300 6259
494 1681 560 1726 Ῑε.
570 1683 760 1734 uxum.

493 1872 579 1917 Job
597 1883 698 1924 xxv,
717 1872 760 1915 2.

491 2551 614 2596 Dan.
629 2565 673 2606 x,
693 2554 760 2598 ¹2.

785 491 904 559 180

1633 508 2054 558 unumunurm
2093 505 2489 554 THEOLOGIGA.
2538 523 2613 534 —·
2657 505 2737 551 DE
2776 505 3034 552 ANGELIS

865 681 1042 756 Quod
1075 689 1192 759 est,
1224 683 1529 766 quoniam
1559 682 1767 764 angeli
1799 681 1951 744 boni
1982 687 2048 743 et
2075 677 2286 759 angeli
2316 677 2367 740 A
2394 677 3045 743 transcendenter
3132 676 3217 741 et
3302 669 3903 740 incircumscri-

789 779 941 843 mali
999 781 1126 844 sibi
1185 782 1462 846 invicem
1533 783 1948 845 adversantur
2009 797 2022 840 :
2085 795 2287 859 quum

786 876 996 958 angeli
1056 878 1207 942 boni
1265 886 1550 960 satagant
1607 877 1899 941 homines
1958 875 2285 956 adjuvare,

788 974 1133 1038 defendere
1179 983 1242 1038 et
1290 976 1555 1050 salvare,
1601 993 1838 1056 eosque
1888 973 2287 1050 custodiant3

787 1073 998 1154 angeli
1028 1091 1181 1137 vero
1218 1074 1400 1157 pravi
1439 1074 1518 1135 ad
1559 1073 1927 1156 oppositum
1970 1071 2285 1132 studeant.

786 1170 917 1234 Nec
963 1178 1177 1234 tamen
1227 1190 1305 1234 ex
1353 1171 1453 1234 his
1503 1171 1674 1234 ullus
1721 1170 1898 1233 labor
1945 1176 2056 1231 aut
2113 1167 2293 1231 dolor

787 1269 1097 1332 accrescit
1121 1269 1367 1350 angelis
1403 1269 1536 1350 jam
1576 1268 1799 1332 beatis.
1835 1267 1996 1330 Hinc
2029 1266 2094 1328 in
2125 1265 2290 1348 Apo-

731 1366 1029 1448 1‚calypsi
1071 1367 1342 1430 habetur
1388 1384 1402 1428 :
1445 1367 1707 1428 Factum
1749 1372 1846 1428 est
1887 1364 2180 1447 praelium
2224 1363 2289 1424 in

789 1464 991 1544 coelo;
1025 1464 1292 1527 Michael
1321 1470 1386 1527 et
1414 1463 1625 1545 angeli
1655 1463 1796 1545 ejus
1839 1461 2293 1546 praeliabantur

789 1580 936 1624 cum
969 1563 1262 1625 dracone.
1297 1562 1489 1626 Porro
1521 1561 1688 1624 inter
1715 1560 1974 1642 angelos
2014 1565 2288 1631 sanctOS,

790 1659 902 1742 qui
933 1667 997 1722 et
1026 1660 1236 1742 angeli
1269 1661 1444 1742 pacis
1483 1666 1814 1732 vocantur,
1848 1665 2159 1741 perpetua
2198 1655 2291 1717 in-

789 1757 1241 1841 violabilisque
1288 1758 1579 1821 consistit
1622 1757 1982 1828 concordia,
2010 1755 2193 1836 juxta
2224 1753 2294 1815 il-

2396 775 2843 857 ptibssiter3
2876 773 3212 855 ang-elis,
3244 771 3702 848 defin1t1v0;
3732 782 3904 833 cor-

2396 873 2805 955 poranbus
2833 873 3093 950 robae,
3126 865 3905 945 commensurative;

2395 986 2764 1052 supremo
2808 972 3032 1052 coe10,
3077 985 3219 1052 per
3263 970 3531 1051 partes
3571 980 3777 1035 suas,

2478 1069 2652 1142 Quod
2702 1077 2819 1142 est,
2865 1069 3169 1150 quoniam
3223 1065 3521 1129 infinitus
3568 1072 3633 1126 et
3680 1080 3911 1144 super-

2401 1167 2807 1229 beatissimus
2872 1163 3039 1228 Deus
3106 1165 3286 1240 n‚ullo
3350 1160 3913 1226 circumscribitur

2399 1266 2560 1339 1000,
2612 1265 2903 1346 nullique
2952 1266 3130 1327 deest
3178 1263 3359 1342 loco;
3410 1262 3521 1324 sed
3572 1259 3685 1322 ubi
3744 1257 3913 1320 emi·

2398 1363 2655 1427 nentius
2699 1371 3019 1446 operatur,
3064 1361 3429 1425 evidentius
3478 1378 3546 1422 se
3597 1357 3909 1429 ostendit,

2398 1461 2895 1544 praeclariusque
2944 1460 3218 1542 refulget
3263 1478 3337 1521 ac
3381 1462 3907 1541 repraesentatur,

2400 1559 2491 1621 ibi
2548 1559 2891 1643 specialius
2939 1576 3078 1622 esse
3126 1566 3191 1621 et
3237 1556 3525 1620 habitare
3571 1554 3905 1618 asseritur.

2397 1657 2586 1720 Porro
2644 1657 2853 1738 angeli
2902 1664 2967 1720 et
3011 1657 3242 1720 animae
3290 1661 3596 1736 separatae
3646 1653 3710 1714 in
3762 1651 3912 1714 loco

2399 1756 2656 1837 proprie
2687 1773 2815 1817 non
2857 1763 3025 1817 sunt.
3062 1755 3215 1829 Imo,
3248 1761 3321 1816 ut
3351 1753 3587 1815 fatetur
3616 1750 3905 1822 BoetiuS,

791 1854 901 1919 lud
949 1875 963 1918 :
1009 1856 1289 1919 Potestas
1338 1863 1402 1918 et
1448 1864 1653 1918 terror
1702 1855 1868 1938 apud
1919 1854 2121 1916 Deum
2171 1858 2288 1926 est,
2325 1849 2371 1910 B
2401 1853 2752 1936 propositio
2780 1854 2951 1936 apud
2981 1853 3303 1936 sapientes
3342 1859 3490 1914 nota
3528 1868 3646 1933 per
3682 1867 3751 1910 se
3780 1856 3906 1923 est,

790 1954 901 2036 qui
945 1953 1098 2017 facit
1141 1953 1547 2017 concordiam
1593 1953 1659 2016 in
1703 1951 2090 2015 sublimibus
2134 1950 2287 2012 suis.

870 2051 1325 2114 Verumtamen
1377 2050 1544 2114 inter
1601 2051 1773 2133 ipsos
1833 2068 2048 2133 pugna
2097 2055 2291 2110 meta-

789 2149 1052 2232 phorice
1123 2158 1379 2231 sumpta
1453 2149 1758 2212 exsistere
1836 2147 2060 2222 fertur,
2136 2147 2292 2209 dum

790 2247 1237 2329 unusquisque
1296 2265 1412 2328 pro
1476 2246 1647 2309 bono
1704 2264 1926 2309 eorum
1985 2244 2096 2326 qui
2167 2243 2290 2306 sibi

791 2343 1122 2407 commissi
1172 2350 1342 2416 sunt,
1393 2344 1658 2406 advocat
1713 2350 1776 2405 et
1833 2342 2285 2425 patrocinatur.

789 2441 1075 2516 Interim,
1094 2442 1263 2524 quod
1280 2441 1534 2505 Gabriel
1563 2440 1978 2522 archangelus
2009 2439 2291 2521 loquitur

788 2536 1058 2613 Danieli,
1104 2538 1406 2621 Princeps
1456 2539 1637 2620 regni
1679 2539 2012 2601 Persarum
2059 2537 2291 2600 restitit

789 2637 949 2700 mihi
993 2635 1221 2719 viginti
1266 2644 1331 2699 et
1372 2655 1501 2700 uno
1545 2636 1795 2710 diebus,
1843 2635 2106 2719 exponit
2147 2635 2290 2698 Hie·

785 2755 1092 2820 ronymus
1136 2738 1215 2801 de
1256 2736 1484 2818 angelo
1526 2737 1694 2800 malo
1735 2737 1939 2800 Persis
1987 2737 2066 2799 ad
2115 2755 2292 2799 exer-

785 2835 1012 2898 citium
1044 2834 1211 2909 dato,
1245 2834 1356 2918 qui
1387 2834 1622 2898 restitit
1651 2834 1953 2910 Gabrieli,
1975 2834 2288 2917 populum

784 2933 1205 2996 Israeliticum
1236 2933 1314 2997 ad
1345 2931 1500 2995 vitia
1531 2931 1876 3007 incitando,
1895 2933 2116 3015 sicque
2147 2933 2289 3013 ejus

2399 1952 2569 2034 quod
2601 1951 3025 2034 incorporalia
3064 1969 3190 2014 non
3233 1957 3383 2013 sunt
3423 1949 3489 2011 in
3530 1949 3689 2012 loco.
3723 1946 3913 2020 Quod

2400 2051 2477 2112 de
2526 2051 2889 2113 exsistendo
2947 2049 3014 2112 in
3061 2048 3201 2112 loco
3258 2067 3374 2131 per
3430 2063 3915 2110 commensura·

2399 2149 2641 2212 tionem
2689 2150 2768 2212 ad
2810 2149 3021 2212 locum
3072 2154 3171 2211 est
3217 2146 3711 2228 intelligendum
3752 2162 3769 2206 ε
3812 2143 3913 2205 nil

2401 2246 2640 2329 quippe
2700 2247 2839 2309 loco
2896 2252 3450 2308 commensuratur
3506 2251 3571 2306 et
3618 2241 3913 2322 configu-

2398 2353 2575 2406 ratur
2619 2344 2744 2406 nisi
2793 2362 3170 2426 corporeum
3208 2351 3275 2405 et
3315 2350 3650 2424 quantum,
3685 2358 3913 2422 super-

2397 2441 2616 2505 ficiem
2646 2441 2907 2504 habens.
2928 2443 3164 2504 Verum
3195 2439 3567 2503 substantiae
3597 2445 3913 2520 separatae

2399 2546 2741 2602 censentur
2797 2557 2936 2602 esse
2992 2539 3060 2601 in
3109 2538 3249 2601 loco
3295 2535 3631 2600 definitive
3683 2552 3697 2597 ε
3749 2534 3913 2617 quia

2384 2637 2492 2731 ¹sic
2542 2637 2609 2699 in
2658 2654 2787 2701 uno
2834 2644 2985 2700 sunt
3032 2637 3174 2700 loco
3220 2636 3391 2718 quod
3442 2652 3570 2697 non
3619 2634 3687 2695 in
3745 2633 3904 2708 alio,

2400 2754 2517 2818 pro
2570 2736 2797 2798 eodem
2856 2742 3199 2798 momento.
3254 2734 3592 2797 Mittuntur
3641 2750 3909 2814 quoque

2399 2836 2476 2897 de
2525 2835 2664 2897 loco
2711 2853 2839 2898 uno
2885 2835 2963 2897 ad
3006 2834 3230 2908 alium,
3276 2841 3341 2894 et
3386 2831 3635 2894 ratione
3677 2849 3906 2913 opera-

2396 2933 2591 2996 tionis
2650 2952 2780 2997 suae
2837 2932 3134 2996 feruntur
3190 2931 3257 2994 in
3316 2931 3456 2994 loco
3522 2930 3901 3005 consistere,

787 3031 1231 3095 liberationem
1277 3031 1686 3115 impediendo
1720 3049 1734 3093 ε
1770 3049 1886 3113 pro
1914 3050 2041 3113 qua
2070 3030 2291 3094 Daniel
2322 3028 2364 3092 C
2396 3039 2586 3114 atque
2616 3031 2685 3093 in
2714 3031 2877 3095 coelo
2914 3049 3219 3114 empyreo
3257 3047 3372 3113 per
3409 3028 3901 3110 congruentiam

784 3137 940 3192 tunc
994 3131 1220 3204 oravit,
1270 3130 1457 3211 cujus
1498 3149 1722 3212 preces
1764 3129 2017 3193 Gabriel
2055 3129 2293 3192 obtulit

786 3229 934 3291 Deo.
969 3227 1310 3309 Gregorius
1345 3235 1560 3291 autem
1601 3227 1865 3311 exponit
1903 3227 2023 3290 hoc
2064 3228 2142 3290 de
2181 3247 2290 3290 an-

784 3326 928 3408 gelo
965 3333 1185 3389 sancto
1214 3327 1548 3389 Persarum
1581 3327 1882 3389 custode:
1909 3326 2020 3408 qui
2059 3325 2292 3388 restitit

785 3424 1066 3489 Gabrieli
1122 3433 1253 3488 tam
1312 3425 1446 3499 diu,
1506 3442 1634 3489 non
1694 3443 1810 3506 per
1865 3425 2099 3486 mentis
2164 3424 2291 3487 dis-

785 3542 1046 3587 sensum
1102 3530 1168 3586 et
1228 3523 1429 3586 animi
1494 3523 2030 3598 contrarietatem,
2090 3542 2290 3604 quum

785 3640 1008 3686 omnes
1047 3621 1256 3703 angeli
1296 3621 1498 3684 sancti
1539 3621 1772 3685 divinae
1811 3623 1941 3684 sint
1980 3620 2292 3684 voluntati

789 3719 1075 3802 plenarie
1105 3719 1508 3793 conformati,
1544 3719 1655 3782 sed
1695 3720 1762 3782 in
1793 3727 2104 3801 quantum
2144 3738 2290 3782 cau-

790 3837 926 3882 sam
958 3818 1181 3901 populi
1213 3818 1338 3881 sibi
1379 3817 1707 3881 commissi
1746 3818 2289 3900 prosequebatur3

791 3925 856 3980 et
911 3917 1187 3980 rationes
1233 3916 1531 3997 allegavit
1578 3934 1694 3997 pro
1734 3932 1832 3990 eo,
1867 3935 2024 3998 quas
2072 3916 2153 3979 ad
2200 3916 2292 3979 di-

791 4017 1016 4079 vinum
1075 4015 1392 4078 referebat
1436 4014 1780 4096 judicium,
1831 4021 1896 4077 et
1943 4014 2086 4096 ejus
2135 4034 2292 4098 prae-

791 4114 1140 4178 stolabatur
1188 4114 1620 4176 sententiam:
1664 4112 1916 4177 Gabriel
1969 4130 2121 4176 vero
2178 4131 2294 4196 pro

792 4212 980 4295 plebe
1021 4213 1384 4275 Judaeorum
1428 4211 1672 4292 sategit.
1716 4285 1722 4290 ἢ

870 4311 950 4374 At
986 4327 1139 4374 vero
1175 4309 1386 4390 angeli
1425 4309 1857 4383 tenebrarum,
1891 4309 2187 4390 quamvis
2225 4308 2292 4371 in

792 4408 980 4472 malis
1011 4408 1419 4482 concordent,
1455 4407 1776 4469 interdum
1805 4414 2021 4469 tamen
2051 4425 2130 4469 ex
2163 4426 2295 4470 me-

791 4527 861 4570 ra
902 4506 1144 4570 malitia
1183 4513 1404 4569 contra
1441 4523 1510 4568 se
1550 4504 1829 4567 invicem
1869 4505 2199 4586 insurgere
2231 4513 2295 4568 et

790 4624 1076 4689 pugnare
1143 4604 1486 4686 leguntur3
1547 4609 1611 4665 et
1665 4603 1926 4685 quidam
1985 4621 2209 4666 eorum
2257 4623 2293 4665 a

790 4705 1084 4788 principe
1114 4721 1230 4766 suo
1255 4689 1567 4784 ¹flagellati
1602 4709 1958 4776 narrantur,
1983 4701 2134 4783 quia
2165 4720 2291 4764 non

789 4803 944 4866 satis
987 4801 1189 4865 multa
1232 4801 1396 4863 mala
1439 4807 1787 4884 patrarunt.

1069 5008 1590 5075 PROPOSITIO
1637 5009 2008 5074 LXXXVI.

871 5197 1056 5264 Esse
1125 5197 1212 5261 in
1276 5196 1454 5262 loco
1525 5194 1874 5260 diversis
1955 5194 2291 5260 diversi-

790 5295 1020 5366 mode
1079 5292 1560 5361 attribuitur
1617 5312 1633 5360 :
1681 5293 1845 5359 Deo
1901 5291 2289 5363 videlicet

2396 3129 2763 3211 specialem,
2808 3128 2976 3192 sicut
3018 3127 3442 3210 praehabitum
3483 3135 3599 3190 est.
3632 3127 3903 3190 Ratione
3932 3165 4205 3208 propo-‚212

2396 3235 2610 3290 autem
2670 3247 2801 3291 suae
2858 3226 3277 3310 incorporalis
3335 3225 3767 3289 consistentiae
3834 3233 3903 3288 et

2397 3324 2839 3388 immaterialis
2885 3334 3149 3400 naturae,
3195 3341 3324 3388 non
3373 3325 3674 3387 videntur
3719 3323 3901 3387 habi·

2396 3423 2687 3486 tudinem
2735 3431 2846 3486 aut
2891 3423 3489 3486 determinationem
3537 3422 3770 3486 habere
3818 3423 3901 3485 ad

2399 3521 2613 3585 locum
2647 3539 2661 3583 :
2695 3539 2824 3585 non
2862 3522 3033 3604 quod
3072 3540 3293 3585 earum
3332 3521 3610 3584 essentia
3647 3538 3773 3584 non
3814 3520 3903 3583 sit

2400 3621 2467 3683 in
2510 3639 2577 3684 se
2615 3628 2677 3683 et
2721 3621 2787 3683 in
2832 3640 2943 3683 sua
2987 3620 3382 3704 perfectione
3425 3619 3734 3701 specifica
3774 3627 3900 3681 ter-

2400 3719 2661 3792 minata,
2702 3720 2811 3781 sed
2858 3720 3026 3801 quod
3069 3737 3189 3781 nec
3234 3718 3301 3780 in
3348 3718 3621 3780 essendo
3673 3735 3789 3780 nec
3834 3717 3903 3778 in

2401 3817 2855 3900 permanendo,
2888 3835 3098 3899 neque
3130 3817 3195 3879 in
3224 3817 3472 3897 agendo
3497 3815 3749 3878 actione
3788 3815 3905 3878 im-

2402 3923 2700 3977 manente
2749 3914 2873 3977 sibi
2917 3914 3189 3984 naturali
3227 3932 3302 3976 ac
3331 3914 3612 3996 propria,
3645 3913 3724 3977 ad
3767 3931 3904 3976 cor-

2402 4030 2557 4095 pora
2608 4013 2739 4074 ulla
2787 4020 2896 4075 aut
2944 4012 3340 4094 corporalem
3402 4013 3613 4074 locum
3673 4012 3907 4094 depen-

2400 4112 2607 4174 deant.
2642 4111 2780 4174 Non
2827 4110 3021 4191 igitur
3064 4118 3215 4172 sunt
3258 4110 3500 4192 ubique
3544 4128 3664 4172 nec
3707 4109 3905 4172 simul

2322 4211 2373 4274 D
2403 4209 2468 4271 in
2528 4209 2823 4291 pluribus
2885 4209 3064 4283 lociS‚
3116 4228 3235 4271 nec
3293 4209 3360 4271 in
3419 4208 3559 4272 loco
3616 4208 3903 4291 punctali

2402 4327 2541 4370 esse
2581 4307 2888 4389 competit
2924 4307 3018 4370 eis
3049 4325 3064 4369 ε
3099 4325 3217 4369 nec
3256 4305 3431 4370 enim
3470 4313 3621 4370 sunt
3659 4325 3903 4387 magnae

2403 4406 2773 4488 quantitatis
2840 4413 2949 4467 aut
3018 4425 3249 4489 parvm,
3320 4406 3429 4468 sed
3503 4422 3763 4488 prorsus
3832 4405 3901 4467 in

2400 4523 2515 4567 sua
2534 4503 2812 4567 essentia
2840 4504 3197 4567 inextentae.
3211 4502 3509 4566 Attamen
3529 4504 3901 4585 quantitatis

2402 4609 2550 4664 sunt
2598 4601 2911 4674 virtualiS,
2954 4609 3018 4663 et
3066 4601 3131 4663 in
3180 4619 3255 4664 ea
3303 4621 3430 4664 una
3473 4609 3571 4664 est
3606 4600 3730 4663 alia
3768 4620 3901 4664 ma-

2397 4701 2537 4781 J'or3
2570 4708 2759 4783 atque
2790 4719 2904 4782 per
2942 4699 3438 4782 applicationem
3478 4720 3609 4764 suae
3645 4701 3899 4762 virtutis

2401 4807 2464 4861 et
2511 4798 2900 4881 operationis
2946 4798 3025 4860 ad
3076 4798 3452 4881 corporalia,
3504 4799 3571 4860 in
3621 4799 3759 4862 loco
3804 4798 3901 4860 di·

2399 4905 2631 4960 cuntur
2676 4915 2816 4960 esse
2866 4897 3093 4977 majori
3140 4904 3249 4960 aut
3298 4897 3553 4960 minori.
3605 4897 3747 4961 Haee
3802 4906 3903 4960 est

2398 4996 2809 5077 antiquorum
2851 4996 3181 5058 doctorum
3225 4995 3534 5058 doctrina.

2478 5093 2722 5168 Quibus
2782 5093 3041 5157 obviare
3106 5093 3363 5156 videtur
3426 5093 3734 5157 articulus
3790 5095 3903 5158 Pa-

2402 5192 2575 5255 risiis
2608 5192 2728 5255 sub
2759 5191 3020 5255 domino
3054 5191 3375 5273 Stephano
3408 5191 3749 5256 Parisiensi
3787 5213 3900 5256 an-

2396 5292 2596 5355 tistite
2627 5291 3103 5365 condemnatuS,
3127 5308 3255 5373 quo
3284 5291 3559 5356 dicitur:
3594 5291 3903 5358 Substan-
