<?xml version="1.0" encoding="UTF-8"?>
<!DOCTYPE html PUBLIC "-//W3C//DTD XHTML 1.0 Transitional//EN"
    "http://www.w3.org/TR/xhtml1/DTD/xhtml1-transitional.dtd">
<html xmlns="http://www.w3.org/1999/xhtml" xml:lang="en" lang="en">
 <head>
  <title>
</title>
<meta http-equiv="Content-Type" content="text/html;charset=utf-8" />
  <meta name='ocr-system' content='tesseract 3.04.00' />
  <meta name='ocr-capabilities' content='ocr_page ocr_carea ocr_par ocr_line ocrx_word'/>
</head>
<body>
  <div class='ocr_page' id='page_1' title='image "./doctorisecstati05unkngoog_0217.png"; bbox 0 0 4300 6259; ppageno 0'>
   <div class='ocr_carea' id='block_1_1' title="bbox 1107 479 2987 529">
    <p class='ocr_par' dir='ltr' id='par_1_1' title="bbox 1107 479 2987 529">
     <span class='ocr_line' id='line_1_1' title="bbox 1107 479 2987 529; baseline 0 -1"><span class='ocrx_word' id='word_1_1' title='bbox 1107 481 1530 529; x_wconf 70' lang='lat' dir='ltr'><strong>nummulo</strong></span> <span class='ocrx_word' id='word_1_2' title='bbox 1567 479 1964 528; x_wconf 56' lang='lat' dir='ltr'><strong>momulus.</strong></span> <span class='ocrx_word' id='word_1_3' title='bbox 2009 499 2090 511; x_wconf 89' lang='lat'>—</span> <span class='ocrx_word' id='word_1_4' title='bbox 2132 481 2212 527; x_wconf 70' lang='lat' dir='ltr'><strong>DE</strong></span> <span class='ocrx_word' id='word_1_5' title='bbox 2254 480 2709 528; x_wconf 50' lang='lat' dir='ltr'><strong>menusanum.</strong></span> <span class='ocrx_word' id='word_1_6' title='bbox 2748 481 2987 528; x_wconf 76' lang='lat' dir='ltr'>CHRISTI</span> 
     </span>
    </p>
   </div>
   <div class='ocr_carea' id='block_1_2' title="bbox 3474 461 3593 528">
    <p class='ocr_par' dir='ltr' id='par_1_2' title="bbox 3474 461 3593 528">
     <span class='ocr_line' id='line_1_2' title="bbox 3474 461 3593 528; baseline 0.017 -2"><span class='ocrx_word' id='word_1_7' title='bbox 3474 461 3593 528; x_wconf 79' lang='lat'><strong>199</strong></span> 
     </span>
    </p>
   </div>
   <div class='ocr_carea' id='block_1_3' title="bbox 485 649 3595 734">
    <p class='ocr_par' dir='ltr' id='par_1_3' title="bbox 485 649 3595 734">
     <span class='ocr_line' id='line_1_3' title="bbox 485 649 3595 734; baseline -0.001 -20"><span class='ocrx_word' id='word_1_8' title='bbox 485 649 898 715; x_wconf 74' lang='lat' dir='ltr'><strong>solummodo</strong></span> <span class='ocrx_word' id='word_1_9' title='bbox 921 651 1262 732; x_wconf 82' lang='lat' dir='ltr'><strong>objective,</strong></span> <span class='ocrx_word' id='word_1_10' title='bbox 1295 651 1374 715; x_wconf 90' lang='lat' dir='ltr'><strong>ad</strong></span> <span class='ocrx_word' id='word_1_11' title='bbox 1412 650 1814 723; x_wconf 90' lang='lat' dir='ltr'><strong>intuendum,</strong></span> <span class='ocrx_word' id='word_1_12' title='bbox 1851 667 1994 734; x_wconf 91' lang='lat' dir='ltr'><strong>pos-</strong></span> <span class='ocrx_word' id='word_1_13' title='bbox 2021 649 2074 714; x_wconf 81' lang='lat' dir='ltr'>A</span> <span class='ocrx_word' id='word_1_14' title='bbox 2104 669 2253 714; x_wconf 88' lang='lat' dir='ltr'><strong>cum</strong></span> <span class='ocrx_word' id='word_1_15' title='bbox 2302 651 2617 725; x_wconf 88' lang='lat' dir='ltr'><strong>Creatore,</strong></span> <span class='ocrx_word' id='word_1_16' title='bbox 2658 649 2923 715; x_wconf 88' lang='lat' dir='ltr'><strong>evidens</strong></span> <span class='ocrx_word' id='word_1_17' title='bbox 2968 656 3067 714; x_wconf 90' lang='lat' dir='ltr'><strong>est</strong></span> <span class='ocrx_word' id='word_1_18' title='bbox 3110 650 3281 733; x_wconf 89' lang='lat' dir='ltr'><strong>quod</strong></span> <span class='ocrx_word' id='word_1_19' title='bbox 3328 650 3407 714; x_wconf 88' lang='lat' dir='ltr'><strong>ad</strong></span> <span class='ocrx_word' id='word_1_20' title='bbox 3452 667 3595 713; x_wconf 87' lang='lat' dir='ltr'><strong>eam</strong></span> 
     </span>
    </p>
   </div>
   <div class='ocr_carea' id='block_1_4' title="bbox 483 747 1994 1812">
    <p class='ocr_par' dir='ltr' id='par_1_4' title="bbox 485 747 1256 823">
     <span class='ocr_line' id='line_1_4' title="bbox 485 747 1256 823; baseline 0.003 -13"><span class='ocrx_word' id='word_1_21' title='bbox 485 747 858 823; x_wconf 89' lang='lat' dir='ltr'><strong>sidendum,</strong></span> <span class='ocrx_word' id='word_1_22' title='bbox 889 748 1256 813; x_wconf 85' lang='lat' dir='ltr'><strong>fruendum.</strong></span> 
     </span>
    </p>

    <p class='ocr_par' dir='ltr' id='par_1_5' title="bbox 483 845 1994 1812">
     <span class='ocr_line' id='line_1_5' title="bbox 571 845 1992 930; baseline 0.001 -22"><span class='ocrx_word' id='word_1_23' title='bbox 571 846 841 928; x_wconf 79' lang='lat' dir='ltr'>Insuper</span> <span class='ocrx_word' id='word_1_24' title='bbox 871 845 1254 910; x_wconf 76' lang='lat' dir='ltr'><strong>charismata</strong></span> <span class='ocrx_word' id='word_1_25' title='bbox 1287 847 1505 928; x_wconf 79' lang='lat' dir='ltr'><strong>gratiae</strong></span> <span class='ocrx_word' id='word_1_26' title='bbox 1543 847 1836 930; x_wconf 87' lang='lat' dir='ltr'><strong>donaque</strong></span> <span class='ocrx_word' id='word_1_27' title='bbox 1864 846 1992 930; x_wconf 92' lang='lat' dir='ltr'><strong>glo-</strong></span> 
     </span>
     <span class='ocr_line' id='line_1_6' title="bbox 485 943 1990 1027; baseline 0.001 -22"><span class='ocrx_word' id='word_1_28' title='bbox 485 943 626 1016; x_wconf 79' lang='lat' dir='ltr'><strong>riae,</strong></span> <span class='ocrx_word' id='word_1_29' title='bbox 663 962 700 1005; x_wconf 89' lang='lat' dir='ltr'><strong>a</strong></span> <span class='ocrx_word' id='word_1_30' title='bbox 734 945 944 1027; x_wconf 90' lang='lat' dir='ltr'><strong>primo</strong></span> <span class='ocrx_word' id='word_1_31' title='bbox 973 945 1428 1009; x_wconf 86' lang='lat' dir='ltr'><strong>incarnationis</strong></span> <span class='ocrx_word' id='word_1_32' title='bbox 1459 945 1719 1009; x_wconf 85' lang='lat' dir='ltr'><strong>instanti</strong></span> <span class='ocrx_word' id='word_1_33' title='bbox 1759 945 1990 1010; x_wconf 85' lang='lat' dir='ltr'><strong>inaesti-</strong></span> 
     </span>
     <span class='ocr_line' id='line_1_7' title="bbox 487 1041 1992 1125; baseline 0.003 -21"><span class='ocrx_word' id='word_1_34' title='bbox 487 1041 818 1104; x_wconf 88' lang='lat' dir='ltr'><strong>mabiliter</strong></span> <span class='ocrx_word' id='word_1_35' title='bbox 864 1041 1266 1125; x_wconf 79' lang='lat' dir='ltr'><strong>praeclariora</strong></span> <span class='ocrx_word' id='word_1_36' title='bbox 1321 1041 1593 1106; x_wconf 87' lang='lat' dir='ltr'><strong>contulit</strong></span> <span class='ocrx_word' id='word_1_37' title='bbox 1649 1050 1992 1125; x_wconf 77' lang='lat' dir='ltr'><strong>assumptae</strong></span> 
     </span>
     <span class='ocr_line' id='line_1_8' title="bbox 485 1139 1986 1222; baseline 0.002 -21"><span class='ocrx_word' id='word_1_38' title='bbox 485 1139 875 1204; x_wconf 72' lang='lat' dir='ltr'><strong>humanitati</strong></span> <span class='ocrx_word' id='word_1_39' title='bbox 933 1159 1128 1222; x_wconf 88' lang='lat' dir='ltr'><strong>quam</strong></span> <span class='ocrx_word' id='word_1_40' title='bbox 1181 1140 1374 1204; x_wconf 91' lang='lat' dir='ltr'><strong>alicui</strong></span> <span class='ocrx_word' id='word_1_41' title='bbox 1431 1141 1612 1204; x_wconf 87' lang='lat' dir='ltr'><strong>alteri</strong></span> <span class='ocrx_word' id='word_1_42' title='bbox 1662 1148 1986 1205; x_wconf 65' lang='lat' dir='ltr'><strong>creaturae.</strong></span> 
     </span>
     <span class='ocr_line' id='line_1_9' title="bbox 483 1236 1990 1320; baseline 0 -20"><span class='ocrx_word' id='word_1_43' title='bbox 483 1236 756 1310; x_wconf 84' lang='lat' dir='ltr'>Rursus,</span> <span class='ocrx_word' id='word_1_44' title='bbox 792 1237 1466 1320; x_wconf 87' lang='lat' dir='ltr'><strong>incomprehensibilis</strong></span> <span class='ocrx_word' id='word_1_45' title='bbox 1511 1238 1782 1301; x_wconf 84' lang='lat' dir='ltr'><strong>altitudo</strong></span> <span class='ocrx_word' id='word_1_46' title='bbox 1827 1239 1990 1320; x_wconf 90' lang='lat' dir='ltr'><strong>sapi-</strong></span> 
     </span>
     <span class='ocr_line' id='line_1_10' title="bbox 485 1334 1990 1419; baseline 0.001 -22"><span class='ocrx_word' id='word_1_47' title='bbox 485 1335 682 1398; x_wconf 78' lang='lat' dir='ltr'><strong>entiae</strong></span> <span class='ocrx_word' id='word_1_48' title='bbox 727 1335 1064 1410; x_wconf 77' lang='lat' dir='ltr'><strong>CreatoriS,</strong></span> <span class='ocrx_word' id='word_1_49' title='bbox 1109 1334 1809 1418; x_wconf 86' lang='lat' dir='ltr'><strong>imperscrutabilisque</strong></span> <span class='ocrx_word' id='word_1_50' title='bbox 1848 1353 1990 1419; x_wconf 94' lang='lat' dir='ltr'><strong>pro-</strong></span> 
     </span>
     <span class='ocr_line' id='line_1_11' title="bbox 487 1433 1992 1516; baseline 0.001 -22"><span class='ocrx_word' id='word_1_51' title='bbox 487 1433 776 1495; x_wconf 89' lang='lat' dir='ltr'><strong>funditas</strong></span> <span class='ocrx_word' id='word_1_52' title='bbox 833 1433 1088 1497; x_wconf 88' lang='lat' dir='ltr'><strong>consilii</strong></span> <span class='ocrx_word' id='word_1_53' title='bbox 1147 1433 1818 1516; x_wconf 81' lang='lat' dir='ltr'><strong>supergloriosissimae</strong></span> <span class='ocrx_word' id='word_1_54' title='bbox 1860 1434 1992 1496; x_wconf 84' lang='lat' dir='ltr'><strong>Tri·</strong></span> 
     </span>
     <span class='ocr_line' id='line_1_12' title="bbox 483 1531 1992 1614; baseline 0.001 -22"><span class='ocrx_word' id='word_1_55' title='bbox 483 1531 709 1594; x_wconf 87' lang='lat' dir='ltr'><strong>nitatis</strong></span> <span class='ocrx_word' id='word_1_56' title='bbox 747 1551 942 1614; x_wconf 91' lang='lat' dir='ltr'><strong>super</strong></span> <span class='ocrx_word' id='word_1_57' title='bbox 991 1531 1178 1595; x_wconf 91' lang='lat' dir='ltr'><strong>modo</strong></span> <span class='ocrx_word' id='word_1_58' title='bbox 1219 1531 1678 1614; x_wconf 80' lang='lat' dir='ltr'><strong>redemptionis</strong></span> <span class='ocrx_word' id='word_1_59' title='bbox 1739 1532 1992 1612; x_wconf 90' lang='lat' dir='ltr'><strong>generis</strong></span> 
     </span>
     <span class='ocr_line' id='line_1_13' title="bbox 483 1628 1992 1702; baseline 0.001 -12"><span class='ocrx_word' id='word_1_60' title='bbox 483 1628 780 1702; x_wconf 89' lang='lat' dir='ltr'><strong>humani,</strong></span> <span class='ocrx_word' id='word_1_61' title='bbox 827 1630 894 1692; x_wconf 89' lang='lat' dir='ltr'><strong>in</strong></span> <span class='ocrx_word' id='word_1_62' title='bbox 944 1630 1378 1693; x_wconf 87' lang='lat' dir='ltr'><strong>incarnatione</strong></span> <span class='ocrx_word' id='word_1_63' title='bbox 1403 1630 1610 1692; x_wconf 83' lang='lat' dir='ltr'><strong>-Verbi</strong></span> <span class='ocrx_word' id='word_1_64' title='bbox 1653 1630 1874 1694; x_wconf 78' lang='lat' dir='ltr'><strong>aeterni</strong></span> <span class='ocrx_word' id='word_1_65' title='bbox 1918 1649 1992 1693; x_wconf 92' lang='lat' dir='ltr'><strong>ac</strong></span> 
     </span>
     <span class='ocr_line' id='line_1_14' title="bbox 483 1727 1994 1812; baseline 0.002 -24"><span class='ocrx_word' id='word_1_66' title='bbox 483 1728 722 1789; x_wconf 85' lang='lat' dir='ltr'><strong>ceteris</strong></span> <span class='ocrx_word' id='word_1_67' title='bbox 747 1727 889 1808; x_wconf 84' lang='lat' dir='ltr'><strong>ejus</strong></span> <span class='ocrx_word' id='word_1_68' title='bbox 922 1727 1240 1812; x_wconf 79' lang='lat' dir='ltr'><strong>mysteriis</strong></span> <span class='ocrx_word' id='word_1_69' title='bbox 1285 1727 1868 1810; x_wconf 82' lang='lat' dir='ltr'><strong>incomparabiliter</strong></span> <span class='ocrx_word' id='word_1_70' title='bbox 1897 1736 1994 1792; x_wconf 89' lang='lat' dir='ltr'><strong>est</strong></span> 
     </span>
    </p>
   </div>
   <div class='ocr_carea' id='block_1_5' title="bbox 2101 748 3602 1808">
    <p class='ocr_par' dir='ltr' id='par_1_6' title="bbox 2101 748 3602 1808">
     <span class='ocr_line' id='line_1_15' title="bbox 2101 748 3600 833; baseline -0.002 -19"><span class='ocrx_word' id='word_1_71' title='bbox 2101 749 2393 831; x_wconf 81' lang='lat' dir='ltr'><strong>exigatur</strong></span> <span class='ocrx_word' id='word_1_72' title='bbox 2432 749 3019 833; x_wconf 83' lang='lat' dir='ltr'><strong>incomparabiliter</strong></span> <span class='ocrx_word' id='word_1_73' title='bbox 3060 748 3377 812; x_wconf 88' lang='lat' dir='ltr'><strong>excellens</strong></span> <span class='ocrx_word' id='word_1_74' title='bbox 3425 748 3600 831; x_wconf 92' lang='lat' dir='ltr'><strong>puri-</strong></span> 
     </span>
     <span class='ocr_line' id='line_1_16' title="bbox 2101 847 3601 931; baseline 0.001 -21"><span class='ocrx_word' id='word_1_75' title='bbox 2101 855 2221 922; x_wconf 87' lang='lat' dir='ltr'><strong>tas,</strong></span> <span class='ocrx_word' id='word_1_76' title='bbox 2282 849 2493 922; x_wconf 90' lang='lat' dir='ltr'><strong>decor,</strong></span> <span class='ocrx_word' id='word_1_77' title='bbox 2554 849 2876 923; x_wconf 86' lang='lat' dir='ltr'><strong>sanctitas,</strong></span> <span class='ocrx_word' id='word_1_78' title='bbox 2928 847 3239 931; x_wconf 78' lang='lat' dir='ltr'><strong>perfectio</strong></span> <span class='ocrx_word' id='word_1_79' title='bbox 3294 853 3601 912; x_wconf 78' lang='lat' dir='ltr'><strong>creaturae</strong></span> 
     </span>
     <span class='ocr_line' id='line_1_17' title="bbox 2101 946 3601 1030; baseline -0.001 -20"><span class='ocrx_word' id='word_1_80' title='bbox 2101 947 2314 1010; x_wconf 89' lang='lat' dir='ltr'><strong>taliter</strong></span> <span class='ocrx_word' id='word_1_81' title='bbox 2371 946 2769 1010; x_wconf 80' lang='lat' dir='ltr'><strong>assumendae</strong></span> <span class='ocrx_word' id='word_1_82' title='bbox 2816 965 3118 1030; x_wconf 88' lang='lat' dir='ltr'><strong>nuncque</strong></span> <span class='ocrx_word' id='word_1_83' title='bbox 3172 951 3517 1028; x_wconf 59' lang='lat' dir='ltr'><strong>assumptae</strong></span> <span class='ocrx_word' id='word_1_84' title='bbox 3562 963 3601 1007; x_wconf 89' lang='lat' dir='ltr'><strong>a</strong></span> 
     </span>
     <span class='ocr_line' id='line_1_18' title="bbox 2103 1043 3601 1128; baseline -0.001 -20"><span class='ocrx_word' id='word_1_85' title='bbox 2103 1045 2235 1108; x_wconf 88' lang='lat' dir='ltr'><strong>Deo</strong></span> <span class='ocrx_word' id='word_1_86' title='bbox 2284 1061 2299 1106; x_wconf 75' lang='grc' dir='ltr'><strong><em>ε</em></strong></span> <span class='ocrx_word' id='word_1_87' title='bbox 2346 1062 2473 1108; x_wconf 89' lang='lat' dir='ltr'><strong>non</strong></span> <span class='ocrx_word' id='word_1_88' title='bbox 2522 1045 2693 1128; x_wconf 88' lang='lat' dir='ltr'><strong>quod</strong></span> <span class='ocrx_word' id='word_1_89' title='bbox 2744 1045 2897 1108; x_wconf 91' lang='lat' dir='ltr'><strong>unio</strong></span> <span class='ocrx_word' id='word_1_90' title='bbox 2942 1044 3133 1108; x_wconf 85' lang='lat' dir='ltr'><strong>Verbi</strong></span> <span class='ocrx_word' id='word_1_91' title='bbox 3180 1043 3402 1108; x_wconf 83' lang='lat' dir='ltr'><strong>aeterni</strong></span> <span class='ocrx_word' id='word_1_92' title='bbox 3451 1061 3601 1106; x_wconf 87' lang='lat' dir='ltr'><strong>cum</strong></span> 
     </span>
     <span class='ocr_line' id='line_1_19' title="bbox 2102 1142 3601 1226; baseline -0.001 -20"><span class='ocrx_word' id='word_1_93' title='bbox 2102 1143 2501 1206; x_wconf 77' lang='lat' dir='ltr'><strong>humanitate</strong></span> <span class='ocrx_word' id='word_1_94' title='bbox 2528 1143 2609 1206; x_wconf 90' lang='lat' dir='ltr'><strong>ab</strong></span> <span class='ocrx_word' id='word_1_95' title='bbox 2642 1144 2783 1226; x_wconf 90' lang='lat' dir='ltr'><strong>ipso</strong></span> <span class='ocrx_word' id='word_1_96' title='bbox 2810 1151 3160 1225; x_wconf 90' lang='lat' dir='ltr'><strong>assumpta,</strong></span> <span class='ocrx_word' id='word_1_97' title='bbox 3194 1159 3323 1206; x_wconf 90' lang='lat' dir='ltr'><strong>non</strong></span> <span class='ocrx_word' id='word_1_98' title='bbox 3362 1142 3447 1204; x_wconf 87' lang='lat' dir='ltr'><strong>sit</strong></span> <span class='ocrx_word' id='word_1_99' title='bbox 3484 1142 3601 1204; x_wconf 89' lang='lat' dir='ltr'><strong>im·</strong></span> 
     </span>
     <span class='ocr_line' id='line_1_20' title="bbox 2106 1240 3601 1325; baseline -0.002 -21"><span class='ocrx_word' id='word_1_100' title='bbox 2106 1242 2381 1304; x_wconf 89' lang='lat' dir='ltr'><strong>mediate</strong></span> <span class='ocrx_word' id='word_1_101' title='bbox 2408 1241 2575 1304; x_wconf 91' lang='lat' dir='ltr'><strong>facta</strong></span> <span class='ocrx_word' id='word_1_102' title='bbox 2603 1241 2670 1304; x_wconf 87' lang='lat' dir='ltr'><strong>in</strong></span> <span class='ocrx_word' id='word_1_103' title='bbox 2702 1241 2842 1325; x_wconf 88' lang='lat' dir='ltr'><strong>ipsa</strong></span> <span class='ocrx_word' id='word_1_104' title='bbox 2870 1249 3118 1314; x_wconf 86' lang='lat' dir='ltr'><strong>natura,</strong></span> <span class='ocrx_word' id='word_1_105' title='bbox 3150 1247 3216 1304; x_wconf 89' lang='lat' dir='ltr'><strong>et</strong></span> <span class='ocrx_word' id='word_1_106' title='bbox 3253 1240 3419 1304; x_wconf 89' lang='lat' dir='ltr'><strong>inter</strong></span> <span class='ocrx_word' id='word_1_107' title='bbox 3458 1258 3601 1323; x_wconf 92' lang='lat' dir='ltr'><strong>per·</strong></span> 
     </span>
     <span class='ocr_line' id='line_1_21' title="bbox 2103 1345 3602 1402; baseline -0.003 0"><span class='ocrx_word' id='word_1_108' title='bbox 2103 1357 2325 1402; x_wconf 90' lang='lat' dir='ltr'><strong>sonam</strong></span> <span class='ocrx_word' id='word_1_109' title='bbox 2382 1347 2815 1402; x_wconf 88' lang='lat' dir='ltr'><strong>assumentem</strong></span> <span class='ocrx_word' id='word_1_110' title='bbox 2882 1346 2947 1401; x_wconf 91' lang='lat' dir='ltr'><strong>et</strong></span> <span class='ocrx_word' id='word_1_111' title='bbox 3012 1345 3303 1401; x_wconf 91' lang='lat' dir='ltr'><strong>naturam</strong></span> <span class='ocrx_word' id='word_1_112' title='bbox 3360 1354 3602 1400; x_wconf 89' lang='lat' dir='ltr'><strong>assum-</strong></span> 
     </span>
     <span class='ocr_line' id='line_1_22' title="bbox 2104 1434 3601 1521; baseline -0.002 -21"><span class='ocrx_word' id='word_1_113' title='bbox 2104 1444 2313 1520; x_wconf 82' lang='lat' dir='ltr'><strong>ptam3</strong></span> <span class='ocrx_word' id='word_1_114' title='bbox 2346 1438 2456 1500; x_wconf 89' lang='lat' dir='ltr'><strong>sed</strong></span> <span class='ocrx_word' id='word_1_115' title='bbox 2486 1438 2657 1521; x_wconf 87' lang='lat' dir='ltr'><strong>quod</strong></span> <span class='ocrx_word' id='word_1_116' title='bbox 2686 1438 2755 1500; x_wconf 91' lang='lat' dir='ltr'><strong>in</strong></span> <span class='ocrx_word' id='word_1_117' title='bbox 2786 1436 3337 1521; x_wconf 77' lang='lat' dir='ltr'><strong>praeconceptione</strong></span> <span class='ocrx_word' id='word_1_118' title='bbox 3366 1434 3601 1498; x_wconf 89' lang='lat' dir='ltr'><strong>mentis</strong></span> 
     </span>
     <span class='ocr_line' id='line_1_23' title="bbox 2102 1533 3601 1614; baseline -0.002 -15"><span class='ocrx_word' id='word_1_119' title='bbox 2102 1536 2337 1600; x_wconf 82' lang='lat' dir='ltr'><strong>divinae</strong></span> <span class='ocrx_word' id='word_1_120' title='bbox 2368 1537 2697 1600; x_wconf 90' lang='lat' dir='ltr'><strong>decretum</strong></span> <span class='ocrx_word' id='word_1_121' title='bbox 2727 1535 2811 1598; x_wconf 93' lang='lat' dir='ltr'><strong>sit</strong></span> <span class='ocrx_word' id='word_1_122' title='bbox 2838 1543 2903 1598; x_wconf 88' lang='lat' dir='ltr'><strong>et</strong></span> <span class='ocrx_word' id='word_1_123' title='bbox 2931 1534 3458 1598; x_wconf 88' lang='lat' dir='ltr'><strong>decentissimum</strong></span> <span class='ocrx_word' id='word_1_124' title='bbox 3499 1533 3601 1614; x_wconf 84' lang='lat' dir='ltr'><strong>ju·</strong></span> 
     </span>
     <span class='ocr_line' id='line_1_24' title="bbox 2101 1632 3601 1708; baseline -0.003 -10"><span class='ocrx_word' id='word_1_125' title='bbox 2101 1637 2403 1708; x_wconf 89' lang='lat' dir='ltr'><strong>dicatum,</strong></span> <span class='ocrx_word' id='word_1_126' title='bbox 2438 1641 2507 1696; x_wconf 91' lang='lat' dir='ltr'><strong>ut</strong></span> <span class='ocrx_word' id='word_1_127' title='bbox 2536 1653 2664 1698; x_wconf 89' lang='lat' dir='ltr'><strong>non</strong></span> <span class='ocrx_word' id='word_1_128' title='bbox 2694 1641 3129 1698; x_wconf 84' lang='lat' dir='ltr'><strong>assumeretur</strong></span> <span class='ocrx_word' id='word_1_129' title='bbox 3164 1639 3391 1696; x_wconf 90' lang='lat' dir='ltr'><strong>natura</strong></span> <span class='ocrx_word' id='word_1_130' title='bbox 3430 1632 3601 1695; x_wconf 91' lang='lat' dir='ltr'><strong>nuda</strong></span> 
     </span>
     <span class='ocr_line' id='line_1_25' title="bbox 2103 1730 3602 1808; baseline 0 -12"><span class='ocrx_word' id='word_1_131' title='bbox 2103 1741 2169 1796; x_wconf 88' lang='lat' dir='ltr'><strong>et</strong></span> <span class='ocrx_word' id='word_1_132' title='bbox 2214 1733 2599 1808; x_wconf 87' lang='lat' dir='ltr'><strong>indecorata,</strong></span> <span class='ocrx_word' id='word_1_133' title='bbox 2650 1733 2763 1796; x_wconf 89' lang='lat' dir='ltr'><strong>sed</strong></span> <span class='ocrx_word' id='word_1_134' title='bbox 2810 1733 3061 1795; x_wconf 90' lang='lat' dir='ltr'><strong>cunctis</strong></span> <span class='ocrx_word' id='word_1_135' title='bbox 3108 1730 3602 1796; x_wconf 86' lang='lat' dir='ltr'><strong>charismatibus</strong></span> 
     </span>
    </p>
   </div>
   <div class='ocr_carea' id='block_1_6' title="bbox 479 1823 3606 1916">
    <p class='ocr_par' dir='ltr' id='par_1_7' title="bbox 479 1823 3606 1916">
     <span class='ocr_line' id='line_1_26' title="bbox 479 1823 3606 1916; baseline 0.002 -29"><span class='ocrx_word' id='word_1_136' title='bbox 479 1823 861 1906; x_wconf 74' lang='lat' dir='ltr'><strong>refulgens:</strong></span> <span class='ocrx_word' id='word_1_137' title='bbox 899 1827 962 1888; x_wconf 91' lang='lat' dir='ltr'><strong>in</strong></span> <span class='ocrx_word' id='word_1_138' title='bbox 995 1825 1230 1909; x_wconf 89' lang='lat' dir='ltr'><strong>quibus</strong></span> <span class='ocrx_word' id='word_1_139' title='bbox 1257 1833 1320 1889; x_wconf 91' lang='lat' dir='ltr'><strong>et</strong></span> <span class='ocrx_word' id='word_1_140' title='bbox 1347 1827 1596 1907; x_wconf 89' lang='lat' dir='ltr'><strong>justitia</strong></span> <span class='ocrx_word' id='word_1_141' title='bbox 1639 1827 1750 1890; x_wconf 91' lang='lat' dir='ltr'><strong>Dei</strong></span> <span class='ocrx_word' id='word_1_142' title='bbox 1791 1827 1990 1890; x_wconf 90' lang='lat' dir='ltr'><strong>Patris</strong></span> <span class='ocrx_word' id='word_1_143' title='bbox 2028 1827 2075 1889; x_wconf 93' lang='lat' dir='ltr'>B</span> <span class='ocrx_word' id='word_1_144' title='bbox 2101 1832 2321 1914; x_wconf 80' lang='lat' dir='ltr'><strong>gratiae</strong></span> <span class='ocrx_word' id='word_1_145' title='bbox 2376 1832 2689 1916; x_wconf 88' lang='lat' dir='ltr'><strong>donisque</strong></span> <span class='ocrx_word' id='word_1_146' title='bbox 2744 1831 2960 1914; x_wconf 84' lang='lat' dir='ltr'><strong>gloriae</strong></span> <span class='ocrx_word' id='word_1_147' title='bbox 3014 1829 3606 1913; x_wconf 78' lang='lat' dir='ltr'><strong>praeexcellentissi-</strong></span> 
     </span>
    </p>
   </div>
   <div class='ocr_carea' id='block_1_7' title="bbox 475 1923 1993 2989">
    <p class='ocr_par' dir='ltr' id='par_1_8' title="bbox 475 1923 1993 2989">
     <span class='ocr_line' id='line_1_27' title="bbox 481 1923 1990 2006; baseline 0.002 -21"><span class='ocrx_word' id='word_1_148' title='bbox 481 1931 900 1998; x_wconf 86' lang='lat' dir='ltr'><strong>monstratur,</strong></span> <span class='ocrx_word' id='word_1_149' title='bbox 933 1926 1047 2006; x_wconf 88' lang='lat' dir='ltr'><strong>qui</strong></span> <span class='ocrx_word' id='word_1_150' title='bbox 1086 1925 1314 1988; x_wconf 91' lang='lat' dir='ltr'><strong>maluit</strong></span> <span class='ocrx_word' id='word_1_151' title='bbox 1351 1923 1762 2006; x_wconf 84' lang='lat' dir='ltr'><strong>Unigenitum</strong></span> <span class='ocrx_word' id='word_1_152' title='bbox 1800 1945 1990 1988; x_wconf 90' lang='lat' dir='ltr'><strong>suum</strong></span> 
     </span>
     <span class='ocr_line' id='line_1_28' title="bbox 479 2022 1993 2106; baseline 0.003 -23"><span class='ocrx_word' id='word_1_153' title='bbox 479 2022 586 2084; x_wconf 89' lang='lat' dir='ltr'><strong>sic</strong></span> <span class='ocrx_word' id='word_1_154' title='bbox 632 2022 784 2105; x_wconf 90' lang='lat' dir='ltr'><strong>pati,</strong></span> <span class='ocrx_word' id='word_1_155' title='bbox 827 2022 1121 2105; x_wconf 78' lang='lat' dir='ltr'><strong>crucifigi</strong></span> <span class='ocrx_word' id='word_1_156' title='bbox 1164 2043 1238 2087; x_wconf 89' lang='lat' dir='ltr'><strong>ac</strong></span> <span class='ocrx_word' id='word_1_157' title='bbox 1279 2024 1464 2098; x_wconf 90' lang='lat' dir='ltr'><strong>mori,</strong></span> <span class='ocrx_word' id='word_1_158' title='bbox 1496 2043 1686 2106; x_wconf 86' lang='lat' dir='ltr'><strong>quam</strong></span> <span class='ocrx_word' id='word_1_159' title='bbox 1739 2033 1993 2106; x_wconf 90' lang='lat' dir='ltr'><strong>peccata</strong></span> 
     </span>
     <span class='ocr_line' id='line_1_29' title="bbox 483 2119 1992 2202; baseline 0.001 -19"><span class='ocrx_word' id='word_1_160' title='bbox 483 2119 698 2183; x_wconf 88' lang='lat' dir='ltr'><strong>inulta</strong></span> <span class='ocrx_word' id='word_1_161' title='bbox 735 2119 1116 2202; x_wconf 87' lang='lat' dir='ltr'><strong>relinquere.</strong></span> <span class='ocrx_word' id='word_1_162' title='bbox 1152 2120 1328 2195; x_wconf 89' lang='lat' dir='ltr'><strong>Quod</strong></span> <span class='ocrx_word' id='word_1_163' title='bbox 1367 2139 1519 2184; x_wconf 88' lang='lat' dir='ltr'><strong>vero</strong></span> <span class='ocrx_word' id='word_1_164' title='bbox 1563 2121 1702 2184; x_wconf 90' lang='lat' dir='ltr'><strong>sine</strong></span> <span class='ocrx_word' id='word_1_165' title='bbox 1747 2121 1992 2185; x_wconf 89' lang='lat' dir='ltr'><strong>meritis</strong></span> 
     </span>
     <span class='ocr_line' id='line_1_30' title="bbox 481 2218 1991 2292; baseline 0.001 -11"><span class='ocrx_word' id='word_1_166' title='bbox 481 2219 748 2292; x_wconf 87' lang='lat' dir='ltr'><strong>nostris,</strong></span> <span class='ocrx_word' id='word_1_167' title='bbox 802 2219 934 2282; x_wconf 91' lang='lat' dir='ltr'><strong>imo</strong></span> <span class='ocrx_word' id='word_1_168' title='bbox 979 2227 1042 2282; x_wconf 90' lang='lat' dir='ltr'><strong>et</strong></span> <span class='ocrx_word' id='word_1_169' title='bbox 1091 2237 1218 2282; x_wconf 89' lang='lat' dir='ltr'><strong>non</strong></span> <span class='ocrx_word' id='word_1_170' title='bbox 1265 2218 1668 2282; x_wconf 87' lang='lat' dir='ltr'><strong>obstantibus</strong></span> <span class='ocrx_word' id='word_1_171' title='bbox 1717 2219 1991 2283; x_wconf 90' lang='lat' dir='ltr'><strong>infinitis</strong></span> 
     </span>
     <span class='ocr_line' id='line_1_31' title="bbox 479 2317 1990 2401; baseline 0 -21"><span class='ocrx_word' id='word_1_172' title='bbox 479 2317 823 2380; x_wconf 88' lang='lat' dir='ltr'><strong>demeritis</strong></span> <span class='ocrx_word' id='word_1_173' title='bbox 891 2319 1150 2392; x_wconf 90' lang='lat' dir='ltr'><strong>nostris,</strong></span> <span class='ocrx_word' id='word_1_174' title='bbox 1217 2325 1348 2380; x_wconf 85' lang='lat' dir='ltr'><strong>tarn</strong></span> <span class='ocrx_word' id='word_1_175' title='bbox 1416 2318 1858 2401; x_wconf 88' lang='lat' dir='ltr'><strong>copiosissime</strong></span> <span class='ocrx_word' id='word_1_176' title='bbox 1926 2326 1990 2382; x_wconf 83' lang='lat' dir='ltr'><strong>et</strong></span> 
     </span>
     <span class='ocr_line' id='line_1_32' title="bbox 477 2415 1989 2497; baseline 0.002 -20"><span class='ocrx_word' id='word_1_177' title='bbox 477 2415 1289 2497; x_wconf 87' lang='lat' dir='ltr'><strong>supermisericordissime</strong></span> <span class='ocrx_word' id='word_1_178' title='bbox 1319 2416 1506 2479; x_wconf 90' lang='lat' dir='ltr'><strong>nobis</strong></span> <span class='ocrx_word' id='word_1_179' title='bbox 1537 2417 1989 2491; x_wconf 88' lang='lat' dir='ltr'><strong>subvenit,im-</strong></span> 
     </span>
     <span class='ocr_line' id='line_1_33' title="bbox 477 2514 1989 2596; baseline 0.001 -19"><span class='ocrx_word' id='word_1_180' title='bbox 477 2514 896 2578; x_wconf 89' lang='lat' dir='ltr'><strong>mensitatem</strong></span> <span class='ocrx_word' id='word_1_181' title='bbox 928 2515 1182 2596; x_wconf 85' lang='lat' dir='ltr'><strong>pietatis</strong></span> <span class='ocrx_word' id='word_1_182' title='bbox 1211 2534 1342 2578; x_wconf 78' lang='lat' dir='ltr'><strong>suae</strong></span> <span class='ocrx_word' id='word_1_183' title='bbox 1373 2517 1796 2578; x_wconf 86' lang='lat' dir='ltr'><strong>commendat.</strong></span> <span class='ocrx_word' id='word_1_184' title='bbox 1833 2516 1989 2580; x_wconf 87' lang='lat' dir='ltr'><strong>Con-</strong></span> 
     </span>
     <span class='ocr_line' id='line_1_34' title="bbox 477 2613 1990 2694; baseline 0.001 -20"><span class='ocrx_word' id='word_1_185' title='bbox 477 2613 782 2676; x_wconf 89' lang='lat' dir='ltr'><strong>formiter</strong></span> <span class='ocrx_word' id='word_1_186' title='bbox 823 2613 1136 2694; x_wconf 82' lang='lat' dir='ltr'><strong>sapientia</strong></span> <span class='ocrx_word' id='word_1_187' title='bbox 1183 2614 1292 2676; x_wconf 88' lang='lat' dir='ltr'><strong>Dei</strong></span> <span class='ocrx_word' id='word_1_188' title='bbox 1335 2613 1742 2676; x_wconf 89' lang='lat' dir='ltr'><strong>interminata</strong></span> <span class='ocrx_word' id='word_1_189' title='bbox 1785 2614 1990 2678; x_wconf 90' lang='lat' dir='ltr'><strong>decla-</strong></span> 
     </span>
     <span class='ocr_line' id='line_1_35' title="bbox 475 2711 1988 2794; baseline 0.001 -20"><span class='ocrx_word' id='word_1_190' title='bbox 475 2718 666 2774; x_wconf 85' lang='lat' dir='ltr'><strong>ratur</strong></span> <span class='ocrx_word' id='word_1_191' title='bbox 705 2711 770 2773; x_wconf 92' lang='lat' dir='ltr'><strong>in</strong></span> <span class='ocrx_word' id='word_1_192' title='bbox 817 2712 963 2784; x_wconf 90' lang='lat' dir='ltr'><strong>hoc,</strong></span> <span class='ocrx_word' id='word_1_193' title='bbox 1005 2712 1173 2792; x_wconf 89' lang='lat' dir='ltr'><strong>quod</strong></span> <span class='ocrx_word' id='word_1_194' title='bbox 1225 2729 1352 2775; x_wconf 89' lang='lat' dir='ltr'><strong>non</strong></span> <span class='ocrx_word' id='word_1_195' title='bbox 1399 2712 1608 2775; x_wconf 89' lang='lat' dir='ltr'><strong>solum</strong></span> <span class='ocrx_word' id='word_1_196' title='bbox 1660 2731 1771 2794; x_wconf 91' lang='lat' dir='ltr'><strong>per</strong></span> <span class='ocrx_word' id='word_1_197' title='bbox 1817 2713 1988 2775; x_wconf 86' lang='lat' dir='ltr'><strong>viam</strong></span> 
     </span>
     <span class='ocr_line' id='line_1_36' title="bbox 475 2808 1992 2892; baseline 0 -21"><span class='ocrx_word' id='word_1_198' title='bbox 475 2808 808 2891; x_wconf 80' lang='lat' dir='ltr'><strong>potentiae,</strong></span> <span class='ocrx_word' id='word_1_199' title='bbox 858 2809 970 2872; x_wconf 91' lang='lat' dir='ltr'><strong>sed</strong></span> <span class='ocrx_word' id='word_1_200' title='bbox 1033 2809 1246 2890; x_wconf 86' lang='lat' dir='ltr'><strong>potius</strong></span> <span class='ocrx_word' id='word_1_201' title='bbox 1302 2827 1416 2890; x_wconf 92' lang='lat' dir='ltr'><strong>per</strong></span> <span class='ocrx_word' id='word_1_202' title='bbox 1473 2811 1992 2892; x_wconf 88' lang='lat' dir='ltr'><strong>contemperatio-</strong></span> 
     </span>
     <span class='ocr_line' id='line_1_37' title="bbox 475 2906 1989 2989; baseline 0.001 -21"><span class='ocrx_word' id='word_1_203' title='bbox 475 2926 638 2970; x_wconf 85' lang='lat' dir='ltr'><strong>nem</strong></span> <span class='ocrx_word' id='word_1_204' title='bbox 671 2906 1118 2970; x_wconf 65' lang='lat' dir='ltr'><strong>misericordiae</strong></span> <span class='ocrx_word' id='word_1_205' title='bbox 1154 2915 1345 2989; x_wconf 90' lang='lat' dir='ltr'><strong>atque</strong></span> <span class='ocrx_word' id='word_1_206' title='bbox 1381 2907 1644 2988; x_wconf 83' lang='lat' dir='ltr'><strong>justitiae</strong></span> <span class='ocrx_word' id='word_1_207' title='bbox 1683 2927 1814 2970; x_wconf 83' lang='lat' dir='ltr'><strong>suae</strong></span> <span class='ocrx_word' id='word_1_208' title='bbox 1852 2909 1989 2970; x_wconf 88' lang='lat' dir='ltr'><strong>red-</strong></span> 
     </span>
    </p>
   </div>
   <div class='ocr_carea' id='block_1_8' title="bbox 2097 1928 3609 2973">
    <p class='ocr_par' dir='ltr' id='par_1_9' title="bbox 2097 1928 3609 2973">
     <span class='ocr_line' id='line_1_38' title="bbox 2105 1928 3605 2012; baseline -0.001 -19"><span class='ocrx_word' id='word_1_209' title='bbox 2105 1949 2207 1992; x_wconf 88' lang='lat' dir='ltr'><strong>me</strong></span> <span class='ocrx_word' id='word_1_210' title='bbox 2273 1949 2347 1993; x_wconf 90' lang='lat' dir='ltr'><strong>ac</strong></span> <span class='ocrx_word' id='word_1_211' title='bbox 2405 1929 2991 2012; x_wconf 87' lang='lat' dir='ltr'><strong>incomparabiliter</strong></span> <span class='ocrx_word' id='word_1_212' title='bbox 3048 1935 3405 2012; x_wconf 85' lang='lat' dir='ltr'><strong>perornata,</strong></span> <span class='ocrx_word' id='word_1_213' title='bbox 3464 1928 3605 2010; x_wconf 92' lang='lat' dir='ltr'><strong>pul-</strong></span> 
     </span>
     <span class='ocr_line' id='line_1_39' title="bbox 2102 2025 3604 2108; baseline -0.001 -17"><span class='ocrx_word' id='word_1_214' title='bbox 2102 2029 2317 2092; x_wconf 88' lang='lat' dir='ltr'><strong>chrior</strong></span> <span class='ocrx_word' id='word_1_215' title='bbox 2372 2035 2437 2090; x_wconf 90' lang='lat' dir='ltr'><strong>et</strong></span> <span class='ocrx_word' id='word_1_216' title='bbox 2493 2028 2963 2090; x_wconf 86' lang='lat' dir='ltr'><strong>radiantissima</strong></span> <span class='ocrx_word' id='word_1_217' title='bbox 3015 2027 3205 2101; x_wconf 86' lang='lat' dir='ltr'><strong>facta,</strong></span> <span class='ocrx_word' id='word_1_218' title='bbox 3266 2044 3470 2108; x_wconf 87' lang='lat' dir='ltr'><strong>usque</strong></span> <span class='ocrx_word' id='word_1_219' title='bbox 3524 2025 3604 2089; x_wconf 92' lang='lat' dir='ltr'><strong>ad</strong></span> 
     </span>
     <span class='ocr_line' id='line_1_40' title="bbox 2101 2122 3605 2208; baseline -0.001 -18"><span class='ocrx_word' id='word_1_220' title='bbox 2101 2143 2359 2190; x_wconf 90' lang='lat' dir='ltr'><strong>omnem</strong></span> <span class='ocrx_word' id='word_1_221' title='bbox 2392 2145 2523 2189; x_wconf 81' lang='lat' dir='ltr'><strong>suae</strong></span> <span class='ocrx_word' id='word_1_222' title='bbox 2553 2125 2921 2208; x_wconf 86' lang='lat' dir='ltr'><strong>capacitatis</strong></span> <span class='ocrx_word' id='word_1_223' title='bbox 2952 2125 3395 2208; x_wconf 84' lang='lat' dir='ltr'><strong>repletionem,</strong></span> <span class='ocrx_word' id='word_1_224' title='bbox 3428 2122 3605 2188; x_wconf 87' lang='lat' dir='ltr'><strong>salvo</strong></span> 
     </span>
     <span class='ocr_line' id='line_1_41' title="bbox 2101 2223 3609 2306; baseline -0.002 -20"><span class='ocrx_word' id='word_1_225' title='bbox 2101 2231 2268 2287; x_wconf 89' lang='lat' dir='ltr'><strong>statu</strong></span> <span class='ocrx_word' id='word_1_226' title='bbox 2298 2224 2597 2288; x_wconf 90' lang='lat' dir='ltr'><strong>viationis</strong></span> <span class='ocrx_word' id='word_1_227' title='bbox 2628 2223 2695 2287; x_wconf 92' lang='lat' dir='ltr'><strong>in</strong></span> <span class='ocrx_word' id='word_1_228' title='bbox 2726 2243 2913 2286; x_wconf 88' lang='lat' dir='ltr'><strong>carne</strong></span> <span class='ocrx_word' id='word_1_229' title='bbox 2946 2223 3385 2306; x_wconf 85' lang='lat' dir='ltr'><strong>mortali,puta</strong></span> <span class='ocrx_word' id='word_1_230' title='bbox 3414 2240 3609 2305; x_wconf 89' lang='lat' dir='ltr'><strong>quan·</strong></span> 
     </span>
     <span class='ocr_line' id='line_1_42' title="bbox 2101 2321 3603 2404; baseline -0.002 -20"><span class='ocrx_word' id='word_1_231' title='bbox 2101 2330 2239 2386; x_wconf 92' lang='lat' dir='ltr'><strong>tum</strong></span> <span class='ocrx_word' id='word_1_232' title='bbox 2269 2323 2349 2386; x_wconf 89' lang='lat' dir='ltr'><strong>ad</strong></span> <span class='ocrx_word' id='word_1_233' title='bbox 2380 2323 2741 2404; x_wconf 90' lang='lat' dir='ltr'><strong>superiores</strong></span> <span class='ocrx_word' id='word_1_234' title='bbox 2780 2322 3009 2386; x_wconf 78' lang='lat' dir='ltr'><strong>animae</strong></span> <span class='ocrx_word' id='word_1_235' title='bbox 3039 2321 3207 2384; x_wconf 84' lang='lat' dir='ltr'><strong>vires</strong></span> <span class='ocrx_word' id='word_1_236' title='bbox 3240 2339 3355 2403; x_wconf 88' lang='lat' dir='ltr'><strong>per</strong></span> <span class='ocrx_word' id='word_1_237' title='bbox 3390 2337 3603 2401; x_wconf 91' lang='lat' dir='ltr'><strong>respe-</strong></span> 
     </span>
     <span class='ocr_line' id='line_1_43' title="bbox 2103 2417 3601 2500; baseline -0.003 -16"><span class='ocrx_word' id='word_1_238' title='bbox 2103 2429 2279 2484; x_wconf 87' lang='lat' dir='ltr'><strong>ctum</strong></span> <span class='ocrx_word' id='word_1_239' title='bbox 2308 2421 2387 2483; x_wconf 92' lang='lat' dir='ltr'><strong>ad</strong></span> <span class='ocrx_word' id='word_1_240' title='bbox 2420 2421 2775 2484; x_wconf 90' lang='lat' dir='ltr'><strong>increatum</strong></span> <span class='ocrx_word' id='word_1_241' title='bbox 2822 2418 3167 2500; x_wconf 86' lang='lat' dir='ltr'><strong>objectum.</strong></span> <span class='ocrx_word' id='word_1_242' title='bbox 3204 2418 3279 2482; x_wconf 86' lang='lat' dir='ltr'><strong>Et</strong></span> <span class='ocrx_word' id='word_1_243' title='bbox 3309 2419 3396 2482; x_wconf 91' lang='lat' dir='ltr'><strong>ita</strong></span> <span class='ocrx_word' id='word_1_244' title='bbox 3426 2417 3601 2482; x_wconf 89' lang='lat' dir='ltr'><strong>Chri-</strong></span> 
     </span>
     <span class='ocr_line' id='line_1_44' title="bbox 2101 2515 3601 2600; baseline -0.002 -19"><span class='ocrx_word' id='word_1_245' title='bbox 2101 2519 2183 2582; x_wconf 90' lang='lat' dir='ltr'><strong>sti</strong></span> <span class='ocrx_word' id='word_1_246' title='bbox 2234 2518 2620 2592; x_wconf 77' lang='lat' dir='ltr'><strong>humanitaS,</strong></span> <span class='ocrx_word' id='word_1_247' title='bbox 2673 2524 2985 2600; x_wconf 88' lang='lat' dir='ltr'><strong>quantum</strong></span> <span class='ocrx_word' id='word_1_248' title='bbox 3044 2516 3125 2578; x_wconf 89' lang='lat' dir='ltr'><strong>ad</strong></span> <span class='ocrx_word' id='word_1_249' title='bbox 3171 2517 3455 2579; x_wconf 88' lang='lat' dir='ltr'><strong>animam</strong></span> <span class='ocrx_word' id='word_1_250' title='bbox 3507 2515 3601 2578; x_wconf 90' lang='lat' dir='ltr'><strong>sic</strong></span> 
     </span>
     <span class='ocr_line' id='line_1_45' title="bbox 2099 2613 3597 2695; baseline -0.004 -15"><span class='ocrx_word' id='word_1_251' title='bbox 2099 2623 2411 2690; x_wconf 89' lang='lat' dir='ltr'><strong>ornatam,</strong></span> <span class='ocrx_word' id='word_1_252' title='bbox 2495 2613 2912 2679; x_wconf 82' lang='lat' dir='ltr'><strong>ineffabiliter</strong></span> <span class='ocrx_word' id='word_1_253' title='bbox 2983 2613 3107 2676; x_wconf 81' lang='lat' dir='ltr'><strong>fuit</strong></span> <span class='ocrx_word' id='word_1_254' title='bbox 3180 2613 3597 2695; x_wconf 90' lang='lat' dir='ltr'><strong>splendidior,</strong></span> 
     </span>
     <span class='ocr_line' id='line_1_46' title="bbox 2099 2711 3595 2791; baseline -0.003 -13"><span class='ocrx_word' id='word_1_255' title='bbox 2099 2713 2399 2786; x_wconf 87' lang='lat' dir='ltr'><strong>sanctior,</strong></span> <span class='ocrx_word' id='word_1_256' title='bbox 2452 2713 2729 2776; x_wconf 90' lang='lat' dir='ltr'><strong>nobilior</strong></span> <span class='ocrx_word' id='word_1_257' title='bbox 2784 2711 2957 2776; x_wconf 90' lang='lat' dir='ltr'><strong>omni</strong></span> <span class='ocrx_word' id='word_1_258' title='bbox 3019 2719 3235 2774; x_wconf 90' lang='lat' dir='ltr'><strong>mente</strong></span> <span class='ocrx_word' id='word_1_259' title='bbox 3288 2711 3595 2791; x_wconf 88' lang='lat' dir='ltr'><strong>angelica,</strong></span> 
     </span>
     <span class='ocr_line' id='line_1_47' title="bbox 2101 2808 3598 2892; baseline -0.001 -18"><span class='ocrx_word' id='word_1_260' title='bbox 2101 2813 2231 2876; x_wconf 88' lang='lat' dir='ltr'><strong>imo</strong></span> <span class='ocrx_word' id='word_1_261' title='bbox 2262 2810 2593 2892; x_wconf 89' lang='lat' dir='ltr'><strong>seraphica</strong></span> <span class='ocrx_word' id='word_1_262' title='bbox 2620 2817 2685 2873; x_wconf 91' lang='lat' dir='ltr'><strong>et</strong></span> <span class='ocrx_word' id='word_1_263' title='bbox 2722 2829 3039 2892; x_wconf 89' lang='lat' dir='ltr'><strong>suprema,</strong></span> <span class='ocrx_word' id='word_1_264' title='bbox 3072 2810 3165 2872; x_wconf 90' lang='lat' dir='ltr'><strong>sic</strong></span> <span class='ocrx_word' id='word_1_265' title='bbox 3196 2808 3365 2892; x_wconf 88' lang='lat' dir='ltr'><strong>quod</strong></span> <span class='ocrx_word' id='word_1_266' title='bbox 3396 2808 3598 2872; x_wconf 89' lang='lat' dir='ltr'><strong>nulla-</strong></span> 
     </span>
     <span class='ocr_line' id='line_1_48' title="bbox 2097 2907 3597 2973; baseline -0.002 0"><span class='ocrx_word' id='word_1_267' title='bbox 2097 2919 2285 2973; x_wconf 87' lang='lat' dir='ltr'><strong>tenus</strong></span> <span class='ocrx_word' id='word_1_268' title='bbox 2318 2909 2621 2971; x_wconf 90' lang='lat' dir='ltr'><strong>indecens</strong></span> <span class='ocrx_word' id='word_1_269' title='bbox 2652 2908 2895 2970; x_wconf 85' lang='lat' dir='ltr'><strong>exstitit</strong></span> <span class='ocrx_word' id='word_1_270' title='bbox 2934 2915 3225 2970; x_wconf 90' lang='lat' dir='ltr'><strong>naturam</strong></span> <span class='ocrx_word' id='word_1_271' title='bbox 3265 2907 3430 2970; x_wconf 89' lang='lat' dir='ltr'><strong>hanc</strong></span> <span class='ocrx_word' id='word_1_272' title='bbox 3468 2915 3597 2970; x_wconf 88' lang='lat' dir='ltr'><strong>tam</strong></span> 
     </span>
    </p>
   </div>
   <div class='ocr_carea' id='block_1_9' title="bbox 473 3003 3599 3090">
    <p class='ocr_par' dir='ltr' id='par_1_10' title="bbox 473 3003 3599 3090">
     <span class='ocr_line' id='line_1_49' title="bbox 473 3003 3599 3090; baseline -0.001 -22"><span class='ocrx_word' id='word_1_273' title='bbox 473 3005 645 3068; x_wconf 88' lang='lat' dir='ltr'><strong>emit</strong></span> <span class='ocrx_word' id='word_1_274' title='bbox 675 3022 952 3087; x_wconf 83' lang='lat' dir='ltr'><strong>nos3per</strong></span> <span class='ocrx_word' id='word_1_275' title='bbox 981 3004 1211 3069; x_wconf 88' lang='lat' dir='ltr'><strong>Christi</strong></span> <span class='ocrx_word' id='word_1_276' title='bbox 1244 3023 1500 3089; x_wconf 88' lang='lat' dir='ltr'><strong>quoque</strong></span> <span class='ocrx_word' id='word_1_277' title='bbox 1530 3005 1984 3080; x_wconf 87' lang='lat' dir='ltr'><strong>humilitatem,</strong></span> <span class='ocrx_word' id='word_1_278' title='bbox 2019 3003 2064 3068; x_wconf 86' lang='lat' dir='ltr'>C</span> <span class='ocrx_word' id='word_1_279' title='bbox 2097 3007 2767 3090; x_wconf 86' lang='lat' dir='ltr'><strong>supernaturalissime</strong></span> <span class='ocrx_word' id='word_1_280' title='bbox 2832 3013 3231 3068; x_wconf 86' lang='lat' dir='ltr'><strong>venustatam</strong></span> <span class='ocrx_word' id='word_1_281' title='bbox 3292 3011 3357 3067; x_wconf 90' lang='lat' dir='ltr'><strong>et</strong></span> <span class='ocrx_word' id='word_1_282' title='bbox 3420 3003 3599 3068; x_wconf 90' lang='lat' dir='ltr'><strong>nobi-</strong></span> 
     </span>
    </p>
   </div>
   <div class='ocr_carea' id='block_1_10' title="bbox 471 3103 1990 3460">
    <p class='ocr_par' dir='ltr' id='par_1_11' title="bbox 471 3103 1990 3460">
     <span class='ocr_line' id='line_1_50' title="bbox 475 3103 1986 3188; baseline 0 -22"><span class='ocrx_word' id='word_1_283' title='bbox 475 3103 881 3186; x_wconf 85' lang='lat' dir='ltr'><strong>patientiam,</strong></span> <span class='ocrx_word' id='word_1_284' title='bbox 918 3108 1383 3185; x_wconf 86' lang='lat' dir='ltr'><strong>paupertatem,</strong></span> <span class='ocrx_word' id='word_1_285' title='bbox 1417 3103 1768 3178; x_wconf 89' lang='lat' dir='ltr'><strong>caritatem,</strong></span> <span class='ocrx_word' id='word_1_286' title='bbox 1791 3123 1986 3188; x_wconf 84' lang='lat' dir='ltr'><strong>expu-</strong></span> 
     </span>
     <span class='ocr_line' id='line_1_51' title="bbox 471 3200 1986 3284; baseline 0.001 -22"><span class='ocrx_word' id='word_1_287' title='bbox 471 3201 706 3283; x_wconf 85' lang='lat' dir='ltr'><strong>gnavit</strong></span> <span class='ocrx_word' id='word_1_288' title='bbox 733 3209 796 3263; x_wconf 90' lang='lat' dir='ltr'><strong>et</strong></span> <span class='ocrx_word' id='word_1_289' title='bbox 825 3201 984 3264; x_wconf 82' lang='lat' dir='ltr'><strong>vicit</strong></span> <span class='ocrx_word' id='word_1_290' title='bbox 1010 3200 1372 3264; x_wconf 81' lang='lat' dir='ltr'><strong>daemonum</strong></span> <span class='ocrx_word' id='word_1_291' title='bbox 1417 3221 1492 3264; x_wconf 91' lang='lat' dir='ltr'><strong>ac</strong></span> <span class='ocrx_word' id='word_1_292' title='bbox 1532 3203 1749 3266; x_wconf 84' lang='lat' dir='ltr'><strong>saeculi</strong></span> <span class='ocrx_word' id='word_1_293' title='bbox 1793 3203 1986 3284; x_wconf 85' lang='lat' dir='ltr'><strong>hujus</strong></span> 
     </span>
     <span class='ocr_line' id='line_1_52' title="bbox 473 3298 1990 3382; baseline 0.001 -20"><span class='ocrx_word' id='word_1_294' title='bbox 473 3298 879 3380; x_wconf 87' lang='lat' dir='ltr'><strong>superbiam,</strong></span> <span class='ocrx_word' id='word_1_295' title='bbox 943 3299 1188 3372; x_wconf 90' lang='lat' dir='ltr'><strong>odium,</strong></span> <span class='ocrx_word' id='word_1_296' title='bbox 1257 3299 1652 3382; x_wconf 88' lang='lat' dir='ltr'><strong>opulentiam</strong></span> <span class='ocrx_word' id='word_1_297' title='bbox 1718 3307 1782 3363; x_wconf 90' lang='lat' dir='ltr'><strong>et</strong></span> <span class='ocrx_word' id='word_1_298' title='bbox 1847 3318 1990 3363; x_wconf 90' lang='lat' dir='ltr'><strong>ran-</strong></span> 
     </span>
     <span class='ocr_line' id='line_1_53' title="bbox 472 3415 726 3460; baseline -0.008 0"><span class='ocrx_word' id='word_1_299' title='bbox 472 3415 726 3460; x_wconf 80' lang='lat' dir='ltr'><strong>cerem.</strong></span> 
     </span>
    </p>
   </div>
   <div class='ocr_carea' id='block_1_11' title="bbox 847 3607 1618 3672">
    <p class='ocr_par' dir='ltr' id='par_1_12' title="bbox 847 3607 1618 3672">
     <span class='ocr_line' id='line_1_54' title="bbox 847 3607 1618 3672; baseline -0.003 0"><span class='ocrx_word' id='word_1_300' title='bbox 847 3607 1368 3672; x_wconf 86' lang='lat' dir='ltr'>PROPOSITIO</span> <span class='ocrx_word' id='word_1_301' title='bbox 1415 3607 1618 3671; x_wconf 87' lang='lat' dir='ltr'>CXV.</span> 
     </span>
    </p>
   </div>
   <div class='ocr_carea' id='block_1_12' title="bbox 465 3790 1984 4157">
    <p class='ocr_par' dir='ltr' id='par_1_13' title="bbox 465 3790 1984 4157">
     <span class='ocr_line' id='line_1_55' title="bbox 557 3790 1984 3873; baseline -0.001 -14"><span class='ocrx_word' id='word_1_302' title='bbox 557 3795 740 3859; x_wconf 82' lang='lat' dir='ltr'><strong>Non</strong></span> <span class='ocrx_word' id='word_1_303' title='bbox 821 3793 980 3858; x_wconf 80' lang='lat' dir='ltr'><strong>nis1</strong></span> <span class='ocrx_word' id='word_1_304' title='bbox 1059 3790 1741 3872; x_wconf 76' lang='lat' dir='ltr'><strong>venustissimam,</strong></span> <span class='ocrx_word' id='word_1_305' title='bbox 1813 3792 1984 3873; x_wconf 88' lang='lat' dir='ltr'><strong>pul-</strong></span> 
     </span>
     <span class='ocr_line' id='line_1_56' title="bbox 467 3889 1984 3958; baseline 0 -1"><span class='ocrx_word' id='word_1_306' title='bbox 467 3893 964 3958; x_wconf 75' lang='lat' dir='ltr'><strong>cherrimam</strong></span> <span class='ocrx_word' id='word_1_307' title='bbox 1005 3890 1090 3956; x_wconf 91' lang='lat' dir='ltr'><strong>et</strong></span> <span class='ocrx_word' id='word_1_308' title='bbox 1129 3889 1814 3956; x_wconf 75' lang='lat' dir='ltr'><strong>decoratissunam</strong></span> <span class='ocrx_word' id='word_1_309' title='bbox 1843 3891 1984 3957; x_wconf 88' lang='lat' dir='ltr'><strong>hu-</strong></span> 
     </span>
     <span class='ocr_line' id='line_1_57' title="bbox 465 3987 1983 4157; baseline 0.001 -101"><span class='ocrx_word' id='word_1_310' title='bbox 465 3990 956 4157; x_wconf 47' lang='lat' dir='ltr'><strong>aeffioem</strong></span> <span class='ocrx_word' id='word_1_311' title='bbox 1003 3989 1279 4054; x_wconf 79' lang='lat' dir='ltr'><strong>decmt</strong></span> <span class='ocrx_word' id='word_1_312' title='bbox 1307 4001 1356 4054; x_wconf 87' lang='lat' dir='ltr'><strong>a</strong></span> <span class='ocrx_word' id='word_1_313' title='bbox 1385 3987 1646 4054; x_wconf 87' lang='lat' dir='ltr'><strong>Verbo</strong></span> <span class='ocrx_word' id='word_1_314' title='bbox 1689 3991 1983 4058; x_wconf 80' lang='lat' dir='ltr'><strong>aeterno</strong></span> 
     </span>
    </p>
   </div>
   <div class='ocr_carea' id='block_1_13' title="bbox 2099 3101 3513 3188">
    <p class='ocr_par' dir='ltr' id='par_1_14' title="bbox 2099 3101 3513 3188">
     <span class='ocr_line' id='line_1_58' title="bbox 2099 3101 3513 3188; baseline -0.003 -20"><span class='ocrx_word' id='word_1_315' title='bbox 2099 3107 2365 3178; x_wconf 77' lang='lat' dir='ltr'><strong>litatem,</strong></span> <span class='ocrx_word' id='word_1_316' title='bbox 2394 3103 2789 3188; x_wconf 79' lang='lat' dir='ltr'><strong>hypostatice</strong></span> <span class='ocrx_word' id='word_1_317' title='bbox 2820 3103 2989 3165; x_wconf 90' lang='lat' dir='ltr'><strong>uniri</strong></span> <span class='ocrx_word' id='word_1_318' title='bbox 3020 3101 3229 3165; x_wconf 88' lang='lat' dir='ltr'><strong>Verbo</strong></span> <span class='ocrx_word' id='word_1_319' title='bbox 3256 3108 3513 3166; x_wconf 81' lang='lat' dir='ltr'><strong>aeterno.</strong></span> 
     </span>
    </p>
   </div>
   <div class='ocr_carea' id='block_1_14' title="bbox 2444 3311 3245 3378">
    <p class='ocr_par' dir='ltr' id='par_1_15' title="bbox 2444 3311 3245 3378">
     <span class='ocr_line' id='line_1_59' title="bbox 2444 3311 3245 3378; baseline -0.006 1"><span class='ocrx_word' id='word_1_320' title='bbox 2444 3312 2963 3378; x_wconf 86' lang='lat' dir='ltr'>PROPOSITIO</span> <span class='ocrx_word' id='word_1_321' title='bbox 3011 3311 3245 3376; x_wconf 87' lang='lat' dir='ltr'>CXVI.</span> 
     </span>
    </p>
   </div>
   <div class='ocr_carea' id='block_1_15' title="bbox 2093 3493 3593 3972">
    <p class='ocr_par' dir='ltr' id='par_1_16' title="bbox 2093 3493 3593 3972">
     <span class='ocr_line' id='line_1_60' title="bbox 2178 3493 3593 3577; baseline -0.004 -13"><span class='ocrx_word' id='word_1_322' title='bbox 2178 3497 2472 3567; x_wconf 78' lang='lat' dir='ltr'><strong>Eodem</strong></span> <span class='ocrx_word' id='word_1_323' title='bbox 2502 3493 2843 3563; x_wconf 78' lang='lat' dir='ltr'><strong>instanti</strong></span> <span class='ocrx_word' id='word_1_324' title='bbox 2870 3509 3026 3577; x_wconf 89' lang='lat' dir='ltr'><strong>quo</strong></span> <span class='ocrx_word' id='word_1_325' title='bbox 3055 3494 3395 3574; x_wconf 83' lang='lat' dir='ltr'><strong>desuper</strong></span> <span class='ocrx_word' id='word_1_326' title='bbox 3433 3507 3593 3560; x_wconf 84' lang='lat' dir='ltr'><strong>cre-</strong></span> 
     </span>
     <span class='ocr_line' id='line_1_61' title="bbox 2095 3590 3592 3672; baseline -0.003 -10"><span class='ocrx_word' id='word_1_327' title='bbox 2095 3595 2231 3662; x_wconf 86' lang='lat' dir='ltr'><strong>ata</strong></span> <span class='ocrx_word' id='word_1_328' title='bbox 2249 3597 2373 3660; x_wconf 88' lang='lat' dir='ltr'><strong>est</strong></span> <span class='ocrx_word' id='word_1_329' title='bbox 2396 3595 2664 3660; x_wconf 75' lang='lat' dir='ltr'><strong>anima</strong></span> <span class='ocrx_word' id='word_1_330' title='bbox 2683 3591 3151 3672; x_wconf 82' lang='lat' dir='ltr'><strong>Salvator1s,</strong></span> <span class='ocrx_word' id='word_1_331' title='bbox 3164 3590 3592 3659; x_wconf 83' lang='lat' dir='ltr'><strong>exuberan-</strong></span> 
     </span>
     <span class='ocr_line' id='line_1_62' title="bbox 2094 3690 3591 3771; baseline -0.003 -11"><span class='ocrx_word' id='word_1_332' title='bbox 2094 3695 2407 3760; x_wconf 74' lang='lat' dir='ltr'><strong>tissime</strong></span> <span class='ocrx_word' id='word_1_333' title='bbox 2448 3693 2574 3758; x_wconf 88' lang='lat' dir='ltr'><strong>est</strong></span> <span class='ocrx_word' id='word_1_334' title='bbox 2616 3691 2926 3771; x_wconf 85' lang='lat' dir='ltr'><strong>repleta</strong></span> <span class='ocrx_word' id='word_1_335' title='bbox 2975 3691 3292 3756; x_wconf 76' lang='lat' dir='ltr'><strong>cunctis</strong></span> <span class='ocrx_word' id='word_1_336' title='bbox 3340 3690 3591 3757; x_wconf 81' lang='lat' dir='ltr'><strong>excel-</strong></span> 
     </span>
     <span class='ocr_line' id='line_1_63' title="bbox 2094 3787 3591 3871; baseline -0.003 -12"><span class='ocrx_word' id='word_1_337' title='bbox 2094 3791 2573 3859; x_wconf 74' lang='lat' dir='ltr'><strong>lentissimis</strong></span> <span class='ocrx_word' id='word_1_338' title='bbox 2654 3787 3400 3871; x_wconf 75' lang='lat' dir='ltr'><strong>supernaturalibus</strong></span> <span class='ocrx_word' id='word_1_339' title='bbox 3462 3788 3591 3855; x_wconf 85' lang='lat' dir='ltr'><strong>do-</strong></span> 
     </span>
     <span class='ocr_line' id='line_1_64' title="bbox 2093 3887 3592 3972; baseline -0.003 -14"><span class='ocrx_word' id='word_1_340' title='bbox 2093 3894 2243 3972; x_wconf 74' lang='lat' dir='ltr'><strong>nis,</strong></span> <span class='ocrx_word' id='word_1_341' title='bbox 2306 3890 2481 3971; x_wconf 73' lang='lat' dir='ltr'><strong>ejus</strong></span> <span class='ocrx_word' id='word_1_342' title='bbox 2549 3890 2873 3968; x_wconf 86' lang='lat' dir='ltr'><strong>statum,</strong></span> <span class='ocrx_word' id='word_1_343' title='bbox 2945 3887 3428 3965; x_wconf 77' lang='lat' dir='ltr'><strong>‹ug-mtatem</strong></span> <span class='ocrx_word' id='word_1_344' title='bbox 3509 3889 3592 3954; x_wconf 90' lang='lat' dir='ltr'><strong>et</strong></span> 
     </span>
    </p>
   </div>
   <div class='ocr_carea' id='block_1_16' title="bbox 2093 3984 3589 4167">
    <p class='ocr_par' dir='ltr' id='par_1_17' title="bbox 2093 3984 3589 4167">
     <span class='ocr_line' id='line_1_65' title="bbox 2093 3984 3201 4073; baseline -0.005 -16"><span class='ocrx_word' id='word_1_345' title='bbox 2093 3988 2665 4073; x_wconf 81' lang='lat' dir='ltr'><strong>perfectionem</strong></span> <span class='ocrx_word' id='word_1_346' title='bbox 2712 3984 3201 4054; x_wconf 76' lang='lat' dir='ltr'><strong>decentibus.</strong></span> 
     </span>
     <span class='ocr_line' id='line_1_66' title="bbox 2174 4081 3589 4167; baseline -0.004 -16"><span class='ocrx_word' id='word_1_347' title='bbox 2174 4089 2349 4162; x_wconf 89' lang='lat' dir='ltr'><strong>Quod</strong></span> <span class='ocrx_word' id='word_1_348' title='bbox 2380 4094 2497 4158; x_wconf 91' lang='lat' dir='ltr'><strong>est,</strong></span> <span class='ocrx_word' id='word_1_349' title='bbox 2531 4085 2683 4167; x_wconf 87' lang='lat' dir='ltr'><strong>quia</strong></span> <span class='ocrx_word' id='word_1_350' title='bbox 2726 4085 2791 4146; x_wconf 93' lang='lat' dir='ltr'><strong>in</strong></span> <span class='ocrx_word' id='word_1_351' title='bbox 2833 4084 3041 4166; x_wconf 91' lang='lat' dir='ltr'><strong>primo</strong></span> <span class='ocrx_word' id='word_1_352' title='bbox 3081 4100 3211 4145; x_wconf 80' lang='lat' dir='ltr'><strong>suae</strong></span> <span class='ocrx_word' id='word_1_353' title='bbox 3251 4081 3589 4146; x_wconf 88' lang='lat' dir='ltr'><strong>creationis</strong></span> 
     </span>
    </p>
   </div>
   <div class='ocr_carea' id='block_1_17' title="bbox 554 4180 3589 4266">
    <p class='ocr_par' dir='ltr' id='par_1_18' title="bbox 554 4180 3589 4266">
     <span class='ocr_line' id='line_1_67' title="bbox 554 4180 3589 4266; baseline -0.002 -18"><span class='ocrx_word' id='word_1_354' title='bbox 554 4186 740 4260; x_wconf 82' lang='lat' dir='ltr'><strong>Quod</strong></span> <span class='ocrx_word' id='word_1_355' title='bbox 767 4192 884 4258; x_wconf 90' lang='lat' dir='ltr'><strong>est,</strong></span> <span class='ocrx_word' id='word_1_356' title='bbox 919 4184 1220 4266; x_wconf 87' lang='lat' dir='ltr'><strong>quoniam</strong></span> <span class='ocrx_word' id='word_1_357' title='bbox 1255 4183 1422 4246; x_wconf 91' lang='lat' dir='ltr'><strong>inter</strong></span> <span class='ocrx_word' id='word_1_358' title='bbox 1453 4183 1764 4247; x_wconf 90' lang='lat' dir='ltr'><strong>uniendos</strong></span> <span class='ocrx_word' id='word_1_359' title='bbox 1801 4185 1982 4248; x_wconf 89' lang='lat' dir='ltr'><strong>decet</strong></span> <span class='ocrx_word' id='word_1_360' title='bbox 2014 4188 2063 4251; x_wconf 92' lang='lat' dir='ltr'><strong>D</strong></span> <span class='ocrx_word' id='word_1_361' title='bbox 2093 4185 2351 4250; x_wconf 89' lang='lat' dir='ltr'><strong>instanti</strong></span> <span class='ocrx_word' id='word_1_362' title='bbox 2386 4184 2564 4246; x_wconf 91' lang='lat' dir='ltr'><strong>unita</strong></span> <span class='ocrx_word' id='word_1_363' title='bbox 2592 4191 2687 4246; x_wconf 88' lang='lat' dir='ltr'><strong>est</strong></span> <span class='ocrx_word' id='word_1_364' title='bbox 2714 4181 2921 4245; x_wconf 86' lang='lat' dir='ltr'><strong>Verbo</strong></span> <span class='ocrx_word' id='word_1_365' title='bbox 2950 4189 3351 4256; x_wconf 79' lang='lat' dir='ltr'><strong>aeterno,non</strong></span> <span class='ocrx_word' id='word_1_366' title='bbox 3382 4180 3589 4244; x_wconf 88' lang='lat' dir='ltr'><strong>solum</strong></span> 
     </span>
    </p>
   </div>
   <div class='ocr_carea' id='block_1_18' title="bbox 467 4283 1988 5330">
    <p class='ocr_par' dir='ltr' id='par_1_19' title="bbox 467 4283 1988 5330">
     <span class='ocr_line' id='line_1_68' title="bbox 468 4283 1984 4366; baseline -0.001 -18"><span class='ocrx_word' id='word_1_367' title='bbox 468 4304 624 4349; x_wconf 87' lang='lat' dir='ltr'><strong>esse</strong></span> <span class='ocrx_word' id='word_1_368' title='bbox 672 4283 1146 4366; x_wconf 89' lang='lat' dir='ltr'><strong>proportionem</strong></span> <span class='ocrx_word' id='word_1_369' title='bbox 1196 4301 1211 4345; x_wconf 88' lang='lat'>:</span> <span class='ocrx_word' id='word_1_370' title='bbox 1259 4283 1428 4345; x_wconf 93' lang='lat' dir='ltr'><strong>unde</strong></span> <span class='ocrx_word' id='word_1_371' title='bbox 1474 4301 1592 4346; x_wconf 91' lang='lat' dir='ltr'><strong>nec</strong></span> <span class='ocrx_word' id='word_1_372' title='bbox 1634 4284 1849 4346; x_wconf 91' lang='lat' dir='ltr'><strong>anima</strong></span> <span class='ocrx_word' id='word_1_373' title='bbox 1892 4285 1984 4346; x_wconf 92' lang='lat' dir='ltr'><strong>in-</strong></span> 
     </span>
     <span class='ocr_line' id='line_1_69' title="bbox 467 4381 1983 4464; baseline 0 -18"><span class='ocrx_word' id='word_1_374' title='bbox 467 4383 776 4447; x_wconf 80' lang='lat' dir='ltr'><strong>funditur</strong></span> <span class='ocrx_word' id='word_1_375' title='bbox 816 4381 1066 4464; x_wconf 88' lang='lat' dir='ltr'><strong>corpori</strong></span> <span class='ocrx_word' id='word_1_376' title='bbox 1099 4381 1223 4444; x_wconf 90' lang='lat' dir='ltr'><strong>nisi</strong></span> <span class='ocrx_word' id='word_1_377' title='bbox 1253 4381 1614 4463; x_wconf 86' lang='lat' dir='ltr'><strong>organizato</strong></span> <span class='ocrx_word' id='word_1_378' title='bbox 1652 4391 1716 4444; x_wconf 92' lang='lat' dir='ltr'><strong>et</strong></span> <span class='ocrx_word' id='word_1_379' title='bbox 1757 4400 1983 4446; x_wconf 89' lang='lat' dir='ltr'><strong>conve-</strong></span> 
     </span>
     <span class='ocr_line' id='line_1_70' title="bbox 467 4479 1980 4562; baseline -0.001 -17"><span class='ocrx_word' id='word_1_380' title='bbox 467 4483 734 4546; x_wconf 88' lang='lat' dir='ltr'><strong>nienter</strong></span> <span class='ocrx_word' id='word_1_381' title='bbox 779 4479 1130 4562; x_wconf 84' lang='lat' dir='ltr'><strong>disposit03</strong></span> <span class='ocrx_word' id='word_1_382' title='bbox 1179 4497 1298 4542; x_wconf 93' lang='lat' dir='ltr'><strong>nec</strong></span> <span class='ocrx_word' id='word_1_383' title='bbox 1355 4479 1568 4542; x_wconf 88' lang='lat' dir='ltr'><strong>anima</strong></span> <span class='ocrx_word' id='word_1_384' title='bbox 1623 4498 1660 4541; x_wconf 90' lang='lat' dir='ltr'><strong>a</strong></span> <span class='ocrx_word' id='word_1_385' title='bbox 1717 4497 1980 4562; x_wconf 88' lang='lat' dir='ltr'><strong>corpore</strong></span> 
     </span>
     <span class='ocr_line' id='line_1_71' title="bbox 467 4576 1982 4662; baseline -0.002 -19"><span class='ocrx_word' id='word_1_386' title='bbox 467 4587 774 4662; x_wconf 87' lang='lat' dir='ltr'><strong>separata</strong></span> <span class='ocrx_word' id='word_1_387' title='bbox 821 4577 1194 4660; x_wconf 87' lang='lat' dir='ltr'><strong>perducitur</strong></span> <span class='ocrx_word' id='word_1_388' title='bbox 1239 4577 1319 4639; x_wconf 91' lang='lat' dir='ltr'><strong>ad</strong></span> <span class='ocrx_word' id='word_1_389' title='bbox 1368 4576 1734 4640; x_wconf 81' lang='lat' dir='ltr'><strong>beatificam</strong></span> <span class='ocrx_word' id='word_1_390' title='bbox 1794 4577 1982 4640; x_wconf 91' lang='lat' dir='ltr'><strong>visio-</strong></span> 
     </span>
     <span class='ocr_line' id='line_1_72' title="bbox 469 4675 1980 4759; baseline 0 -19"><span class='ocrx_word' id='word_1_391' title='bbox 469 4697 656 4749; x_wconf 88' lang='lat' dir='ltr'><strong>nem,</strong></span> <span class='ocrx_word' id='word_1_392' title='bbox 691 4677 814 4741; x_wconf 90' lang='lat' dir='ltr'><strong>nisi</strong></span> <span class='ocrx_word' id='word_1_393' title='bbox 845 4675 1128 4759; x_wconf 82' lang='lat' dir='ltr'><strong>perfecte</strong></span> <span class='ocrx_word' id='word_1_394' title='bbox 1159 4675 1238 4738; x_wconf 92' lang='lat' dir='ltr'><strong>ab</strong></span> <span class='ocrx_word' id='word_1_395' title='bbox 1268 4675 1444 4738; x_wconf 92' lang='lat' dir='ltr'><strong>omni</strong></span> <span class='ocrx_word' id='word_1_396' title='bbox 1488 4676 1740 4738; x_wconf 91' lang='lat' dir='ltr'><strong>macula</strong></span> <span class='ocrx_word' id='word_1_397' title='bbox 1775 4676 1980 4758; x_wconf 81' lang='lat' dir='ltr'><strong>culpae</strong></span> 
     </span>
     <span class='ocr_line' id='line_1_73' title="bbox 467 4773 1978 4857; baseline -0.001 -19"><span class='ocrx_word' id='word_1_398' title='bbox 467 4795 550 4838; x_wconf 85' lang='lat' dir='ltr'><strong>ac</strong></span> <span class='ocrx_word' id='word_1_399' title='bbox 587 4783 762 4838; x_wconf 89' lang='lat' dir='ltr'><strong>reatu</strong></span> <span class='ocrx_word' id='word_1_400' title='bbox 797 4782 1062 4857; x_wconf 84' lang='lat' dir='ltr'><strong>purgata</strong></span> <span class='ocrx_word' id='word_1_401' title='bbox 1091 4780 1156 4838; x_wconf 90' lang='lat' dir='ltr'><strong>et</strong></span> <span class='ocrx_word' id='word_1_402' title='bbox 1185 4773 1404 4836; x_wconf 88' lang='lat' dir='ltr'><strong>libera.</strong></span> <span class='ocrx_word' id='word_1_403' title='bbox 1441 4774 1778 4857; x_wconf 88' lang='lat' dir='ltr'><strong>Quumque</strong></span> <span class='ocrx_word' id='word_1_404' title='bbox 1809 4775 1978 4836; x_wconf 89' lang='lat' dir='ltr'><strong>uniri</strong></span> 
     </span>
     <span class='ocr_line' id='line_1_74' title="bbox 471 4871 1982 4954; baseline -0.002 -18"><span class='ocrx_word' id='word_1_405' title='bbox 471 4875 782 4936; x_wconf 77' lang='lat' dir='ltr'><strong>increatae</strong></span> <span class='ocrx_word' id='word_1_406' title='bbox 825 4889 1134 4954; x_wconf 81' lang='lat' dir='ltr'><strong>personae,</strong></span> <span class='ocrx_word' id='word_1_407' title='bbox 1177 4889 1302 4934; x_wconf 89' lang='lat' dir='ltr'><strong>non</strong></span> <span class='ocrx_word' id='word_1_408' title='bbox 1351 4871 1560 4934; x_wconf 90' lang='lat' dir='ltr'><strong>solum</strong></span> <span class='ocrx_word' id='word_1_409' title='bbox 1607 4873 1686 4934; x_wconf 90' lang='lat' dir='ltr'><strong>ad</strong></span> <span class='ocrx_word' id='word_1_410' title='bbox 1737 4872 1982 4934; x_wconf 88' lang='lat' dir='ltr'><strong>intuen-</strong></span> 
     </span>
     <span class='ocr_line' id='line_1_75' title="bbox 469 4967 1984 5050; baseline -0.002 -17"><span class='ocrx_word' id='word_1_411' title='bbox 469 4971 640 5033; x_wconf 89' lang='lat' dir='ltr'><strong>dum</strong></span> <span class='ocrx_word' id='word_1_412' title='bbox 667 4987 742 5031; x_wconf 88' lang='lat' dir='ltr'><strong>ac</strong></span> <span class='ocrx_word' id='word_1_413' title='bbox 773 4967 1256 5050; x_wconf 89' lang='lat' dir='ltr'><strong>perfruendum,</strong></span> <span class='ocrx_word' id='word_1_414' title='bbox 1301 4967 1430 5030; x_wconf 92' lang='lat' dir='ltr'><strong>imo</strong></span> <span class='ocrx_word' id='word_1_415' title='bbox 1473 4967 1668 5031; x_wconf 89' lang='lat' dir='ltr'><strong>etiam</strong></span> <span class='ocrx_word' id='word_1_416' title='bbox 1711 4969 1789 5030; x_wconf 88' lang='lat' dir='ltr'><strong>ad</strong></span> <span class='ocrx_word' id='word_1_417' title='bbox 1833 4968 1984 5030; x_wconf 91' lang='lat' dir='ltr'><strong>sub-</strong></span> 
     </span>
     <span class='ocr_line' id='line_1_76' title="bbox 471 5065 1984 5132; baseline 0 -1"><span class='ocrx_word' id='word_1_418' title='bbox 471 5066 838 5132; x_wconf 88' lang='lat' dir='ltr'><strong>sistendum</strong></span> <span class='ocrx_word' id='word_1_419' title='bbox 890 5065 1086 5128; x_wconf 89' lang='lat' dir='ltr'><strong>simul</strong></span> <span class='ocrx_word' id='word_1_420' title='bbox 1135 5083 1284 5128; x_wconf 89' lang='lat' dir='ltr'><strong>cum</strong></span> <span class='ocrx_word' id='word_1_421' title='bbox 1331 5085 1404 5128; x_wconf 89' lang='lat' dir='ltr'><strong>ea</strong></span> <span class='ocrx_word' id='word_1_422' title='bbox 1456 5067 1520 5128; x_wconf 88' lang='lat' dir='ltr'><strong>in</strong></span> <span class='ocrx_word' id='word_1_423' title='bbox 1571 5067 1794 5130; x_wconf 87' lang='lat' dir='ltr'><strong>eodem</strong></span> <span class='ocrx_word' id='word_1_424' title='bbox 1845 5086 1984 5131; x_wconf 90' lang='lat' dir='ltr'><strong>esse</strong></span> 
     </span>
     <span class='ocr_line' id='line_1_77' title="bbox 473 5163 1988 5250; baseline 0 -22"><span class='ocrx_word' id='word_1_425' title='bbox 473 5165 829 5250; x_wconf 85' lang='lat' dir='ltr'><strong>personali,</strong></span> <span class='ocrx_word' id='word_1_426' title='bbox 859 5163 944 5226; x_wconf 92' lang='lat' dir='ltr'><strong>sit</strong></span> <span class='ocrx_word' id='word_1_427' title='bbox 975 5181 1234 5245; x_wconf 89' lang='lat' dir='ltr'><strong>prorsus</strong></span> <span class='ocrx_word' id='word_1_428' title='bbox 1265 5163 1808 5247; x_wconf 80' lang='lat' dir='ltr'><strong>incomparabiliS,</strong></span> <span class='ocrx_word' id='word_1_429' title='bbox 1835 5184 1988 5246; x_wconf 82' lang='lat' dir='ltr'><strong>prae-</strong></span> 
     </span>
     <span class='ocr_line' id='line_1_78' title="bbox 479 5261 1986 5330; baseline -0.001 -1"><span class='ocrx_word' id='word_1_430' title='bbox 479 5263 848 5330; x_wconf 85' lang='lat' dir='ltr'><strong>clarissima</strong></span> <span class='ocrx_word' id='word_1_431' title='bbox 905 5281 980 5325; x_wconf 92' lang='lat' dir='ltr'><strong>ac</strong></span> <span class='ocrx_word' id='word_1_432' title='bbox 1037 5261 1434 5326; x_wconf 76' lang='lat' dir='ltr'><strong>vicinissime</strong></span> <span class='ocrx_word' id='word_1_433' title='bbox 1481 5261 1636 5327; x_wconf 89' lang='lat' dir='ltr'><strong>unio</strong></span> <span class='ocrx_word' id='word_1_434' title='bbox 1682 5271 1986 5328; x_wconf 85' lang='lat' dir='ltr'><strong>creaturae</strong></span> 
     </span>
    </p>
   </div>
   <div class='ocr_carea' id='block_1_19' title="bbox 2091 4279 3594 5326">
    <p class='ocr_par' dir='ltr' id='par_1_20' title="bbox 2091 4279 3594 5326">
     <span class='ocr_line' id='line_1_79' title="bbox 2091 4279 3592 4348; baseline -0.004 0"><span class='ocrx_word' id='word_1_435' title='bbox 2091 4286 2170 4348; x_wconf 90' lang='lat' dir='ltr'><strong>ad</strong></span> <span class='ocrx_word' id='word_1_436' title='bbox 2203 4282 2555 4347; x_wconf 89' lang='lat' dir='ltr'><strong>clarissime</strong></span> <span class='ocrx_word' id='word_1_437' title='bbox 2586 4281 2968 4344; x_wconf 86' lang='lat' dir='ltr'><strong>intuendum</strong></span> <span class='ocrx_word' id='word_1_438' title='bbox 3006 4297 3080 4341; x_wconf 90' lang='lat' dir='ltr'><strong>ac</strong></span> <span class='ocrx_word' id='word_1_439' title='bbox 3110 4279 3592 4343; x_wconf 88' lang='lat' dir='ltr'><strong>deliciosissime</strong></span> 
     </span>
     <span class='ocr_line' id='line_1_80' title="bbox 2093 4376 3589 4464; baseline -0.004 -19"><span class='ocrx_word' id='word_1_440' title='bbox 2093 4382 2580 4464; x_wconf 87' lang='lat' dir='ltr'><strong>perfruendum,</strong></span> <span class='ocrx_word' id='word_1_441' title='bbox 2620 4380 2729 4442; x_wconf 90' lang='lat' dir='ltr'><strong>sed</strong></span> <span class='ocrx_word' id='word_1_442' title='bbox 2779 4380 2934 4441; x_wconf 86' lang='lat' dir='ltr'><strong>item</strong></span> <span class='ocrx_word' id='word_1_443' title='bbox 2982 4378 3060 4441; x_wconf 91' lang='lat' dir='ltr'><strong>ad</strong></span> <span class='ocrx_word' id='word_1_444' title='bbox 3108 4376 3589 4440; x_wconf 90' lang='lat' dir='ltr'><strong>subsistendum</strong></span> 
     </span>
     <span class='ocr_line' id='line_1_81' title="bbox 2093 4475 3590 4561; baseline -0.002 -18"><span class='ocrx_word' id='word_1_445' title='bbox 2093 4481 2159 4543; x_wconf 91' lang='lat' dir='ltr'><strong>in</strong></span> <span class='ocrx_word' id='word_1_446' title='bbox 2193 4481 2475 4543; x_wconf 85' lang='lat' dir='ltr'><strong>increato</strong></span> <span class='ocrx_word' id='word_1_447' title='bbox 2503 4478 2899 4561; x_wconf 82' lang='lat' dir='ltr'><strong>hypostatice</strong></span> <span class='ocrx_word' id='word_1_448' title='bbox 2928 4495 3069 4540; x_wconf 89' lang='lat' dir='ltr'><strong>esse</strong></span> <span class='ocrx_word' id='word_1_449' title='bbox 3097 4475 3312 4551; x_wconf 86' lang='lat' dir='ltr'><strong>Verbi,</strong></span> <span class='ocrx_word' id='word_1_450' title='bbox 3332 4475 3464 4540; x_wconf 90' lang='lat' dir='ltr'><strong>imo</strong></span> <span class='ocrx_word' id='word_1_451' title='bbox 3492 4493 3590 4540; x_wconf 88' lang='lat' dir='ltr'><strong>or-</strong></span> 
     </span>
     <span class='ocr_line' id='line_1_82' title="bbox 2091 4573 3593 4659; baseline -0.003 -17"><span class='ocrx_word' id='word_1_452' title='bbox 2091 4579 2243 4642; x_wconf 89' lang='lat' dir='ltr'><strong>dine</strong></span> <span class='ocrx_word' id='word_1_453' title='bbox 2273 4578 2599 4659; x_wconf 85' lang='lat' dir='ltr'><strong>dignitatis</strong></span> <span class='ocrx_word' id='word_1_454' title='bbox 2630 4577 2839 4658; x_wconf 88' lang='lat' dir='ltr'><strong>primo</strong></span> <span class='ocrx_word' id='word_1_455' title='bbox 2876 4576 2956 4637; x_wconf 91' lang='lat' dir='ltr'><strong>ad</strong></span> <span class='ocrx_word' id='word_1_456' title='bbox 2994 4575 3205 4637; x_wconf 91' lang='lat' dir='ltr'><strong>taliter</strong></span> <span class='ocrx_word' id='word_1_457' title='bbox 3245 4573 3593 4637; x_wconf 89' lang='lat' dir='ltr'><strong>subsisten-</strong></span> 
     </span>
     <span class='ocr_line' id='line_1_83' title="bbox 2091 4671 3587 4754; baseline -0.004 -15"><span class='ocrx_word' id='word_1_458' title='bbox 2091 4677 2271 4750; x_wconf 92' lang='lat' dir='ltr'><strong>dum,</strong></span> <span class='ocrx_word' id='word_1_459' title='bbox 2291 4676 2521 4738; x_wconf 91' lang='lat' dir='ltr'><strong>deinde</strong></span> <span class='ocrx_word' id='word_1_460' title='bbox 2550 4675 2627 4736; x_wconf 91' lang='lat' dir='ltr'><strong>ad</strong></span> <span class='ocrx_word' id='word_1_461' title='bbox 2658 4672 2957 4736; x_wconf 86' lang='lat' dir='ltr'><strong>beatifice</strong></span> <span class='ocrx_word' id='word_1_462' title='bbox 2988 4671 3587 4754; x_wconf 89' lang='lat' dir='ltr'><strong>contemplandum:</strong></span> 
     </span>
     <span class='ocr_line' id='line_1_84' title="bbox 2091 4769 3593 4856; baseline -0.004 -20"><span class='ocrx_word' id='word_1_463' title='bbox 2091 4775 2313 4856; x_wconf 88' lang='lat' dir='ltr'><strong>sicque</strong></span> <span class='ocrx_word' id='word_1_464' title='bbox 2345 4773 2567 4835; x_wconf 90' lang='lat' dir='ltr'><strong>eodem</strong></span> <span class='ocrx_word' id='word_1_465' title='bbox 2601 4772 2860 4833; x_wconf 86' lang='lat' dir='ltr'><strong>instanti</strong></span> <span class='ocrx_word' id='word_1_466' title='bbox 2891 4769 3466 4833; x_wconf 86' lang='lat' dir='ltr'><strong>exuberantissime</strong></span> <span class='ocrx_word' id='word_1_467' title='bbox 3495 4777 3593 4833; x_wconf 90' lang='lat' dir='ltr'><strong>est</strong></span> 
     </span>
     <span class='ocr_line' id='line_1_85' title="bbox 2093 4867 3594 4950; baseline -0.001 -17"><span class='ocrx_word' id='word_1_468' title='bbox 2093 4869 2339 4934; x_wconf 90' lang='lat' dir='ltr'><strong>lumine</strong></span> <span class='ocrx_word' id='word_1_469' title='bbox 2367 4868 2585 4950; x_wconf 71' lang='lat' dir='ltr'><strong>gloriae</strong></span> <span class='ocrx_word' id='word_1_470' title='bbox 2617 4867 3011 4950; x_wconf 88' lang='lat' dir='ltr'><strong>perimpleta,</strong></span> <span class='ocrx_word' id='word_1_471' title='bbox 3037 4867 3490 4949; x_wconf 90' lang='lat' dir='ltr'><strong>limpidissima</strong></span> <span class='ocrx_word' id='word_1_472' title='bbox 3508 4875 3594 4931; x_wconf 87' lang='lat' dir='ltr'><strong>to-</strong></span> 
     </span>
     <span class='ocr_line' id='line_1_86' title="bbox 2092 4963 3594 5049; baseline -0.002 -17"><span class='ocrx_word' id='word_1_473' title='bbox 2092 4969 2223 5032; x_wconf 89' lang='lat' dir='ltr'><strong>tius</strong></span> <span class='ocrx_word' id='word_1_474' title='bbox 2280 4965 2862 5049; x_wconf 86' lang='lat' dir='ltr'><strong>superbeatissimae</strong></span> <span class='ocrx_word' id='word_1_475' title='bbox 2919 4963 3247 5027; x_wconf 86' lang='lat' dir='ltr'><strong>Trinitatis</strong></span> <span class='ocrx_word' id='word_1_476' title='bbox 3296 4964 3594 5029; x_wconf 84' lang='lat' dir='ltr'><strong>beatifica</strong></span> 
     </span>
     <span class='ocr_line' id='line_1_87' title="bbox 2094 5061 3591 5147; baseline -0.003 -16"><span class='ocrx_word' id='word_1_477' title='bbox 2094 5064 2633 5147; x_wconf 87' lang='lat' dir='ltr'><strong>contemplatione</strong></span> <span class='ocrx_word' id='word_1_478' title='bbox 2674 5081 2821 5124; x_wconf 92' lang='lat' dir='ltr'><strong>cum</strong></span> <span class='ocrx_word' id='word_1_479' title='bbox 2862 5061 3348 5144; x_wconf 84' lang='lat' dir='ltr'><strong>incomparabili</strong></span> <span class='ocrx_word' id='word_1_480' title='bbox 3386 5063 3591 5128; x_wconf 88' lang='lat' dir='ltr'><strong>excel-</strong></span> 
     </span>
     <span class='ocr_line' id='line_1_88' title="bbox 2097 5160 3591 5245; baseline -0.001 -17"><span class='ocrx_word' id='word_1_481' title='bbox 2097 5165 2289 5228; x_wconf 85' lang='lat' dir='ltr'><strong>lentia</strong></span> <span class='ocrx_word' id='word_1_482' title='bbox 2320 5160 2803 5245; x_wconf 77' lang='lat' dir='ltr'><strong>supet-impleta,</strong></span> <span class='ocrx_word' id='word_1_483' title='bbox 2834 5161 3310 5243; x_wconf 87' lang='lat' dir='ltr'><strong>proportionata</strong></span> <span class='ocrx_word' id='word_1_484' title='bbox 3337 5180 3591 5244; x_wconf 90' lang='lat' dir='ltr'><strong>quoque</strong></span> 
     </span>
     <span class='ocr_line' id='line_1_89' title="bbox 2097 5259 3585 5326; baseline -0.003 0"><span class='ocrx_word' id='word_1_485' title='bbox 2097 5263 2404 5326; x_wconf 84' lang='lat' dir='ltr'><strong>fruitione</strong></span> <span class='ocrx_word' id='word_1_486' title='bbox 2469 5261 2763 5324; x_wconf 81' lang='lat' dir='ltr'><strong>increatae</strong></span> <span class='ocrx_word' id='word_1_487' title='bbox 2832 5259 3191 5323; x_wconf 89' lang='lat' dir='ltr'><strong>dulcedinis</strong></span> <span class='ocrx_word' id='word_1_488' title='bbox 3258 5259 3585 5324; x_wconf 90' lang='lat' dir='ltr'><strong>inebriata.</strong></span> 
     </span>
    </p>
   </div>
  </div>
 </body>
</html>
