4300 6259
627 1651 710 1692 υἱ.
736 1660 850 1698 xxvi,

585 1725 698 1754 xuu.

877 455 1000 520 302

1473 476 1552 522 m:
1593 475 1820 521 LUMINE
1863 473 2247 520 CHRISTIANAE
2290 473 2592 531 THEORIAE,
2638 475 2814 521 unt-:R
2857 477 2897 522 1.
2944 495 3023 505 —
3065 477 3204 525 Aur.
3250 480 3397 526 tvm

880 651 944 706 et
974 645 1304 727 exemplar
1333 645 1432 708 sui
1463 645 1674 729 operis
1709 663 1722 707 ε
1757 645 1972 708 omnia
2001 661 2151 724 ergo
2190 662 2378 724 agno·
2412 643 2461 706 A
2494 644 2715 728 utique
2746 665 2860 728 per
2888 648 3141 711 easdem
3174 657 3426 712 causata
3450 669 3563 712 sua
3586 647 3980 729 singulariter

881 742 1020 806 scit.
1056 744 1383 818 Praeterea,
1419 744 1728 826 perfectio
1768 743 2128 805 intellectus
2160 749 2253 804 est
2287 742 2379 803 in-

881 841 1188 923 telligere,
1223 843 1391 904 sicut
1420 851 1482 904 et
1512 842 1859 922 cujuslibet
1900 840 2201 923 potentiae
2240 859 2379 922 per-

879 939 1074 1003 fectio
1121 948 1218 1002 est
1267 940 1524 1023 propria
1573 941 1670 1002 sui
1723 939 2025 1022 operatio.
2070 938 2379 1012 Quoniam

880 1057 1030 1121 ergo
1079 1040 1430 1102 secundum
1484 1039 1852 1120 praehabita,
1895 1038 2153 1100 divinus
2202 1037 2383 1098 intel-

881 1139 1080 1201 lectus
1128 1138 1509 1220 simpliciter
1552 1138 1875 1219 perfectus
1919 1145 2035 1210 est,
2069 1136 2161 1198 nil
2206 1154 2383 1218 pror-

878 1257 986 1300 sus
1028 1237 1230 1318 ipsius
1274 1237 1876 1318 contemplationem
1920 1235 2206 1316 effugere
2248 1242 2379 1315 pot-

879 1343 992 1398 est.
1038 1335 1284 1408 Adhuc,
1331 1354 1521 1398 omne
1564 1354 1726 1409 esse,
1771 1342 1997 1397 natura
2041 1332 2273 1406 omniS‚
2320 1340 2384 1395 et

878 1434 1091 1496 omnis
1141 1435 1295 1496 ordo
1353 1435 1804 1508 secundorum,
1856 1441 1966 1495 aut
2013 1431 2382 1494 immediate

879 1541 988 1595 aut
1019 1533 1295 1595 mediate
1325 1552 1401 1594 ex
1433 1532 1917 1614 superbonil'ico
1947 1531 2172 1613 primae
2204 1530 2381 1592 boni-

881 1631 1026 1694 tatis
1067 1629 1242 1693 fonte
1288 1637 1757 1712 processerunt,
1792 1637 1860 1691 ut
1906 1628 2243 1711 probatum
2288 1634 2383 1689 est

881 1737 1046 1794 ante.
1103 1730 1176 1790 Et
1237 1730 1522 1812 quidem,
1573 1729 1741 1810 quod
1791 1727 2163 1791 immediate
2220 1745 2256 1788 a
2314 1745 2381 1788 se

2492 752 2864 824 agnoscunt,
2897 765 3095 828 quum
3140 747 3270 808 sint
3299 747 3815 810 intellectualiter
3844 763 3981 827 ope·

2492 850 2703 905 rantes
2739 860 2753 904 :
2788 843 2973 906 orbes
3012 845 3253 928 quippe
3296 854 3447 908 sunt
3488 845 3769 909 motricis
3810 845 3983 907 intel-

2496 940 2770 1020 ligentiae
2815 942 3259 1017 instrumenta,
3294 945 3464 1007 sicut
3505 943 3884 1008 terebellum
3926 951 3983 1004 et

2492 1039 2825 1102 dolabrum
2859 1040 3149 1104 artificis.
3196 1043 3375 1106 Sicut
3404 1044 3600 1124 igitur
3636 1041 3865 1104 artifex
3900 1043 3985 1104 in-

2495 1145 2847 1200 strumenta
2879 1146 3112 1212 movet,
3130 1148 3200 1202 ut
3231 1140 3501 1204 formam
3534 1141 3687 1202 artis
3715 1139 3987 1222 explicet

2494 1237 2845 1298 secundum
2892 1248 3397 1322 praeconceptam
3449 1241 3681 1301 mentis
3728 1258 3861 1300 suae
3896 1257 3985 1299 ra·

2493 1333 2755 1406 tionem,
2788 1336 2881 1397 sic
2924 1342 2988 1396 et
3026 1335 3248 1399 orbem
3294 1345 3507 1401 movet
3549 1335 3983 1417 intelligentia.

2494 1433 2829 1515 Quumque
2860 1433 2994 1496 haec
3026 1435 3119 1496 sic
3151 1435 3297 1510 sint,
3314 1445 3466 1498 tunc
3498 1435 3743 1518 primus
3777 1435 3987 1517 utique

2496 1531 2857 1594 intellectus
2926 1553 3038 1615 per
3106 1534 3501 1597 universales
3570 1553 3701 1597 suae
3756 1534 3988 1595 mentis

2496 1630 2753 1706 sormaS,
2787 1635 3003 1696 omnia
3047 1651 3308 1715 prorsus
3351 1633 3718 1696 distinctius
3762 1649 3986 1712 cogno-

2495 1732 2984 1814 scetzquidquid
3014 1734 3187 1794 enim
3218 1733 3475 1794 virtutis
3506 1731 3741 1794 habent
3769 1730 3987 1794 formae

878 1828 1225 1892 fluentium
1277 1828 1506 1891 habeat
1553 1828 1720 1890 Deus
1768 1827 2116 1900 notionem,
2165 1825 2381 1886 nullus
2420 1826 2466 1888 B
2496 1830 2803 1910 separatis
2848 1830 3279 1893 intellectibus
3324 1831 3611 1904 influxae,
3644 1849 3720 1893 ex
3765 1830 3986 1893 formis

880 1929 1144 1990 omnino
1186 1927 1495 2007 ambigit3
1542 1927 1650 1989 sed
1698 1927 1866 2009 quod
1911 1927 2102 1988 etiam
2149 1933 2383 1987 cetero-

881 2046 1024 2088 rum
1053 2026 1284 2088 habeat
1313 2024 1761 2106 cognitionem,
1778 2026 2149 2087 ostenditur.
2170 2023 2384 2086 Causae

879 2124 1197 2200 secundae,
1213 2125 1348 2186 sive
1379 2123 1838 2198 coelesteS,sive
1871 2123 2379 2205 supercoelesteS,

881 2225 1015 2286 sive
1074 2223 1511 2297 subcoelesteS,
1564 2223 1656 2284 nil
1715 2223 2097 2304 producunt,
2154 2230 2385 2304 regunt

880 2330 989 2384 aut
1057 2329 1518 2404 exsequuntur,
1581 2321 1704 2383 nisi
1765 2321 2116 2383 secundum
2187 2321 2380 2403 primi

878 2421 1136 2503 opificis
1171 2419 1570 2503 imperialem
1604 2421 2157 2502 praestitutionem,
2190 2428 2381 2502 atque

878 2519 955 2582 ad
1004 2519 1429 2582 imitationem
1479 2518 1634 2580 artis
1682 2518 1915 2582 divinoe
1966 2519 2219 2580 mentis.
2264 2519 2380 2580 Ne-

878 2637 1056 2682 cesse
1112 2618 1286 2681 enim
1335 2625 1432 2680 est
1481 2619 1764 2699 regimen
1827 2617 2247 2699 ordinemque
2307 2636 2378 2679 ac

878 2719 1070 2781 etiam
1129 2717 1449 2780 causalem
1505 2725 1878 2799 potestatem
1934 2717 2227 2779 omnium
2286 2735 2379 2779 se·

879 2817 1256 2889 cundorum,
1292 2814 1574 2878 finaliter
1618 2816 1683 2877 in
1727 2816 2008 2898 primum
2049 2816 2375 2889 reducere,

877 2923 1182 2997 tanquam
1216 2915 1281 2976 in
1315 2913 1552 3000 fontale
1590 2914 1982 2996 principium
2024 2914 2234 2977 omnis
2274 2915 2381 2976 bo-

2494 1927 2729 1992 divinae
2772 1929 3033 1991 rationis
3078 1929 3483 2011 participant,
3518 1930 3825 2012 quoniam
3868 1931 3989 2010 pri·

2496 2045 2641 2088 mus
2687 2027 3045 2090 intellectus
3094 2035 3192 2090 est
3238 2027 3379 2090 fons
3428 2028 3641 2090 omnis
3684 2027 3986 2109 cognitio—

2494 2126 2617 2186 nis,
2664 2161 2745 2170 —
2785 2126 2877 2188 Ad
2924 2126 3275 2189 secundum
3320 2127 3578 2201 dicitur,
3624 2127 3797 2209 quod
3844 2126 3988 2188 licet

2494 2224 2703 2304 prime
2762 2231 2825 2286 et
2880 2225 3325 2307 principaliter
3372 2227 3528 2288 ordo
3581 2225 3867 2287 universi
3924 2225 3985 2286 in

2494 2322 2831 2403 speciebus
2863 2324 3187 2398 consistat,
3222 2323 3286 2385 in
3326 2325 3731 2386 successione
3777 2332 3986 2386 tamen

2491 2421 2969 2484 individuorum
3002 2430 3065 2485 et
3093 2422 3372 2484 salvatur
3414 2430 3477 2485 et
3517 2422 3989 2504 quodammodo

2490 2521 2822 2602 ponendus
2866 2527 2981 2582 cst.

2571 2619 2878 2701 Denique,
2940 2619 3051 2700 qui
3112 2619 3437 2700 cognoscit
3502 2638 3637 2682 rem
3704 2619 3987 2702 aliquam

2491 2718 2794 2800 perfecte,
2836 2717 3161 2799 cognoscit
3208 2717 3424 2780 omnia
3461 2737 3606 2799 quae
3654 2718 3719 2779 in
3770 2737 3851 2781 ea
3898 2737 3989 2781 re-

2490 2817 2849 2898 splendent,
2882 2823 2994 2878 aut
3034 2833 3161 2878 non
3202 2815 3481 2879 totaliter
3519 2817 3989 2899 contemplatus

2488 2923 2584 2976 est
2634 2915 2830 2978 illam.
2880 2916 2949 2976 ln
2999 2915 3216 2976 divina
3263 2921 3475 2978 autem
3526 2916 3807 2978 essentia
3858 2917 3989 2978 uni-

878 3013 1093 3076 nitatis
1124 3013 1496 3095 ordinisque
1529 3013 1720 3074 totius
1752 3012 2203 3075 institutivum.
2238 3014 2379 3096 Ipsa
2416 3015 2458 3078 C
2490 3032 2673 3077 versa
2712 3014 3001 3077 relucent
3042 3021 3344 3096 tanquam
3389 3013 3451 3076 in
3495 3015 3701 3096 prima
3737 3016 3989 3096 origine

878 3131 1028 3194 ergo
1067 3112 1288 3175 divina
1327 3111 1486 3174 ratio
1535 3111 1832 3173 universa
1879 3110 2378 3192 primordialiter

877 3211 1346 3293 contemplatur
1375 3218 1437 3272 et
1469 3209 1760 3272 instituit.
1781 3210 2112 3272 Pluralitas
2143 3229 2376 3293 nempe

877 3329 1100 3391 regum
1141 3309 1326 3371 mala.
1363 3308 1559 3388 Cujus
1605 3308 1861 3388 signum
1906 3315 2022 3382 est,
2057 3310 2224 3392 quod
2271 3329 2377 3371 en-

875 3410 1037 3471 tium
1084 3407 1398 3472 naturalia
1443 3407 1759 3470 desideria
1801 3408 2166 3470 desiderant
2212 3409 2375 3471 bene

874 3507 1149 3590 disponi.
1185 3506 1355 3569 Bona
1386 3525 1535 3568 vero
1567 3505 1902 3587 dispositio
1933 3524 2058 3568 non
2099 3515 2196 3568 est
2238 3507 2376 3570 sine

874 3607 1116 3669 ordine.
1181 3604 1344 3668 Ordo
1400 3611 1612 3666 autem
1672 3604 1750 3665 ad
1809 3604 2120 3666 unitatem
2180 3607 2377 3688 exigit

876 3703 1356 3768 multitudinem
1389 3702 1627 3765 reduci.
1654 3702 1875 3765 Omnis
1907 3702 2120 3784 itaque
2150 3713 2375 3767 natura

874 3822 990 3866 nos
1031 3808 1421 3865 contestatur
1471 3820 1672 3862 unum
1721 3801 2014 3863 omnium
2064 3803 2199 3864 fore
2248 3803 2375 3885 pri-

876 3920 1054 3989 mum
1087 3907 1400 3963 rectorem
1431 3907 1493 3961 et
1525 3899 1776 3961 causale
1809 3899 2220 3982 principium.

955 4000 1076 4063 Sed
1120 3998 1333 4061 forsan
1379 3998 1552 4060 dices
1589 4015 1602 4058 ι
1639 3998 1728 4059 Ex
1761 4015 1888 4080 quo
1924 3999 2171 4079 primus
2202 4007 2377 4062 actor

876 4099 1082 4161 causis
1130 4097 1428 4160 secundis
1479 4096 1968 4166 universalibus
2013 4104 2232 4178 utpote
2282 4115 2376 4160 or-

2486 3120 2675 3195 atque
2720 3112 2979 3175 fontana
3026 3113 3292 3187 ratione,
3334 3131 3537 3194 quum
3587 3113 3679 3175 nil
3728 3115 3989 3196 penitus

2486 3211 2567 3273 sit
2596 3229 2824 3293 expers
2854 3211 3086 3274 divinae
3116 3210 3438 3284 bonitatiS,
3457 3212 3815 3274 secundum
3850 3213 3987 3276 Dio-
4036 3225 4089 3269 ne
4116 3223 4219 3267 mrim

2488 3311 2761 3392 nysium.
2798 3309 3024 3372 Omnia
3054 3327 3203 3391 ergo
3234 3309 3300 3371 in
3332 3328 3400 3372 se
3441 3309 3579 3392 ipsa
3618 3311 3989 3392 speculatur
4010 3300 4221 3331 '²⁰¹⁸“”¹'‘

2488 3428 2668 3470 mens
2698 3409 2932 3470 divina.
2966 3409 3253 3491 Insuper,
3274 3409 3385 3491 qui
3416 3427 3673 3472 causam
3703 3409 3985 3492 aliquam

2488 3515 2550 3569 et
2594 3509 2897 3569 virtutem
2940 3507 3081 3588 ejus
3126 3507 3314 3589 plene
3362 3507 3699 3588 dignoscit,
3741 3510 3867 3571 scit
3913 3509 3989 3572 ad

2488 3626 2629 3688 quae
2660 3625 2727 3668 se
2757 3607 3054 3668 extendat
3096 3606 3369 3668 causalis
3410 3607 3613 3670 virtus
3653 3625 3867 3672 causae
3902 3617 3989 3670 ta-

2490 3705 2567 3766 lis
2616 3722 2630 3766 :
2678 3704 2838 3767 ratio
2883 3721 3161 3785 namque
3205 3722 3413 3767 causae
3457 3705 3748 3768 consistit
3786 3707 3856 3768 in
3896 3725 3993 3769 or-

2488 3805 2636 3867 dine
2684 3804 2760 3866 ad
2810 3803 3003 3865 aliud.
3050 3802 3252 3865 Causa
3302 3802 3478 3865 enim
3530 3811 3627 3866 est
3672 3805 3748 3866 ad
3804 3807 3989 3886 cujus

2488 3920 2627 3964 esse
2695 3900 2986 3983 sequitur
3051 3899 3247 3973 aliud,
3312 3901 3666 3963 secundum
3733 3902 3985 3965 Petrum

2486 4000 2858 4082 Hispanum.
2895 3997 3203 4071 Quoniam
3246 4015 3398 4078 ergo
3436 3999 3693 4062 divinus
3734 4000 3986 4063 intelle-

2488 4107 2627 4160 ctus
2676 4116 2743 4159 se
2793 4096 3007 4178 ipsum
3058 4097 3245 4178 plene
3289 4097 3797 4178 comprehendit,
3850 4101 3987 4181 ipse

874 4196 1056 4260 bium
1109 4195 1486 4270 motoribuS,
1528 4194 1921 4256 universales
1971 4193 2209 4257 formas
2257 4204 2377 4258 tra·
2406 4197 2455 4260 D
2486 4205 2699 4260 autem
2730 4195 3020 4258 omnium
3065 4213 3258 4258 causa
3300 4201 3397 4257 est
3440 4201 3506 4256 et
3546 4196 3820 4259 causalis
3860 4199 3987 4259 vir-

877 4295 991 4368 dit,
1044 4295 1280 4376 quibus
1327 4293 1543 4356 omnia
1593 4292 1941 4372 singularia
1990 4293 2373 4374 producunt,

876 4394 959 4457 ob
999 4393 1062 4455 id
1103 4410 1229 4454 non
1270 4391 1391 4452 nisi
1437 4389 1867 4452 universalem
1913 4390 2174 4452 habebit
2220 4392 2375 4454 infe-

877 4493 1118 4555 riorum
1149 4490 1494 4553 notionem.
1529 4525 1608 4533 —
1637 4489 1882 4562 Adhuc,
1906 4489 2060 4551 ordo
2091 4490 2373 4553 universi

877 4588 1168 4654 consistit
1217 4588 1284 4649 in
1327 4586 1667 4668 speciebus
1707 4586 1866 4667 ejus.
1914 4587 2027 4648 Per
2065 4587 2187 4650 hoc
2228 4607 2376 4670 ergo

876 4689 1046 4773 quod
1105 4687 1394 4750 ordinem
1457 4704 1670 4746 rerum
1731 4685 1896 4747 Deus
1957 4684 2253 4760 instituit,
2308 4695 2377 4750 ut

873 4788 1147 4859 videtur,
1189 4783 1436 4848 ostendi
1483 4801 1609 4845 non
1659 4790 1888 4864 potest,
1930 4783 2100 4864 quod
2149 4785 2378 4848 distin-

876 4893 1065 4958 ctam,
1118 4884 1228 4946 sed
1287 4900 1698 4947 communem
1757 4882 2087 4943 dumtaxat
2142 4883 2369 4946 harum

873 4983 1263 5064 agnitionem
1309 4983 1554 5045 habeat.

954 5081 1076 5144 Sed
1121 5080 1660 5163 respondendum,
1704 5078 1874 5162 quod
1929 5079 1982 5140 si
2033 5098 2239 5144 causae
2279 5100 2372 5145 se-

876 5180 1100 5242 cundae
1142 5197 1258 5261 per
1294 5177 1686 5239 universales
1728 5196 1874 5240 suas
1911 5197 1947 5240 a
1985 5178 2197 5260 primo
2238 5199 2372 5242 sus-

875 5284 1093 5363 ceptas
1137 5275 1374 5339 formas
1412 5273 1758 5354 singularia
1800 5276 2185 5357 producunt,
2218 5284 2371 5340 tunc

2485 4302 2611 4370 tuS,
2678 4312 3077 4377 consequens
3135 4299 3230 4356 est
3292 4301 3363 4355 ut
3418 4295 3631 4356 omnia
3690 4313 3985 4379 compre-

2486 4393 2723 4456 hendat
2752 4393 2829 4455 ad
2860 4413 3002 4474 quae
3034 4411 3147 4454 sua
3190 4411 3257 4454 se
3298 4392 3583 4454 extendit
3621 4396 3981 4460 causalitas.

2486 4493 2627 4574 Ipse
2670 4500 2883 4554 autem
2929 4499 3025 4553 est
3069 4491 3463 4573 principium
3508 4493 3706 4555 totius
3754 4496 3925 4558 entis
3970 4513 3983 4558 :

2487 4596 2690 4653 totum
2722 4608 2872 4671 ergo
2903 4609 3017 4652 ens
3050 4591 3557 4672 comprehendit.
3591 4592 3782 4656 Porro
3812 4611 3987 4656 com-

2488 4689 2884 4771 plementum
2937 4689 3231 4770 practicae
3290 4691 3672 4770 cognitionis
3722 4700 3821 4755 est
3872 4712 3989 4776 per

2485 4787 3173 4869 appropinquationem
3218 4787 3297 4848 ad
3356 4788 3722 4868 singularia.
3775 4791 3987 4855 Actio-

2486 4903 2598 4947 nes
2641 4885 2811 4947 enim
2861 4891 2922 4946 et
2965 4884 3293 4965 passiones
3336 4895 3485 4948 sunt
3527 4887 3699 4950 circa
3744 4909 3983 4973 suppo-

2484 4985 2625 5057 sita,
2658 4984 3011 5045 secundum
3054 4983 3458 5047 Aristotelem
3505 4986 3713 5067 primo
3754 4988 3983 5054 Primae

2484 5081 2923 5166 philosophiae.
2959 5081 3249 5162 Cognitio
3277 5091 3490 5146 autem
3524 5103 3651 5166 qua
3680 5087 3847 5150 Deus
3880 5107 3979 5151 res

2484 5189 2722 5243 creatas
2780 5180 3085 5260 agnoscit,
3118 5181 3452 5262 potissime
3502 5184 3782 5266 practica
3818 5193 3916 5248 est
3960 5203 3975 5248 :

2481 5279 2785 5360 quoniam
2818 5297 2895 5342 ex
2926 5279 3209 5361 ipsarum
3249 5281 3574 5362 agnitione
3612 5301 3738 5346 non
3779 5284 3976 5368 perfi-
