4300 6259
157 3163 342 3206 ibidem.

977 511 1056 560 mi
1097 513 1326 560 mutus
1367 513 1749 560 CHRISTIANAE
1789 511 2090 570 runcum,
2135 514 2311 560 Lmen
2352 515 2393 563 1.
2440 533 2519 544 —·
2560 515 2697 560 Am.
2742 515 2886 562 xcix

3366 493 3489 560 359

383 699 572 764 quam
618 683 983 763 conjuncta.
1032 682 1230 763 Cujus
1280 683 1569 765 probatio
1615 689 1712 746 est
1756 683 1878 745 hoc
1907 681 1958 746 A
1989 682 2165 756 latio,
2213 684 2277 748 in
2317 684 2493 746 nulla
2529 684 2766 748 virtute
2818 684 3081 747 fundata
3120 685 3185 746 in
3224 684 3491 747 materia

383 781 548 862 quod
579 781 928 844 cernimus
953 781 1112 844 Nam
1143 799 1272 863 quo
1300 783 1516 844 anima
1547 781 1747 864 magis
1778 799 1880 842 va-

382 886 481 941 cat
521 881 758 955 studio,
791 880 1092 956 scientim,
1135 889 1198 944 et
1244 881 1502 963 puritati
1549 881 1878 944 abstracti-

379 978 518 1040 onis
559 998 598 1040 a
645 979 1085 1062 corporalibus
1125 979 1298 1042 curis
1340 988 1403 1042 et
1444 979 1880 1042 oblectationi-

381 1076 518 1148 bus,
551 1094 630 1139 eo
658 1077 932 1140 vicinior
963 1077 1039 1139 l'it
1067 1086 1132 1140 et
1161 1079 1456 1160 capacior
1484 1077 1878 1160 sapientialis

379 1175 936 1258 contemplationis
984 1176 1351 1238 divinorum
1399 1184 1464 1240 et
1519 1177 1876 1240 coelestium

379 1273 814 1337 influxionum
865 1293 880 1336 ε
931 1283 997 1337 et
1053 1275 1118 1336 in
1175 1274 1296 1338 hoc
1353 1275 1544 1348 lucet,
1595 1275 1766 1357 quod
1823 1273 1876 1337 si

380 1373 634 1454 penitus
667 1381 1089 1454 separaretur,
1114 1373 1436 1455 copiosius
1467 1373 1879 1435 irradiaretur

379 1469 736 1532 luminibus
769 1470 1356 1551 intelligentiarum.
1392 1470 1528 1533 Nou
1559 1488 1710 1550 ergo
1741 1489 1878 1551 per-

377 1576 568 1630 eunte
617 1587 884 1651 corpore
933 1569 1072 1651 ipsa
1119 1569 1302 1651 perit.
1345 1569 1504 1632 Nam
1553 1568 1729 1630 nulla
1776 1587 1876 1631 res

377 1667 816 1749 corrumpitur
875 1687 952 1730 ex
1009 1686 1085 1730 eo
1134 1668 1198 1728 in
1247 1685 1378 1749 quo
1423 1667 1717 1729 consistit
1763 1685 1878 1728 sua

377 1766 704 1848 perfectio.
721 1766 1006 1829 Potentia
1032 1774 1248 1828 autem
1279 1766 1570 1846 organica
1597 1773 1660 1828 et
1689 1772 1876 1827 mate-

1989 781 2335 862 subjectari
2369 791 2617 865 potest3
2650 801 2859 864 neque
2900 803 3013 866 per
3051 783 3355 846 virt-utem
3399 789 3490 844 ta-

1992 880 2114 942 lem
2176 881 2607 943 communicat
2656 900 2803 944 cum
2852 889 3077 944 natura
3124 881 3490 944 divinorum

1989 979 2457 1052 intellectuum,
2510 998 2719 1061 neque
2764 981 3051 1062 recipere
3096 987 3305 1062 potest
3344 979 3491 1042 talis

1989 1077 2193 1140 virtus
2222 1077 2468 1160 species
2499 1085 2627 1140 tarn
2662 1078 2941 1141 sinceras
2970 1085 3035 1141 et
3072 1078 3485 1141 universaleS.

1989 1175 2067 1238 Et
2097 1176 2231 1240 haec
2262 1177 2423 1240 ratio
2453 1176 2709 1239 subtilis
2750 1186 2847 1240 est
2886 1185 2949 1240 et
2988 1176 3199 1252 firma,
3230 1177 3284 1240 si
3324 1176 3489 1240 bene

1989 1274 2469 1354 consideretur3
2516 1282 2581 1337 et
2625 1276 2957 1357 sequentia
3006 1275 3151 1358 plus
3190 1293 3331 1338 eam
3370 1281 3490 1338 sta-

1990 1371 2235 1435 bilient.

2069 1470 2313 1545 Adhuc,
2334 1471 2623 1551 ejusdem
2656 1478 2754 1534 est
2784 1490 2945 1546 esse,
2970 1490 3156 1555 posse
3186 1478 3251 1534 et
3276 1489 3483 1553 agere.

1988 1569 2272 1632 Potentia
2300 1571 2475 1632 enim
2506 1570 2796 1652 sequitur
2825 1588 2963 1633 esse
2990 1588 3005 1632 :
3028 1577 3093 1633 et
3122 1571 3285 1644 ideo,
3317 1570 3489 1652 quod

1987 1667 2181 1730 habet
2230 1668 2291 1730 in
2353 1687 2421 1730 se
2480 1669 2621 1750 ipso
2680 1686 2865 1750 posse
2922 1677 2987 1731 et
3042 1687 3247 1750 agere,
3298 1668 3491 1731 habet

1987 1767 2181 1828 etiam
2234 1767 2297 1828 in
2349 1785 2415 1829 se
2468 1767 2607 1849 ipso
2656 1767 3001 1830 essentiam
3052 1775 3117 1828 et
3162 1785 3324 1836 esse,
3376 1785 3489 1848 per

376 1863 572 1937 idalia,
609 1871 679 1926 ut
707 1863 908 1936 visuS‚
943 1882 1070 1927 non
1112 1863 1450 1945 perficitur
1489 1864 1552 1925 in
1595 1881 1872 1936 recessu,
1913 1860 1960 1921 B
1993 1865 2550 1946 independentiam
2614 1866 2863 1929 scilicet
2902 1866 2981 1927 ad
3026 1865 3483 1947 susceptivum.

377 1963 484 2024 sed
517 1962 584 2024 in
614 1969 1121 2044 temperamento
1150 1962 1512 2025 harmoniae.
1533 1959 1706 2022 —At
1727 1977 1876 2024 vero

379 2059 728 2141 unicuique
759 2067 1001 2124 naturae
1033 2059 1302 2122 debetur
1341 2060 1661 2142 quoddam
1699 2077 1876 2120 sum-

377 2177 556 2220 mum
591 2158 1211 2232 bonum,secundum
1241 2158 1524 2240 speciem
1555 2158 1877 2240 propriam

241 2291 346 2318 m.
377 2256 500 2319 sibi
553 2257 846 2320 debitum
891 2275 904 2318 :
955 2257 1149 2338 quod,
1199 2257 1368 2320 sicut
1415 2264 1874 2338 praeostensum

377 2363 494 2428 est,
553 2355 620 2417 in
683 2353 1224 2416 intellectualibus
1281 2354 1728 2437 hypostasibus
1789 2354 1878 2418 l'e-

375 2453 586 2514 licitas
633 2452 1012 2534 appellatur.
1049 2453 1614 2535 Quorumcumque
1659 2461 1873 2515 autem

375 2569 710 2614 summum
758 2550 1000 2613 bonum
1050 2551 1114 2612 in
1165 2551 1391 2614 eodem
1442 2551 1872 2624 constituitur,

375 2650 486 2711 illa
535 2650 600 2712 in
651 2657 878 2711 natura
928 2657 992 2712 et
1041 2650 1276 2712 virtute
1325 2649 1805 2713 communicant
1857 2667 1870 2711 :

374 2749 530 2820 imo,
591 2748 948 2810 secundum
999 2748 1478 2829 proportionem
1527 2748 1876 2810 identitatis

369 2847 520 2908 talis
551 2847 790 2908 summi
823 2845 1272 2918 boni,necesse
1303 2855 1400 2908 est
1429 2846 1718 2928 accipere
1747 2865 1876 2910 mo·

371 2946 532 3008 dum
563 2945 914 3007 identitatis
953 2951 1016 3007 et
1045 2945 1506 3008 convenientiae
1549 2946 1612 3008 in
1653 2953 1877 3007 natura

1989 1963 2277 2027 Essentia
2308 1983 2456 2045 ergo
2487 1984 2627 2047 quae
2670 1983 2796 2028 non
2836 1972 2960 2027 stat
3001 1982 3113 2046 per
3151 1982 3219 2026 se
3258 1964 3486 2046 ipsam,

1989 2062 2098 2124 sed
2143 2062 2463 2144 dependet
2510 2063 2588 2124 ad
2630 2064 2982 2134 materiam,
3024 2068 3087 2124 et
3135 2061 3489 2124 secundum

1989 2177 2056 2221 se
2106 2167 2303 2222 totam
2354 2160 2529 2222 illius
2584 2168 2765 2222 actus
2822 2167 2939 2232 est,
2995 2158 3239 2221 nullam
3298 2158 3491 2220 habet

1991 2258 2341 2339 potentiam
2380 2259 2686 2339 operandi
2728 2257 2830 2320 vel
2868 2257 3306 2339 operationem
3343 2275 3487 2339 quae

1989 2373 2116 2418 non
2149 2355 2499 2419 fundentur
2530 2357 2596 2418 in
2625 2363 2757 2419 toto
2784 2356 2955 2438 quod
2987 2362 3229 2418 constat
3259 2373 3336 2416 ex
3370 2373 3493 2416 ma—

1989 2454 2148 2516 teria
2186 2462 2251 2516 et
2292 2454 2515 2517 forma.
2552 2454 2615 2517 Si
2660 2472 2810 2534 ergo
2853 2454 3056 2516 virtus
3102 2452 3493 2516 intellectiva

1989 2560 2051 2614 et
2110 2552 2536 2634 intelligibilis
2584 2552 2870 2634 operatio
2928 2551 3367 2631 subjectentur
3424 2550 3489 2614 in

1989 2651 2128 2733 ipsa
2168 2652 2400 2713 animae
2450 2651 2621 2712 nuda
2673 2651 2971 2722 essentia,
3014 2649 3221 2732 palam
3268 2650 3489 2731 utique

1988 2751 2159 2832 quod
2190 2749 2466 2812 essentia
2496 2749 2641 2811 talis
2672 2749 2755 2810 sit
2784 2768 2898 2830 per
2925 2767 2991 2810 se
3031 2747 3386 2810 subsistens
3426 2755 3491 2810 et

1990 2849 2053 2909 in
2099 2848 2421 2930 operando
2470 2847 2909 2927 independens
2962 2863 2975 2909 :
3027 2853 3091 2908 et
3139 2846 3281 2909 ideo
3330 2845 3491 2907 dixit

1989 2945 2430 3028 PhilosophuS,
2465 2945 2637 3027 quod
2680 2945 2732 3007 si
2776 2945 2991 3007 anima
3035 2943 3228 3006 habet
3269 2962 3487 3026 opera-

373 3053 438 3106 et
491 3043 726 3106 virtute
775 3061 998 3107 eorum
1048 3061 1323 3126 quorum
1368 3051 1464 3106 est
1503 3043 1661 3105 illud
1707 3062 1876 3106 sum-
1911 3037 1952 3102 C
1986 3045 2229 3106 tionem
2260 3051 2634 3124 separatam,
2668 3052 2822 3104 tunc
2859 3043 2998 3124 ipsa
3026 3059 3283 3124 quoque
3314 3061 3490 3123 sepa-

378 3161 562 3204 mum
592 3142 854 3205 bonum.
877 3143 997 3204 Sed
1031 3142 1094 3203 in
1126 3149 1272 3204 ante
1305 3141 1540 3204 habitis
1573 3141 1878 3222 multipli-

373 3243 542 3304 citer
561 3241 906 3304 deductum
929 3247 1124 3312 est,et
1145 3240 1208 3302 in
1232 3241 1483 3303 decimo
1505 3240 1874 3303 Ethicorum

367 3339 456 3402 ab
503 3339 836 3402 Aristotele
883 3338 1242 3420 probatum,
1275 3339 1446 3420 quod
1487 3338 1874 3420 contempla—

367 3439 510 3500 tiva
553 3437 822 3499 felicitas
871 3437 952 3498 sit
1001 3455 1326 3498 summum
1377 3434 1614 3498 bonum
1663 3437 1874 3499 omnis

367 3545 620 3598 naturae
677 3534 1150 3598 intellectualis,
1203 3534 1420 3597 Omnis
1471 3553 1724 3617 quoque
1783 3555 1876 3597 re·

365 3653 522 3696 rum
563 3641 914 3696 creatarum
955 3631 1430 3715 contemplatio,
1473 3632 1550 3694 ad
1591 3632 1874 3714 specula-

363 3734 618 3794 tionem
648 3731 873 3813 optimi
905 3729 1317 3812 speculabilis
1349 3730 1622 3792 naturali
1650 3731 1872 3793 ordine

361 3830 728 3902 ordinatur,
780 3829 1132 3890 secundum
1184 3828 1356 3909 quod
1415 3827 1590 3890 illius
1648 3847 1872 3909 specu·

365 3929 532 3992 latio
578 3926 902 4009 possibilis
951 3933 1048 3988 est
1095 3925 1418 3988 mentibus
1469 3927 1697 3989 creatis
1750 3944 1764 3988 :
1811 3933 1875 3988 et

363 4029 524 4089 ideo
553 4026 708 4088 dixit
735 4027 1066 4098 AverroeS,
1101 4025 1268 4106 quod
1302 4025 1566 4105 quaestio
1597 4025 1675 4086 de
1714 4024 1874 4086 divi-

361 4145 456 4190 no
501 4125 850 4198 intellectu,
892 4131 988 4186 est
1027 4123 1108 4186 ab
1151 4123 1450 4186 omnibus
1497 4123 1870 4186 desiderata.

1987 3143 2207 3205 rabilis
2237 3149 2350 3204 est.
2368 3142 2489 3204 Sed
2521 3142 2805 3223 potentia
2837 3140 3229 3203 intellectiva
3260 3141 3326 3202 in
3356 3140 3489 3202 sola

1981 3243 2213 3303 animae
2244 3241 2521 3302 essentia
2555 3239 2902 3302 fundabilis
2934 3247 3048 3302 est.
3085 3239 3148 3302 Si
3180 3240 3351 3302 enim
3385 3239 3489 3300 de·

1983 3347 2087 3402 tur
2107 3338 2499 3420 oppositum,
2523 3338 2693 3420 quod
2724 3337 2972 3400 scilicet
3002 3336 3399 3417 subJectetur
3420 3337 3485 3399 in

1983 3455 2247 3519 corpore
2287 3437 2387 3500 vel
2430 3453 2665 3516 organo
2704 3435 2803 3498 vel
2842 3436 3127 3517 corporis
3174 3435 3485 3496 materiali

1984 3544 2184 3618 parte,
2244 3542 2397 3597 tunc
2458 3533 2799 3595 materialis
2858 3533 2997 3595 erit.
3052 3533 3215 3612 Ergo
3270 3533 3487 3595 omnia

1985 3653 2126 3716 quae
2176 3633 2424 3715 recipit,
2468 3632 2736 3713 recipiet
2785 3630 3197 3693 materialiter
3249 3648 3262 3692 :
3314 3630 3483 3712 quod

1985 3751 2245 3816 prorsus
2289 3730 2521 3794 falsum
2564 3738 2678 3792 est.
2716 3729 3052 3809 Cognoscit
3095 3729 3267 3790 enim
3314 3729 3484 3811 ipsas

1983 3849 2197 3894 rerum
2248 3829 2576 3910 simplices
2626 3829 2862 3890 formas
2910 3835 2975 3890 et
3026 3826 3374 3904 essentias3
3420 3835 3485 3889 et

1983 3950 2124 4013 quae
2174 3929 2239 3990 in
2290 3948 2355 3990 se
2408 3927 2563 4009 ipsis
2614 3924 2965 3988 materialia
3014 3932 3077 3987 et
3134 3925 3481 4005 singularia

1983 4035 2155 4102 sunt,
2203 4025 2649 4088 universaliter
2687 4033 2749 4086 et
2790 4023 3293 4086 immaterialiter
3332 4030 3484 4085 sunt

1985 4146 2051 4188 m
2093 4143 2327 4187 anima.

363 4227 730 4290 Commune
761 4231 856 4285 est
882 4239 1032 4302 ergo
1058 4221 1288 4284 animae
1320 4229 1382 4282 et
1414 4221 1871 4303 intelligemus,
1903 4227 1952 4289 D
2063 4223 2310 4293 Adhuc,
2360 4219 2570 4282 omnis
2619 4219 2822 4281 virtus
2874 4217 3221 4280 materialis
3267 4225 3483 4281 exten-

365 4326 434 4386 in
473 4320 1012 4403 contemplatione
1043 4328 1106 4382 et
1150 4321 1370 4401 primae
1409 4320 1694 4382 veritatis
1733 4340 1872 4403 spe-

361 4421 696 4485 culatione
753 4418 1070 4482 felicitari.
1121 4419 1392 4481 Necesse
1449 4427 1544 4480 est
1600 4437 1750 4500 ergo
1809 4421 1874 4480 in

365 4528 604 4582 natura
671 4518 902 4579 animae
969 4515 1458 4578 similitudinem
1531 4518 1870 4597 quamdam

363 4635 522 4681 esse
551 4635 696 4678 cum
728 4621 953 4678 natura
985 4613 1439 4694 intelligentiae.
1475 4615 1616 4676 Haec
1661 4621 1874 4676 autem

361 4713 868 4786 similitudo,vel
903 4713 1220 4774 radicatur
1251 4713 1316 4774 in
1346 4713 1560 4774 anima
1592 4713 1656 4774 in
1687 4733 1881 4795 quan-

361 4825 516 4878 tum
565 4811 908 4892 conjuncta
954 4818 1050 4873 est
1095 4818 1158 4872 et
1207 4810 1573 4892 dependens
1621 4811 1698 4872 ad
1746 4829 1878 4873 cor—

361 4933 524 4997 puS,
573 4911 672 4973 vel
724 4909 790 4972 in
841 4916 1154 4990 quantum
1213 4917 1574 4989 separatum
1634 4909 1878 4991 aliquid

359 5011 568 5076 habet
595 5009 766 5091 quod
801 5005 1287 5088 incorruptibile
1318 5007 1401 5068 sit
1428 5014 1490 5068 et
1523 5006 1682 5068 nihil
1715 5024 1878 5069 com-

363 5127 573 5174 mune
620 5105 864 5168 habens
913 5123 1062 5166 cum
1111 5121 1400 5186 corpore.
1441 5104 1722 5166 Primum
1775 5105 1880 5168 ho·

363 5225 526 5272 rum
573 5203 848 5284 intelligi
907 5221 1034 5266 non
1095 5211 1321 5285 potest.
1377 5203 1882 5285 contemplativa

367 5323 658 5388 namque
687 5301 964 5366 felicitas
995 5309 1060 5364 et
1088 5301 1312 5384 primae
1343 5301 1628 5364 veritatis
1657 5320 1880 5384 specu-

1985 4321 2231 4383 sionem
2291 4318 2484 4381 habet
2530 4316 2899 4380 extensione
2948 4316 3246 4396 subjecti,
3296 4324 3366 4378 ut
3416 4316 3480 4378 in

1987 4421 2126 4483 visu
2176 4425 2365 4500 patet.
2402 4417 2523 4479 Sed
2569 4415 2745 4478 nulla
2789 4416 2991 4478 virtus
3035 4414 3379 4478 divisibilis
3422 4423 3485 4477 et

1985 4527 2267 4588 extensa,
2313 4523 2411 4577 est
2458 4515 2764 4576 reflexiva
2810 4533 3001 4595 supra
3050 4531 3117 4575 se
3167 4514 3371 4594 ipsam
3421 4521 3486 4575 et

1988 4615 2321 4698 proprium
2367 4621 2579 4675 actum
2625 4630 2811 4673 suurn
2860 4629 2873 4672 :
2921 4629 3047 4673 non
3090 4611 3263 4673 enim
3306 4611 3482 4672 visus

1987 4715 2162 4776 videt
2206 4731 2273 4774 se
2320 4713 2529 4792 ipsum
2577 4717 2687 4771 aut
2729 4709 3059 4789 proprium
3104 4715 3337 4769 actum.
3384 4709 3482 4770 In-

1987 4811 2279 4874 tellectus
2323 4817 2535 4871 autem
2580 4806 2879 4886 intelligit
2916 4825 2981 4867 se
3027 4805 3379 4885 intelligere
3422 4814 3486 4868 et

1988 4929 2055 4972 se
2105 4910 2319 4990 ipsum
2372 4907 2561 4968 videt.
2614 4906 2749 4967 Jam
2798 4921 3053 4985 quoque
3104 4903 3171 4965 in
3216 4904 3487 4967 articulo

1989 5006 2357 5070 immediate
2398 5003 2745 5085 praehabito
2790 5001 3123 5083 probatum
3166 5010 3283 5076 est,
3317 5004 3484 5084 quod

1988 5105 2165 5167 nulla
2206 5103 2407 5164 virtus
2448 5119 2751 5183 corporea
2789 5118 2902 5161 seu
2942 5117 3173 5182 corpus
3204 5102 3487 5163 converti

1991 5203 2194 5288 possit
2234 5209 2343 5263 aut
2384 5198 2631 5262 reflecti
2676 5215 2871 5278 supra
2914 5198 3351 5280 semetipsum.
3394 5200 3490 5260 ln-

1987 5301 2281 5364 tellectus
2309 5315 2459 5381 ergo
2487 5297 2750 5361 omnino
2781 5294 3217 5358 immaterialis
3246 5305 3359 5360 est.
