4300 6259
867 485 987 552 130

1536 506 1959 554 unumunurm
1998 505 2396 554 maome-lca·
2440 524 2523 535 -·
2563 505 2642 554 DE
2683 505 2804 554 DEO
2843 507 2964 556 uNo
3005 506 3081 554 m·
3121 508 3305 556 mmo

862 676 1044 741 Pater
1074 685 1171 741 est
1198 676 1417 742 divina
1446 679 1743 755 essentia,
1774 678 1955 741 Pater
1993 684 2088 741 est
2125 683 2362 742 aeterna
2389 675 2442 740 A
2472 677 2746 760 Spiritus
2777 677 3043 741 Sanctus
3074 685 3226 742 sunt
3252 697 3420 742 unus
3449 697 3664 742 rerum
3687 677 3972 744 Creator.

860 775 1197 858 sapientia,
1246 777 1428 840 Pater
1484 784 1581 840 est
1627 777 2135 860 omnipotentia3
2185 775 2360 840 simi·

860 874 1006 938 liter
1046 875 1265 950 Filius,
1298 876 1581 958 itemque
1625 875 1899 958 Spiritus
1939 876 2230 950 Sanctus,
2261 875 2365 938 Pa·

856 980 955 1036 ter
1011 991 1266 1056 quoque
1323 982 1387 1037 et
1432 974 1649 1037 Filius.
1703 973 2129 1038 conformiter
2186 974 2363 1037 Pater

857 1078 922 1133 et
968 1070 1165 1134 Filius
1220 1091 1293 1134 ac
1351 1071 1627 1155 Spiritus
1688 1072 1956 1135 Sanctus
2015 1078 2166 1134 sunt
2224 1072 2363 1154 ipsa

858 1169 1108 1232 deitatis
1151 1171 1447 1245 essentia,
1495 1177 1558 1232 et
1602 1190 1769 1233 unus
1814 1171 1980 1232 Deus
2031 1188 2103 1232 ac
2159 1170 2362 1232 deitas

858 1267 1033 1350 ipsa3
1067 1267 1197 1332 imo
1250 1275 1401 1331 sunt
1446 1287 1614 1331 unus
1658 1268 1991 1343 Dominus,
2033 1287 2201 1329 unus
2245 1268 2360 1329 im-

858 1383 1141 1440 mensuS,
1176 1385 1343 1429 unus
1385 1373 1683 1440 aeternuS,
1717 1385 1885 1428 unus
1929 1366 2358 1448 omnipotenS,

856 1481 1025 1526 unus
1049 1464 1285 1544 ιῙιιεῖιιε,
1307 1472 1565 1528 sanctus
1596 1471 1658 1527 et
1690 1465 1967 1547 sapiens,
1987 1465 2170 1544 juxta
2201 1463 2360 1525 illud

855 1561 922 1623 in
967 1562 1269 1645 Symbolo
1303 1581 1318 1625 :
1352 1563 1490 1626 Non
1534 1571 1663 1625 tres
1702 1562 2209 1645 omnipotenteS,
2249 1561 2360 1623 sed

854 1678 1023 1723 unus
1082 1659 1517 1743 Omnipotens.
1571 1661 1748 1735 Quod
1808 1679 2033 1723 verum
2090 1668 2210 1735 est,
2261 1678 2362 1722 su-

854 1758 1091 1823 mendo
1138 1759 1541 1822 substantive
1588 1759 1725 1822 haec
1772 1757 2108 1839 adjectiva.
2144 1758 2357 1832 Porro,

2551 774 2843 857 Quinque
2874 776 3136 839 demum
3167 785 3319 840 sunt
3353 777 3668 850 notioneS,
3701 794 3847 858 quae
3889 775 3980 836 ita

2471 881 2798 950 vocantur,
2849 875 3001 957 quia
3059 893 3175 957 per
3219 893 3327 938 eas
3377 875 3788 938 innotescunt
3835 891 3980 956 per-

2473 989 2664 1046 sonae,
2715 980 2993 1055 suntque
3051 972 3331 1036 rationes
3378 970 3802 1054 cognoscendi
3850 971 3981 1032 dis·

2473 1070 2670 1133 tincte
2709 1088 3034 1153 personas,
3077 1071 3259 1134 Pater
3297 1089 3576 1153 namque
3620 1069 3830 1152 primo
3873 1086 3977 1132 co-

2470 1169 2799 1249 gnoscitur
2829 1188 2945 1252 per
2972 1169 3094 1233 hoc
3123 1170 3294 1253 quod
3325 1187 3454 1234 non
3483 1176 3584 1232 est
3607 1167 3688 1230 ab
3717 1167 3976 1250 aliquo:

2471 1266 2693 1349 sicque
2748 1269 2924 1332 notio
2980 1269 3122 1350 ejus
3180 1275 3278 1331 est
3335 1266 3799 1330 innascibilitas
3857 1284 3978 1328 seu

2473 1365 3125 1449 imprincipiabilitaS,
3140 1373 3331 1448 prout
3357 1365 3821 1428 innascibilitas
3843 1382 3976 1427 non

2473 1463 2682 1526 solum
2743 1464 3028 1527 excludit
3083 1465 3482 1527 nativitatem
3537 1463 3662 1544 (sic
3725 1462 3978 1546 quippe

2473 1561 2846 1624 conveniret
2882 1562 3076 1624 etiam
3108 1561 3376 1645 Spiritui
3408 1562 3658 1636 Sancte,
3691 1560 3802 1642 qui
3843 1576 3980 1623 non

2472 1665 2570 1721 est
2619 1665 2804 1722 natus
2854 1677 3064 1741 neque
3111 1659 3493 1741 nascibilis),
3543 1658 3656 1722 sed
3711 1675 3978 1721 omnem

2471 1757 3105 1840 principiabilitatem
3135 1776 3249 1821 seu
3279 1757 3862 1840 producibilitatem
3895 1755 3981 1818 ab

854 1857 910 1918 si
958 1856 1273 1936 adjective
1322 1856 1741 1939 accipiantur,
1794 1875 1996 1938 quum
2044 1856 2360 1936 adjectiva
2397 1851 2444 1917 B
2471 1854 2618 1918 alio.
2679 1855 2973 1919 Secundo
3031 1855 3211 1919 Pater
3267 1855 3635 1936 agnoscitur
3689 1873 3805 1938 per
3852 1854 3980 1917 hoc

854 1974 891 2016 a
940 1955 1073 2018 suis
1121 1954 1537 2018 substantivis
1586 1973 1930 2018 numerum
1988 1953 2358 2029 sortiantur,

856 2054 1338 2116 concedendum
1396 2060 1494 2117 est
1543 2071 1558 2116 :
1611 2054 1789 2117 Pater
1845 2059 1909 2115 et
1958 2053 2154 2115 Filius
2211 2059 2362 2115 sunt

855 2149 985 2214 duo
1044 2153 1367 2228 immensi,
1416 2152 1598 2215 Pater
1654 2159 1869 2214 autem
1920 2159 1984 2214 et
2040 2151 2239 2214 Filius
2297 2158 2361 2214 et

857 2251 1135 2333 Spiritus
1192 2251 1463 2314 Sanctus
1522 2257 1673 2313 sunt
1727 2257 1858 2313 tres
1918 2249 2244 2324 immensi,
2294 2249 2358 2312 id

855 2358 954 2414 est
980 2357 1109 2413 tres
1143 2351 1473 2414 immensae
1503 2369 1616 2412 seu
1649 2348 1921 2412 infinitae
1952 2366 2260 2430 personae.

1193 2559 1712 2625 PROPOSITIO
1759 2559 2013 2622 XXIII.

933 2744 1126 2810 'l'res
1170 2745 1363 2810 sunt
1420 2744 1505 2808 in
1562 2743 1866 2809 divinis
1923 2741 2357 2810 relationes

855 2843 1311 2923 personales
1347 2856 1488 2908 seu
1530 2840 2063 2922 proprietates
2095 2855 2354 2922 perso·

851 2955 1136 3008 narum
1182 2938 1755 3021 constitutivae,
1795 2942 2133 3020 quatuor
2164 2953 2356 3006 vero

850 3039 1303 3119 relationes,
1343 3040 1425 3104 et
1472 3039 1817 3120 quinque
1864 3039 2249 3105 notiones

932 3136 1109 3210 Quod
1138 3143 1255 3210 est,
1289 3135 1441 3217 quia
1471 3135 1695 3198 relatio
1733 3136 1799 3197 in
1840 3135 2077 3198 divinis
2118 3135 2356 3198 dicitur

853 3232 1227 3318 personaliS,
1242 3234 1394 3316 quia
1424 3233 1833 3296 constitutiva
1865 3239 1963 3296 est
1992 3239 2183 3297 certae
2212 3252 2353 3316 per-

849 3350 1021 3395 sonae
1053 3349 1068 3394 t
1105 3339 1175 3394 ut
1214 3332 1562 3414 paternitas
1604 3331 1763 3414 ipsa,
1799 3346 2087 3413 personae
2126 3332 2348 3407 Patris,

846 3429 1076 3493 filiatio
1107 3429 1519 3494 constitutiva
1548 3436 1646 3491 est
1663 3429 1829 3502 Filii,
1849 3428 2196 3511 processio,
2217 3430 2355 3512 Spi-

848 3528 1009 3590 ritus
1058 3527 1289 3590 Sancti.
1343 3527 1491 3601 Quae
1541 3525 1880 3589 relationes
1929 3527 2234 3589 dicuntur
2289 3535 2352 3590 et

847 3624 1268 3708 proprietates
1312 3641 1727 3706 personarum
1776 3623 2227 3700 constitutivas,
2273 3641 2350 3688 eo

847 3723 1018 3805 quod
1060 3740 1459 3805 unaquaeque
1504 3723 1789 3805 ipsarum
1835 3723 2174 3786 conveniat
2215 3729 2349 3786 tan·

846 3828 986 3884 tum
1009 3821 1121 3884 uni
1152 3839 1457 3904 personae.
1476 3821 1931 3884 Verumtamen
1953 3821 2093 3884 duae
2114 3821 2350 3885 divinae

846 3936 1135 4002 personae
1176 3919 1432 3982 realiter
1471 3919 1913 4001 producuntur
1956 3938 1993 3982 a
2035 3919 2346 4000 personis,

847 4034 974 4081 non
1004 4037 1043 4080 a
1072 4016 1489 4080 relationibus
1529 4036 1739 4100 neque
1774 4037 1811 4080 a
1852 4017 2350 4100 proprietatibus

836 4116 983 4178 istis
1018 4133 1033 4178 t
1067 4123 1223 4198 puta
1250 4114 1449 4179 Filius
1480 4135 1517 4178 a
1545 4115 1744 4191 Patre,
1778 4116 2051 4199 Spiritus
2081 4116 2349 4180 Sanctus

844 4234 883 4276 a
947 4214 1125 4277 Patre
1191 4231 1265 4276 ac
1330 4213 1515 4277 Filio:
1578 4214 1998 4296 Proprietates
2066 4232 2218 4277 vero
2282 4222 2347 4278 et
2375 4218 2424 4281 D

844 4311 1187 4375 relationes
1230 4311 1534 4373 dicuntur
1576 4326 1994 4393 personarum
2038 4313 2343 4375 constitu-

843 4410 992 4472 tivae
1050 4409 1404 4472 secundum
1467 4409 1727 4470 modum
1777 4427 1982 4472 causae
2030 4409 2341 4486 formalis,

845 4515 909 4570 et
943 4507 1125 4588 juxta
1164 4505 1736 4570 considerationem
1778 4507 2038 4570 rationis
2074 4525 2089 4570 ι
2123 4527 2344 4590 quem-

844 4605 1190 4669 admodum
1223 4602 1587 4666 differentia
1627 4604 2036 4667 constitutiva
2073 4613 2171 4668 est
2209 4625 2346 4689 spe-

844 4704 990 4777 ciei,
1040 4721 1184 4785 quoe
1231 4708 1445 4764 tamen
1497 4701 1561 4763 in
1611 4720 1679 4764 re
1729 4709 1825 4763 est
1874 4703 2120 4784 species
2181 4703 2340 4785 ipsa,

840 4803 1011 4864 sicut
1040 4799 1345 4864 rationale
1364 4806 1462 4862 est
1491 4799 1878 4864 homo—At
1897 4819 2048 4864 vero
2071 4809 2344 4884 quatuor

841 4900 1183 4964 relationes
1211 4906 1361 4962 sunt
1392 4899 1457 4961 in
1490 4899 1749 4974 divinis,
1784 4907 1938 4981 puta
1968 4901 2338 4982 paternitaS,

839 4997 1095 5072 filiatio,
1138 4996 1482 5080 processio,
1526 5004 1590 5059 et
1638 4997 2001 5060 communis
2051 4998 2340 5079 spiratio,

843 5116 971 5180 qua
998 5097 1177 5160 Pater
1206 5102 1271 5158 et
1300 5094 1495 5156 Filius
1526 5095 1893 5157 referuntur
1920 5096 1997 5158 ad
2031 5096 2342 5178 Spiritum

844 5197 1171 5268 Sanctum,
1205 5192 1391 5272 cujus
1422 5200 1573 5254 sunt
1614 5213 1780 5256 unus
1819 5193 1985 5268 fonS,
2018 5214 2187 5257 unus
2217 5195 2346 5278 spi-

848 5300 1038 5367 rator,
1088 5290 1629 5374 quemadmodum
1678 5291 1857 5353 Pater
1912 5298 1977 5354 et
2023 5292 2220 5355 Filius
2278 5303 2344 5357 et

2471 1954 2641 2036 quod
2699 1961 2796 2017 est
2854 1954 3248 2037 principium
3307 1954 3449 2017 Filii
3514 1970 3528 2016 :
3587 1952 3810 2036 sicque
3869 1970 3982 2036 pa-

2469 2050 2734 2114 ternitas
2793 2060 2891 2115 est
2948 2053 3144 2116 notio-
3181 2052 3342 2133 ejus.
3395 2051 3625 2126 Tertio,
3677 2069 3794 2134 per
3847 2051 3978 2114 hoc

2469 2150 2640 2233 quod
2681 2158 2779 2212 est
2824 2170 2951 2213 una
2995 2151 3098 2213 vel
3149 2170 3354 2213 unum
3397 2169 3546 2213 cum
3590 2149 3748 2212 Filio
3796 2149 3978 2232 prin-

2471 2248 2716 2331 cipium
2756 2248 3031 2331 Spiritus
3073 2249 3287 2312 Sancti
3321 2267 3336 2311 ε
3371 2256 3436 2312 et
3479 2249 3565 2311 ita
3608 2247 3978 2312 communis

2471 2345 2736 2429 spiratio
2794 2354 2892 2410 est
2948 2347 3124 2411 notio
3179 2347 3538 2429 utriusque.
3601 2347 3776 2410 Unde
3841 2363 3978 2409 non

2470 2445 2829 2528 appellatur
2859 2445 3239 2528 proprietas,
3271 2446 3408 2510 hoec
3439 2447 3580 2529 ipsa
3607 2445 3982 2508 communis

2470 2543 2758 2626 spirati0,
2791 2544 2944 2626 quia
2981 2562 3111 2607 non
3150 2544 3452 2608 convenit
3489 2545 3602 2607 uni
3640 2544 3982 2606 dumtaxat

2469 2661 2780 2724 personae.
2820 2642 3147 2717 Praeterea,
3180 2643 3378 2706 Filius
3421 2640 3827 2725 cognoscitur
3855 2660 3983 2724 per

2465 2740 2588 2802 hoc
2646 2741 2819 2823 quod
2885 2748 2981 2803 est
3036 2760 3073 2803 a
3119 2740 3298 2804 Patre
3355 2741 3698 2816 nascendo,
3753 2747 3820 2804 et
3877 2741 3980 2803 sic

2467 2839 2607 2918 ejus
2639 2839 2818 2903 notio
2847 2846 2945 2902 est
2972 2839 3238 2920 filiati03
3271 2847 3462 2922 atque
3493 2859 3609 2923 per
3643 2840 3764 2902 hoc
3797 2838 3980 2922 quod

2464 2937 2651 3012 aliuS,
2703 2938 3004 3001 videlicet
3059 2937 3335 3021 Spiritus
3393 2939 3684 3012 Sanctus,
3732 2945 3832 3000 est
3889 2936 3980 3002 ab

2388 3034 2432 3098 C
2466 3053 2563 3110 eo,
2605 3037 2826 3118 sicque
2859 3036 3202 3099 innotescit
3229 3036 3558 3100 communi
3591 3037 3975 3120 spiratione,

2467 3141 2539 3196 ut
2566 3141 2663 3197 est
2690 3134 2936 3197 dictum
2965 3134 3044 3197 de
3075 3135 3273 3197 Patre.
3305 3135 3658 3210 Postremo,
3689 3135 3978 3218 Spiritus

2465 3232 2732 3295 Sanctus
2791 3233 3150 3310 innotescit,
3190 3252 3307 3316 per
3364 3234 3485 3297 hoc
3546 3234 3716 3317 quod
3773 3243 3874 3298 est
3937 3257 3978 3300 a

2462 3331 2641 3394 Patre
2690 3349 2765 3393 ac
2813 3331 2973 3395 Filio
3019 3349 3032 3394 :
3078 3333 3304 3415 sicque
3346 3333 3524 3396 notio
3569 3333 3713 3414 ejus
3761 3332 3978 3397 fertur

2463 3429 2788 3512 processio
2836 3449 2951 3493 seu
3000 3431 3252 3513 passiva
3299 3431 3583 3513 spiratio.
3635 3431 3764 3496 Nec
3817 3432 3976 3497 inde

2460 3527 2776 3610 accipitur
2821 3528 2948 3590 alia
2993 3528 3168 3593 notio
3217 3528 3492 3612 Spiritus
3541 3529 3778 3604 Sancti,
3825 3549 3978 3613 pro-

2462 3625 2600 3708 prie
2632 3625 2972 3708 loquendo,
3005 3627 3176 3709 quod
3216 3626 3394 3690 nulla
3432 3645 3708 3710 persona
3745 3629 3978 3694 divina

2460 3731 2557 3788 est
2583 3723 2665 3788 ab
2687 3741 2764 3788 eo
2790 3743 2804 3786 :
2830 3725 3004 3788 notio
3033 3725 3209 3788 enim
3241 3726 3569 3790 concernit
3597 3745 3972 3809 personam,

2460 3841 2602 3904 quae
2659 3840 2896 3886 nomen
2961 3831 3060 3887 est
3123 3824 3491 3904 dignitatis3
3551 3842 3682 3888 non
3745 3834 3972 3890 autem

2459 3929 2703 4004 spectat
2750 3923 2830 3985 ad
2887 3922 3286 4003 dignitatem,
3338 3940 3470 3986 non
3525 3941 3666 3987 esse
3720 3925 3971 4008 princi·

2459 4019 2643 4101 pium
2689 4019 2984 4084 increatae
3025 4038 3333 4102 personae.

2795 4228 3317 4294 PROPOSITIO
3365 4229 3618 4294 XXIV.

2534 4413 2818 4480 Omnia
2835 4413 3006 4493 jam
3036 4415 3441 4497 praetacta,
3453 4412 3658 4484 Sunt
3682 4416 3772 4484 ln
3797 4417 3973 4487 Deo

2456 4524 2613 4576 una
2643 4511 2728 4576 et
2755 4510 3028 4576 eadem
3058 4511 3404 4592 simplex
3432 4515 3818 4584 essentia:
3845 4516 3972 4584 ld-

2453 4608 2666 4674 circo
2723 4609 2947 4674 tanta
2999 4608 3414 4678 distinctio
3467 4626 3613 4679 neo
3659 4615 3972 4684 unitati

2453 4720 2598 4772 neo
2638 4705 3147 4787 simplicitati
3195 4707 3492 4776 divinae
3536 4716 3968 4792 repugnat.

2531 4802 2708 4878 Quod
2751 4811 2870 4878 est,
2904 4805 3210 4886 quoniam
3253 4806 3323 4869 in
3367 4807 3606 4871 divinis
3645 4809 3823 4873 nulla
3859 4821 3972 4875 est

2452 4902 2832 4985 compositio
2899 4903 3111 4978 realiS,
3171 4903 3349 4967 nulla
3412 4905 3742 4971 distinctio
3803 4909 3964 4972 sub-

2453 5001 2787 5077 stantiam,
2848 5019 2968 5064 nec
3025 5002 3158 5066 ulla
3212 5002 3628 5068 accidentalis
3685 5007 3960 5082 additio,

2454 5117 2573 5160 nec
2632 5098 2991 5162 essentialis
3051 5099 3428 5182 diversitas3
3479 5103 3589 5165 sed
3637 5105 3962 5188 quidquid

2455 5197 2519 5260 in
2568 5196 2696 5259 Deo
2745 5205 2862 5271 est,
2915 5197 3396 5279 simplicissima
3444 5200 3655 5264 unitas
3701 5220 3776 5264 ac
3825 5223 3966 5268 una

2451 5294 2798 5378 purissima
2825 5295 3075 5359 exsistit
3109 5295 3403 5360 essentia.
3437 5297 3566 5361 Nec
3603 5299 3778 5363 enim
3815 5319 3962 5367 rea-
