4300 6259
42 2413 173 2468 Sep.
192 2423 255 2457 xx,
270 2413 345 2454 25.

1000 455 1423 504 mumulo
1464 448 1923 500 PmLosoPch.
1968 465 2051 478 ·-
2090 448 2170 496 DE
2212 448 2352 506 UNO,
2399 449 2558 496 vtno
2597 449 2672 496 m·
2711 449 2870 496 Bono

742 629 1261 697 PROPOSITIO
1308 627 1515 692 XCII.

454 816 771 881 Bonum
831 827 1011 879 cum
1080 813 1263 876 ente
1326 803 1873 884 convertam-3

368 913 513 980 sed
568 913 783 978 sicut
843 924 1127 978 verum
1184 905 1649 988 superaddit
1705 905 1875 970 enti

371 1009 1053 1091 comparationem
1116 1018 1261 1070 seu
1342 1001 1703 1067 ordinem
1774 999 1875 1066 ad

370 1109 907 1188 intellectum,
939 1108 1057 1171 sic
1084 1103 1381 1171 bonum
1406 1099 1873 1182 superaddit

370 1208 541 1274 enti
598 1203 1276 1286 comparationem
1336 1199 1419 1265 et
1473 1196 1873 1264 habitudi-

374 1318 559 1372 nem
598 1305 701 1370 ad
744 1301 1125 1369 affectum
1164 1311 1307 1362 seu
1347 1293 1870 1362 voluntatem.

454 1401 631 1476 Quod
679 1406 799 1472 est,
849 1397 1151 1480 quoniam
1210 1413 1325 1456 ens
1371 1391 1723 1454 absolutius
1772 1408 1876 1452 su-

376 1501 574 1562 mitur
602 1516 797 1580 quam
828 1493 1275 1558 convertibilia
1300 1491 1443 1572 ejus
1476 1507 1490 1552 :
1524 1488 1659 1552 haec
1700 1507 1875 1551 nam-

374 1616 501 1680 que
558 1595 1017 1680 proprietatem
1070 1591 1351 1674 aliquam
1398 1587 1529 1652 enti
1578 1587 1877 1670 superad-

374 1696 556 1768 dunt,
616 1702 681 1756 et
738 1694 880 1766 hoc,
942 1691 1007 1753 in
1066 1689 1307 1751 ratione
1374 1704 1487 1749 seu
1548 1684 1871 1748 intellectu

3401 429 3480 494 97

1904 619 1955 682 A
2064 618 2370 682 Praeterea
2425 617 2673 681 nullum
2735 623 2832 680 est
2891 635 3005 680 ens
3060 615 3482 680 essentialiter

1986 715 2252 788 malum,
2288 715 2415 778 imo
2458 716 2558 797 (ut
2605 713 2898 797 probavit
2939 713 3387 796 Philosophus)
3425 713 3480 775 si

1984 813 2109 876 tale
2160 815 2313 896 quid
2359 821 2547 886 esset,
2595 813 2950 876 destrueret
2998 811 3416 894 semetipsum
3461 827 3476 872 z

1982 911 2224 974 idcirco
2281 929 2684 994 nequaquam
2741 909 3106 994 ponendum
3157 918 3253 972 est
3309 928 3480 971 sum-

1985 1027 2164 1072 mum
2212 1008 2450 1070 malum
2491 1017 2794 1091 tanquam
2841 1027 2954 1070 ens
3007 1007 3354 1089 positivum
3405 1025 3480 1068 ac

1984 1113 2208 1168 natura
2265 1105 2542 1168 totaliter
2601 1105 2786 1168 mala.
2839 1106 2974 1166 lmo
3023 1123 3220 1166 unum
3271 1103 3480 1166 solum

1983 1211 2080 1266 est
2138 1221 2397 1285 purum,
2448 1201 2828 1285 perfectum,
2882 1202 3210 1264 infinitum
3270 1209 3334 1264 et
3391 1201 3484 1263 in-

1982 1299 2414 1382 comparabile
2459 1300 2720 1374 bonum,
2766 1319 2804 1362 a
2844 1317 2972 1383 quo
3019 1299 3330 1382 quidquid
3373 1317 3484 1362 en-

1986 1398 2206 1470 titatis,
2269 1397 2583 1480 quidquid
2652 1396 2952 1460 bonitatis
3021 1397 3084 1459 in
3149 1396 3293 1458 aliis
3360 1403 3478 1470 est,

1984 1495 2310 1559 derivatur
2362 1513 2374 1558 :
2433 1496 2617 1576 juxta
2677 1494 2834 1558 illud
2895 1495 3094 1558 Procli
3153 1495 3481 1568 Platonici,

1986 1593 2212 1656 Omnia
2240 1593 2794 1676 qualitercumque
2825 1593 3272 1676 participantia
3293 1592 3482 1666 bone,

1988 1693 2292 1774 praecedit
2333 1692 2504 1773 quod
2547 1686 2838 1774 appi-ime
2885 1691 3148 1764 bonum,
3195 1699 3258 1752 et
3314 1692 3484 1774 quod

376 1791 879 1870 considerantis;
911 1790 1003 1853 nil
1041 1795 1255 1850 autem
1296 1785 1465 1848 reale
1506 1784 1573 1844 in
1614 1785 1751 1865 ipsa
1780 1801 1869 1856 re,
1911 1786 1958 1850 B
1988 1791 2149 1852 nihil
2181 1791 2351 1852 aliud
2385 1798 2481 1853 est
2509 1809 2701 1872 quam
2745 1789 3003 1852 bonum.
3041 1789 3260 1852 Cetera
3300 1791 3484 1872 quip-

374 1892 443 1954 in
484 1910 613 1973 qua
655 1889 859 1952 nihilo
902 1887 1117 1950 minus
1160 1884 1577 1967 proprietates
1624 1881 1759 1944 istae
1800 1899 1874 1943 ac

372 1989 565 2052 variae
594 1986 1139 2050 considerationes
1168 1982 1537 2044 fundantur.
1552 1979 1673 2042 Res
1704 1997 1876 2041 nam-

374 2105 501 2170 que
531 2094 744 2150 creata
776 2103 901 2148 non
935 2082 1201 2166 praecise
1232 2081 1495 2143 sortitur
1522 2097 1559 2141 a
1578 2079 1705 2140 Deo
1734 2095 1875 2140 esse

374 2185 761 2268 simpliciter
804 2183 1073 2256 dictum,
1118 2179 1229 2242 sed
1274 2185 1339 2240 et
1387 2176 1717 2240 conforme
1758 2193 1878 2239 suo

374 2283 729 2366 exemplari
780 2282 845 2344 in
892 2259 1209 2352 Crantore,
1250 2295 1323 2340 ac
1373 2274 1725 2359 appetibile
1772 2291 1877 2338 vo-

376 2383 631 2455 luntati,
666 2382 798 2444 imo
840 2387 904 2444 et
946 2377 1209 2452 creanti,
1244 2376 1355 2460 qui
1396 2375 1605 2455 diligit
1646 2381 1877 2436 cuncta

374 2501 519 2562 quae
560 2479 741 2553 fecit,
786 2478 853 2540 in
897 2483 1209 2560 quantum
1255 2480 1405 2536 sunt
1438 2471 1623 2534 bona.
1658 2471 1875 2554 Itaque

373 2578 547 2641 solus
579 2579 749 2641 Deus
786 2583 883 2639 est
916 2593 1029 2638 ens
1068 2570 1569 2636 substantialiter
1607 2568 1873 2642 bonum,

374 2683 439 2738 et
480 2675 619 2758 ipse
664 2683 765 2738 est
806 2672 1179 2736 naturaliter
1222 2669 1605 2750 infinitoque
1644 2667 1873 2740 bonus,

370 2792 447 2836 ac
487 2773 745 2838 bonitas
784 2777 1095 2854 separata,
1140 2767 1549 2851 exemplaris,
1592 2765 1873 2838 fontana,

372 2869 858 2954 quomodolibet
903 2877 968 2931 et
1012 2865 1485 2930 omniformiter
1531 2862 1720 2936 bona,
1771 2880 1877 2924 cu·

371 3068 561 3131 Porro
618 3067 795 3130 aliud
852 3073 949 3128 est
1006 3063 1271 3136 bonum,
1332 3067 1638 3133 creatum,
1698 3065 1875 3122 certo

368 3183 605 3246 genere
653 3183 729 3227 ac
778 3163 993 3246 specie
1042 3161 1409 3233 limitatum,
1456 3157 1627 3240 quod
1670 3157 1871 3219 dividi

370 3270 580 3346 potest
624 3263 795 3326 sicut
836 3268 901 3324 et
942 3277 1099 3338 ens;
1140 3265 1205 3320 et
1246 3265 1485 3340 quanto
1526 3256 1681 3338 quid
1727 3255 1873 3337 plus

370 3362 565 3424 habet
620 3362 703 3424 de
758 3359 1043 3433 entitate,
1104 3363 1281 3419 tanto
1339 3355 1484 3438 plus
1542 3353 1737 3416 habet
1790 3353 1871 3415 de

368 3457 777 3523 substantiali
817 3458 937 3519 hac
974 3455 1255 3520 bonitate
1294 3453 1689 3536 participata.
1732 3451 1873 3515 Alia

372 3566 473 3620 est
514 3557 793 3632 bonitas,
844 3552 1279 3626 accidentalis,
1330 3559 1403 3614 ut
1459 3550 1873 3634 pulchritudo

370 3655 887 3738 conveniensque
934 3651 1317 3734 complexio,
1366 3669 1637 3712 acumen
1698 3649 1869 3730 inge-

369 3755 487 3828 nii,
530 3752 887 3838 praesertim
930 3749 1239 3814 naturalis
1290 3747 1625 3831 dispositio
1666 3755 1731 3808 et
1780 3746 1871 3808 in-

370 3851 635 3915 clinatio
680 3851 761 3914 ad
811 3849 1169 3932 profectum
1219 3845 1501 3909 scientiae
1548 3863 1620 3907 ac
1678 3845 1872 3907 virtu-

372 3959 507 4014 tum
567 3968 583 4014 :
646 3950 815 4012 unde
876 3945 1171 4011 nonnulli
1230 3945 1411 4008 bonte
1472 3963 1547 4007 ae
1600 3944 1869 4026 egregiae

372 4049 607 4112 indolis
646 4053 1120 4129 nuncupantur.
1153 4043 1295 4108 Alia
1324 4044 1587 4106 demum
1624 4061 1699 4105 ac
1739 4061 1867 4105 ma-

1988 1908 2065 1972 pe
2124 1889 2367 1971 aliquid
2425 1887 2954 1962 defectibilitatiS,
3005 1888 3486 1970 potentialitatis

1985 1995 2049 2049 et
2091 1987 2390 2050 vanitatis
2437 1985 2674 2050 habent
2714 1987 3092 2060 admixtum,
3123 1986 3306 2067 juxta
3346 2004 3486 2049 sen-

1984 2105 2129 2148 sum
2180 2093 2573 2168 praetactum.
2627 2085 2890 2158 ldcirco,
2939 2085 3122 2166 juxta
3167 2083 3480 2158 Boetium,

1986 2201 2113 2246 non
2165 2191 2315 2246 sunt
2369 2181 2852 2264 quomodolibet
2895 2201 2970 2246 ac
3015 2181 3486 2246 omniformiter

1986 2281 2176 2368 bona,
2237 2281 2300 2342 id
2359 2287 2458 2343 est
2522 2282 2879 2344 secundum
2943 2298 3201 2344 omnem
3273 2298 3483 2362 respe-

1986 2388 2161 2441 ctum
2213 2395 2226 2440 ε
2273 2378 2425 2460 quia
2465 2396 2583 2441 nec
2629 2379 3100 2462 comparatione
3145 2377 3296 2442 boni
3343 2377 3488 2440 infi-

1986 2476 2126 2550 niti,
2178 2494 2296 2538 nec
2357 2485 2652 2559 respectu
2707 2477 2973 2558 originis
3021 2497 3152 2540 suae
3199 2497 3282 2536 ex
3329 2496 3481 2556 qua,

1986 2583 2204 2657 utpote
2267 2574 2480 2650 nihili,
2539 2594 2748 2660 neque
2813 2575 2876 2638 in
2941 2582 3252 2659 quantum
3313 2575 3486 2638 defe-

1985 2672 2330 2748 ctibilitati,
2383 2673 2648 2736 vanitati
2705 2682 2770 2736 et
2831 2672 3128 2736 labilitati
3197 2673 3262 2735 in
3319 2673 3484 2736 nihil

1984 2771 2286 2834 admixta.

2082 2871 2162 2932 At
2229 2885 2384 2931 vero
2453 2867 2712 2930 divinus
2779 2868 3118 2952 Dionysius
3188 2868 3486 2951 perhibet
3539 2893 3602 2939 ο.
3629 2893 3771 2938 omn.

368 2970 475 3052 jus
524 2977 823 3052 respectu
878 2966 1001 3030 alia
1048 2973 1199 3028 sunt
1254 2961 1437 3046 quasi
1498 2977 1625 3026 non
1683 2960 1867 3024 bona.
1911 2962 1954 3027 C
1986 2967 2182 3030 etiam
2230 2966 2574 3049 pulchrum
2631 2967 2916 3030 converti
2966 2985 3116 3030 eum
3172 2976 3336 3030 ente.
3395 2968 3485 3030 Si·
3511 2969 3759 3002 ''w-⁶³*-

1984 3065 2250 3146 quidem
2283 3065 2347 3126 in
2379 3064 2554 3126 omni
2587 3071 2819 3139 creato,
2845 3065 3155 3147 perfectio
3187 3065 3324 3148 ipsa
3343 3084 3482 3150 spe-

1984 3162 2178 3224 cifica
2213 3162 2506 3246 quaedam
2545 3169 2643 3224 est
2682 3162 3113 3244 pulchritudo.

2062 3259 2208 3322 Haec
2255 3276 2407 3322 vero
2450 3259 2514 3321 in
2569 3258 3076 3324 Elementatione
3128 3259 3484 3342 theologica

1982 3347 2133 3418 sunt
2176 3356 2430 3438 plenius
2469 3356 2824 3418 reseranda.

2329 3565 2848 3631 PROPOSITIO
2893 3565 3134 3630 XCIII.

2058 3751 2308 3818 Omne
2349 3751 2730 3830 creatum,
2761 3747 2850 3815 in
2876 3751 3260 3831 quantum
3303 3765 3478 3832 pro-

1980 3848 2266 3915 cedens
2311 3863 2359 3915 a
2403 3847 2566 3915 Deo
2619 3849 2706 3914 tn
2772 3845 3082 3915 ratione
3127 3849 3478 3930 tr1p1101s

1978 3960 2260 4028 causae,
2321 3947 2657 4013 sortitur
2715 3948 3130 4028 unitatem,
3183 3950 3474 4015 verita·

1978 4048 2145 4112 tem
2187 4059 2278 4112 ac
2319 4044 2780 4112 bonitatem.

368 4148 473 4231 jor
501 4155 601 4210 est
637 4145 911 4219 bonitas,
951 4141 1325 4226 spiritualis,
1359 4141 1677 4215 mentalis,
1709 4140 1868 4203 inte·
1898 4145 1949 4208 D
2061 4144 2238 4218 Quod
2287 4149 2403 4216 est,
2456 4143 2606 4225 quia
2655 4143 2720 4204 in
2778 4149 3087 4226 quantum
3137 4150 3392 4206 emanat
3437 4163 3476 4208 a

374 4246 525 4320 rior,
574 4242 1113 4308 intellectualium
1152 4240 1491 4302 habituum
1529 4238 1867 4322 aequisita-

370 4365 515 4408 rum
572 4341 1093 4423 naturaliumque
1148 4339 1460 4402 virtutum
1502 4344 1568 4400 et
1608 4346 1869 4402 actuum

370 4445 741 4509 earumdem
794 4459 808 4504 ε
860 4459 939 4504 ex
986 4437 1223 4524 quibus
1274 4436 1565 4500 nonnulli
1613 4455 1869 4520 quoque

368 4542 641 4626 gentiles
678 4540 835 4604 boni
878 4548 943 4602 et
980 4537 1247 4602 virtuosi
1287 4535 1493 4599 vocati
1534 4545 1705 4610 sunt,
1738 4537 1869 4600 imo

370 4651 437 4707 et
462 4642 723 4726 quidam
754 4657 979 4703 eorum
1016 4638 1317 4720 leguntur
1352 4633 1555 4698 fuisse
1592 4635 1715 4698 viri
1758 4637 1867 4700 he-

368 4743 551 4816 roici,
602 4747 677 4803 ut
732 4740 811 4802 de
866 4739 1123 4802 Platone
1176 4734 1403 4799 asserit
1450 4733 1865 4815 AugustinuS,

370 4849 437 4906 et
473 4841 555 4903 de
596 4839 855 4903 Socrate
894 4846 959 4900 et
998 4837 1265 4900 Hectore
1307 4831 1679 4897 Aristoteles
1728 4851 1871 4917 pro·

368 4950 661 5008 testatur.
720 4939 987 5022 Insuper
1038 4936 1166 5000 alia
1220 4940 1319 4996 est
1372 4932 1561 4996 altior
1619 4931 1869 4998 bonitas

364 5045 585 5128 gratiae
631 5059 708 5104 ac
758 5037 1117 5102 infusarum
1164 5035 1517 5116 virtutum3
1560 5034 1871 5100 altissima

360 5155 578 5211 autem
612 5149 715 5206 est
744 5140 993 5204 bonitas
1021 5138 1259 5221 gloriae.
1292 5137 1381 5201 De
1410 5135 1647 5219 quibus
1678 5137 1745 5199 in
1775 5155 1871 5200 se-

358 5243 589 5332 quenti
621 5239 908 5305 editione
940 5238 1069 5303 Deo
1098 5243 1438 5322 praestante
1470 5234 1865 5300 tractabitur.

622 5376 691 5428 T.
730 5375 811 5426 33.

1979 4243 2110 4308 Deo
2150 4250 2414 4326 accepto
2459 4241 2524 4302 in
2565 4241 2808 4304 ratione
2852 4259 3058 4304 causa>
3099 4241 3471 4320 efficientis,

1978 4340 2172 4404 habet
2201 4341 2532 4414 unitatem,
2565 4357 2692 4423 qua
2721 4337 3072 4402 indivisum
3110 4348 3208 4402 est
3235 4359 3274 4402 a
3301 4359 3370 4404 se
3398 4360 3472 4405 ac

1978 4439 2260 4504 divisum
2309 4437 2390 4501 ab
2435 4436 2602 4512 aliis,
2635 4435 2878 4499 habens
2926 4437 3258 4521 proprium
3308 4459 3471 4516 esse,

1979 4545 2172 4623 prout
2225 4543 2324 4600 est
2379 4535 2692 4600 terminus
2750 4537 3192 4619 productionis
3261 4539 3472 4614 realis,

1980 4644 2135 4720 puta
2177 4635 2516 4700 creationis
2553 4653 2590 4697 a
2628 4635 2758 4700 Deo
2795 4634 3164 4698 immediate
3199 4644 3312 4698 aut
3349 4655 3478 4700 me·

1977 4736 2168 4799 diate.
2201 4734 2413 4809 Porro,
2438 4742 2627 4817 prout
2655 4734 2902 4797 fluxita
2923 4735 3052 4798 Deo
3081 4733 3202 4796 sub
3232 4737 3475 4798 ratione

1978 4855 2186 4900 causae
2233 4832 2520 4897 formalis
2572 4852 2683 4896 seu
2728 4833 3136 4915 exemplaris,
3181 4835 3478 4897 sortitum

1980 4944 2077 4998 est
2105 4935 2462 5006 veritatem,
2495 4952 2621 5015 qua
2649 4948 2766 4996 suo
2803 4932 3085 4996 increato
3123 4933 3482 5015 exemplari

1978 5037 2079 5116 (ut
2149 5033 2382 5117 patuit)
2449 5032 2904 5106 conformatur,
2971 5033 3478 5122 conformatione

1982 5135 2472 5218 qualiscumque
2510 5132 2905 5208 imitationiS,
2947 5149 3074 5195 non
3111 5133 3480 5197 similitudi·-

1982 5235 2083 5298 nis
2131 5233 2459 5297 naturalis,
2511 5233 2853 5308 Postrem0,
2903 5233 3257 5297 secundum
3307 5237 3476 5318 quod

3199 5371 3228 5423 '7
