4300 6259
927 501 1008 548 1>ss
1045 501 1276 548 mmm!
1317 500 1700 548 emusTIANAE
1741 497 2044 556 mltomAE,
2089 501 2267 548 LIBER
2310 503 2348 548 Ι.
2394 521 2475 532 —
2516 505 2655 551 Aur.
2700 503 2827 552 XXX

3309 489 3431 554 269

323 669 616 731 omnium
647 677 921 752 patrem,
947 670 1278 732 materiam
1309 687 1484 742 vero,
1511 675 1820 731 matercu-
1853 667 1904 730 Α
1935 667 2112 742 tiam,
2158 669 2239 732 ab
2292 671 2533 734 invidia
2582 672 2765 755 longe
2810 693 3071 756 prorsus
3117 674 3428 756 relegatae.

323 767 474 838 lam,
509 769 960 849 procedentem
1000 775 1214 830 autem
1249 767 1538 840 formam,
1575 767 1820 850 prolem

321 865 486 927 dixit
517 867 705 929 Plato.
741 867 918 940 Quod
948 867 1190 948 quippe
1221 867 1356 930 haec
1389 866 1617 928 idealia
1648 866 1820 928 dixe-

322 972 473 1027 runt
511 965 707 1026 Stoici
751 965 992 1046 ubique
1034 975 1100 1027 et
1135 983 1394 1047 semper
1433 984 1594 1038 esse,
1627 983 1700 1027 ac
1746 964 1825 1026 si-

325 1062 460 1124 mul
505 1082 824 1144 nusquam
867 1071 930 1125 et
970 1063 1499 1146 intemporaliter,
1543 1062 1604 1124 in
1652 1080 1822 1126 com-

325 1169 542 1222 mento
599 1161 689 1221 ait
745 1160 1026 1234 ProcluS,
1075 1162 1168 1223 sic
1228 1161 1494 1242 loquens
1542 1178 1556 1222 ε
1604 1160 1822 1241 Neque

320 1259 496 1320 enim
532 1259 694 1331 illas,
721 1258 783 1320 id
815 1266 912 1320 est
941 1259 1204 1322 deorum
1236 1259 1528 1332 virtutes,
1554 1258 1825 1340 impedit

319 1357 590 1438 aliquid,
623 1363 688 1418 et
716 1356 1014 1438 probibet
1043 1357 1444 1440 praesentiam
1475 1358 1552 1418 ad
1584 1358 1820 1418 omnia.

320 1454 542 1536 Neque
592 1453 770 1516 enim
821 1454 1110 1535 indigent
1161 1455 1318 1517 locis
1367 1463 1432 1516 et
1478 1454 1820 1528 distantiis,

323 1560 586 1633 propter
617 1550 1196 1614 inhabitudinalem
1243 1553 1320 1614 ad
1364 1552 1580 1614 omnia
1619 1551 1824 1613 excel-

322 1651 612 1722 lentiam,
663 1657 728 1712 et
779 1667 906 1712 non
952 1649 1214 1712 mixtam
1262 1649 1504 1732 ubique
1550 1669 1822 1730 praesen-

317 1749 502 1810 tiam.
519 1748 796 1830 Ideoque
820 1748 1208 1811 theoremate
1231 1748 1642 1828 nonagesimo
1659 1757 1824 1812 octa-

1933 768 2020 830 De
2091 771 2569 853 exemplaribus
2641 773 2835 854 igitur
2912 774 3135 836 formis
3203 774 3435 837 divinae

1934 867 2189 940 mentis,
2233 888 2389 950 quas
2438 871 2655 934 omnia
2700 871 3035 935 formando
3082 872 3249 934 Deus
3292 889 3437 933 con-

1933 965 2282 1047 templatur
2322 975 2383 1030 et
2426 969 2720 1050 adspicit,
2762 970 2928 1033 sicut
2968 971 3031 1032 in
3074 970 3309 1032 Timaeo
3348 969 3437 1031 ait

1935 1063 2126 1136 Plato,
2151 1065 2327 1146 operi
2360 1064 2631 1128 formam
2666 1067 2772 1129 dat
2800 1067 3017 1150 opifex
3050 1087 3223 1130 suuS.
3245 1067 3435 1148 Quip-

1937 1179 2014 1244 pe
2055 1162 2133 1223 ad
2174 1163 2555 1226 immortalis
2601 1165 2859 1246 quidem
2910 1173 2975 1228 et
3018 1165 3082 1228 in
3128 1172 3293 1226 statu
3336 1183 3435 1244 ge·

1935 1259 2136 1321 nuino
2178 1261 2579 1342 persistentis
2618 1263 2897 1344 exempli
2940 1263 3433 1326 similitudinem

1933 1363 2124 1438 atque
2190 1358 2686 1432 aemulationem,
2738 1361 2951 1442 operis
3012 1360 3296 1422 formans
3348 1359 3435 1422 ef-

1934 1452 2179 1534 figiem,
2263 1456 2603 1518 honestum
2688 1456 2933 1520 efficiat
3018 1456 3431 1520 simulacrum

1936 1570 2197 1614 necesse
2238 1561 2335 1616 est
2368 1572 2381 1615 :
2418 1555 2482 1615 id
2519 1562 2635 1629 est,
2680 1556 2897 1637 opifex
2938 1556 3103 1618 Deus
3153 1555 3434 1618 formans

1934 1650 2219 1731 effigiem
2256 1652 2470 1734 operis
2500 1653 2577 1714 ad
2609 1653 3082 1716 aemulationem
3116 1655 3436 1716 immorta-

1937 1749 2013 1810 lis
2044 1751 2349 1832 exempli,
2381 1751 2742 1814 necessario
2772 1751 3191 1814 simulacrum
3230 1753 3437 1816 efficit

321 1865 402 1909 vo
431 1846 789 1910 ait:0mnis
824 1865 1013 1909 causa
1043 1855 1334 1928 separata
1364 1846 1603 1928 ubique
1633 1847 1821 1909 simul
1859 1843 1906 1904 B
1936 1847 2298 1910 honestum.
2335 1849 2409 1912 Et
2438 1857 2534 1910 est
2564 1850 2683 1911 hoc
2714 1850 3040 1912 conforme
3070 1851 3267 1914 Boetii
3300 1870 3437 1913 ver·

319 1953 418 2007 est
449 1952 516 2008 et
547 1963 886 2027 nusquam.
921 1945 1042 2006 Has
1074 1945 1266 2025 igitur
1297 1944 1530 2008 ideales
1561 1947 1821 2020 formaS,

323 2063 440 2126 per
486 2061 558 2105 se
603 2042 1046 2123 intelligibiles
1090 2051 1153 2104 et
1196 2043 1456 2106 scibiles
1503 2044 1760 2106 aiebant
1805 2063 1818 2106 :

319 2142 630 2224 quoniam
678 2141 758 2203 ad
807 2142 1182 2204 salvandum
1227 2143 1560 2204 veritatem
1604 2160 1822 2205 conce·

323 2241 622 2321 ptionum
670 2246 1052 2312 nostrarum,
1085 2247 1150 2300 et
1191 2239 1474 2302 scientiae
1512 2259 1702 2321 quam
1743 2242 1822 2303 de

322 2337 802 2399 universalibus
828 2337 1050 2399 formis
1077 2336 1674 2410 habemuS,videtur
1699 2356 1824 2401 non

321 2435 596 2497 minime
625 2435 814 2498 talem
849 2435 1230 2516 positionem
1273 2435 1446 2498 Plato
1475 2436 1820 2499 induxisse.

323 2535 444 2596 Has
471 2551 746 2614 namque
772 2532 1005 2596 formas
1030 2532 1326 2595 dixerunt
1349 2534 1747 2606 universalia,
1763 2543 1826 2598 et

321 2650 446 2694 non
479 2631 608 2693 nisi
640 2638 787 2693 ante
819 2649 1133 2712 rem,quae
1155 2630 1364 2694 forent
1393 2633 1492 2694 sui
1523 2635 1824 2696 essentia-

322 2731 470 2793 liter
499 2729 924 2802 diffusiva,ut
952 2729 1042 2790 ait
1072 2728 1134 2791 in
1168 2739 1530 2794 commento
1550 2731 1822 2805 ProcluS,

321 2830 416 2891 sic
457 2829 730 2910 loquens
765 2845 779 2887 ε
814 2827 876 2889 Si
907 2827 1080 2889 enim
1111 2829 1412 2909 praecedit
1451 2830 1821 2892 universum

321 2925 644 2996 ordinem,
677 2924 978 2986 videlicet
1016 2925 1462 3005 hujuscemodi
1506 2927 1730 3002 forma,
1765 2935 1830 2990 et

1936 1945 2038 2018 bo,
2071 1946 2183 2027 qui
2227 1946 2317 2008 ait
2360 1963 2373 2009 ε
2416 1947 2721 2010 Mundum
2766 1955 2979 2010 mente
3023 1967 3250 2029 gerens
3294 1949 3433 2030 pul·

1935 2043 2185 2116 chrum,
2226 2043 2700 2126 pulcherrimus
2746 2045 2904 2127 ipse,
2948 2053 3016 2108 tu
3061 2054 3291 2109 cuncta
3330 2067 3433 2109 su-

1939 2159 2138 2222 perno
2206 2142 2389 2204 ducis
2454 2142 2535 2204 ab
2602 2144 2917 2226 exemplo.
2990 2143 3111 2206 Has
3177 2161 3431 2226 quoque

1937 2257 2150 2301 rerum
2194 2239 2259 2300 in
2298 2258 2551 2302 summa
2582 2247 2795 2302 mente
2832 2241 3210 2304 exsistentes
3246 2243 3435 2304 ratio-

3464 1968 3523 2013 De
3538 1969 3754 2014 Consului.

3460 2033 3531 2076 lib.
3552 2047 3611 2084 m,
3630 2037 3753 2077 metr.

1937 2356 2072 2410 neS,
2127 2337 2625 2400 intellectualem
2676 2345 2741 2400 et
2786 2339 3203 2422 archetypum
3254 2358 3467 2402 mun--

1937 2435 2090 2497 dum
2121 2435 2295 2498 Plato
2322 2436 2687 2517 appellavit.
2722 2437 2897 2500 Unde
2928 2437 2993 2498 in
3025 2439 3305 2500 secundo
3342 2439 3438 2502 Ti-

1940 2533 2081 2594 maei
2112 2533 2191 2594 de
2222 2533 2351 2595 Deo
2384 2533 2651 2615 loquens
2678 2535 2768 2596 ait
2802 2552 2817 2596 ε
2848 2535 2927 2596 At
2957 2553 3108 2599 vero
3146 2544 3216 2598 ut
3255 2556 3436 2600 mens

1939 2629 2124 2710 cujus
2173 2630 2350 2692 visus
2400 2631 2982 2714 contemplatioque
3030 2640 3129 2695 est
3186 2634 3433 2698 intelle·

1939 2735 2101 2802 ctuS‚
2137 2729 2423 2792 idearum
2457 2747 2691 2810 genera
2730 2731 3199 2812 contemplatur
3236 2733 3301 2794 in
3344 2733 3437 2795 in-

1941 2826 2261 2907 telligibili
2286 2826 2712 2908 mund03quae
2734 2828 2891 2890 ideae
2912 2838 3059 2891 sunt
3082 2829 3174 2892 illi
3196 2832 3437 2894 anima-

1939 2923 2169 2986 liazsic
2191 2924 2357 2987 Deus
2390 2925 2453 2987 in
2486 2925 2607 2988 hoc
2641 2927 2878 2990 mundo
2910 2927 3201 2990 sensibili
3232 2929 3437 2992 diver·

321 3023 544 3084 omnia
591 3021 1034 3084 coessentialia
1071 3023 1146 3084 ad
1195 3024 1406 3106 ipsum
1457 3026 1828 3088 coordinan-
1861 3020 1904 3084 C
1938 3041 2004 3084 sa
2044 3022 2418 3085 animalium
2463 3041 2697 3104 genera
2738 3025 2958 3087 statuit
2998 3043 3139 3088 esse
3180 3026 3431 3091 debere.

323 3129 450 3193 tur,
503 3121 718 3202 palam
769 3121 922 3201 quia
970 3121 1080 3183 illa
1127 3121 1233 3184 dat
1283 3123 1584 3185 omnibus
1634 3143 1826 3186 unam

323 3220 536 3281 ideam
570 3219 924 3281 secundum
957 3237 1148 3300 quam
1182 3219 1302 3281 sub
1341 3222 1562 3283 eodem
1604 3221 1826 3284 ordine

325 3318 806 3380 coordinantur.

699 3579 1192 3646 ARTICULUS
1236 3581 1458 3644 XXX.

322 3725 420 3784 De
453 3739 768 3798 processu
808 3723 1112 3781 universi
1149 3743 1188 3781 a
1223 3725 1442 3797 primo
1475 3724 1828 3782 secundum

477 3813 910 3871 tradicionem
953 3813 1258 3872 Platonis
1301 3814 1372 3870 in
1419 3813 1676 3871 Timoeo.

431 4005 892 4069 'VESTIGANS
936 4005 1236 4087 equidem
1282 4005 1346 4067 in
1387 4005 1620 4069 Timaeo
1659 4006 1831 4068 Plato

429 4105 908 4167 emanationem
951 4105 1393 4167 universorum
1426 4124 1462 4167 a
1491 4105 1702 4186 primo
1740 4124 1832 4167 re-

2017 3121 2231 3194 Qualis
2279 3122 2491 3184 denuo
2540 3123 2623 3184 sit
2680 3122 2799 3186 iste
2850 3124 2913 3186 in
2963 3125 3172 3206 prima
3222 3135 3435 3190 mente

1937 3219 2320 3302 archetypus
2378 3221 2679 3294 munduS,
2734 3221 2979 3284 inducit
3035 3222 3229 3298 Plato,
3281 3225 3436 3288 dum

1935 3319 2023 3382 ait
2058 3337 2070 3380 :
2107 3319 2287 3382 Certe
2328 3319 2598 3382 dubium
2640 3339 2766 3384 non
2806 3329 2923 3395 est,
2956 3323 3031 3384 ad
3074 3323 3438 3403 cujusmodi

1936 3418 2305 3499 exemplum
2337 3417 2859 3481 animadverterit
2890 3421 3194 3484 mundani
3226 3424 3438 3505 operis

1938 3515 2353 3578 fundamenta
2384 3517 2802 3592 constituens,
2836 3526 3051 3582 utrum
3089 3520 3165 3582 ad
3210 3521 3440 3584 immu-

1937 3613 2157 3687 tabile,
2189 3623 2299 3676 aut
2327 3615 2405 3677 ad
2436 3614 2851 3678 elaboratum.
2886 3616 3043 3679 Nam
3086 3619 3136 3680 si
3178 3619 3279 3699 (ut
3316 3621 3441 3700 est)

1938 3711 2417 3794 pulchritudine
2463 3713 2947 3795 incomparabili
2998 3717 3275 3779 mundus
3318 3727 3436 3794 est,

1935 3809 2281 3892 opifexque
2320 3809 2462 3890 ejus
2506 3811 2830 3892 optimus;
2882 3814 3295 3895 perspicuum
3344 3824 3442 3878 est

1938 3909 2106 3990 quod
2172 3909 2355 3989 juxta
2415 3909 2679 3972 sincerae
2750 3917 2939 3990 atque
3014 3910 3437 3977 immutabilis

1939 4006 2345 4088 proprietatis
2376 4006 3005 4087 exemplum‚mundi
3038 4011 3117 4070 sit
3151 4010 3437 4075 instituta

1943 4106 2207 4168 molitio.
2244 4105 2492 4167 Etenim
2526 4104 2773 4186 primus
2806 4105 3143 4181 factorum,
3175 4117 3271 4170 est
3308 4128 3435 4173 non

323 4184 470 4265 rufn
513 4203 754 4285 opifice
800 4202 950 4276 Deo,
995 4204 1300 4265 mundani
1344 4203 1556 4286 operis
1601 4203 1832 4266 machi·
1860 4210 1909 4272 D
1942 4201 2146 4264 factus
2174 4219 2190 4280 3
2222 4202 2421 4264 factor
2462 4208 2673 4263 autem
2724 4220 2849 4265 non
2895 4201 3123 4278 factuS,
3164 4213 3437 4270 aeternus

325 4321 474 4364 nam
521 4321 564 4363 a
607 4301 812 4382 primo
858 4301 1242 4383 profluxisse
1284 4309 1693 4364 contestatur.
1731 4302 1830 4364 Et-

323 4401 502 4462 enim
555 4400 1000 4462 universorum
1045 4400 1398 4462 effectuum
1438 4401 1830 4482 principium

325 4499 534 4561 Deum
589 4497 694 4558 ait.
747 4497 988 4570 Denuo,
1039 4497 1374 4560 formalem
1420 4500 1642 4562 mundi
1687 4519 1831 4562 cau-

323 4617 460 4660 sam
515 4595 919 4677 exemplares
977 4595 1208 4658 divinae
1267 4597 1500 4659 mentis
1560 4598 1833 4661 rationes

324 4695 641 4757 nominat.
677 4693 888 4766 Porro,
929 4693 1162 4756 divinae
1205 4693 1506 4757 bonitatis
1549 4695 1833 4777 superef-

323 4794 648 4858 fluentem
693 4791 1070 4871 largitatem,
1104 4809 1175 4852 ac
1207 4791 1408 4854 divini
1450 4811 1590 4856 esse
1628 4793 1832 4855 imita-

323 4893 574 4954 tionem
606 4889 870 4953 finalem
913 4889 1160 4950 inducit
1190 4888 1324 4951 fore
1354 4909 1608 4954 causam
1655 4911 1838 4954 mun-

323 4991 509 5053 danae
582 4987 956 5050 molitionis.
1019 4986 1234 5049 Voluit
1299 4988 1538 5070 quippe
1607 4999 1833 5052 cuncta

323 5088 506 5150 effici
541 5087 734 5159 DeuS,
769 5093 840 5146 ut
869 5105 998 5148 suae
1031 5085 1334 5148 bonitatis
1375 5085 1583 5148 forent
1621 5090 1836 5151 omnia

323 5185 749 5268 participium
795 5185 1082 5265 gerentia
1125 5202 1138 5246 :
1180 5193 1242 5246 et
1289 5183 1409 5246 boc
1457 5202 1584 5247 non
1634 5187 1837 5249 voluit

327 5284 456 5348 nisi
519 5282 604 5346 ob
663 5301 794 5344 suae
854 5280 1152 5345 bonificae
1199 5289 1439 5344 naturae
1484 5282 1834 5347 exuberan-

1942 4309 2054 4364 est.
2093 4301 2377 4382 Denique
2408 4299 2629 4373 factor,
2664 4319 2789 4364 non
2824 4321 2973 4366 casu
3014 4311 3123 4366 aut
3159 4304 3434 4380 fortuna,

1943 4401 2053 4462 sed
2103 4399 2563 4480 sapientialiter
2606 4417 2816 4480 agenS,
2857 4402 3069 4483 operis
3108 4405 3207 4466 sui
3257 4407 3439 4469 ratio-

1943 4519 2088 4561 nem
2135 4497 2324 4560 habet
2369 4506 2432 4560 et
2473 4499 2802 4581 prospicit.
2846 4500 2970 4562 Aut
3012 4520 3160 4584 ergo
3202 4505 3279 4567 ad
3326 4507 3440 4568 im-

1947 4596 2320 4659 mutabilem
2370 4596 2863 4678 aeternalemque
2920 4599 3229 4663 rationem
3276 4620 3437 4684 opus

1943 4713 2132 4757 suum
2165 4694 2381 4768 refert,
2414 4703 2523 4756 aut
2562 4702 2733 4756 certe
2772 4695 2851 4756 ad
2889 4699 3431 4763 commutabilem.

1942 4794 2076 4856 Non
2108 4801 2322 4854 autem
2356 4799 2561 4873 potest
2590 4792 2804 4854 aeterni
2838 4794 3083 4872 agentis
3114 4797 3271 4859 ratio
3300 4817 3437 4860 mu-

1943 4891 2157 4953 tabilis
2202 4910 2339 4952 esse
2376 4899 2485 4952 aut
2525 4890 2706 4952 facta.
2752 4890 3023 4953 Haberet
3061 4894 3233 4958 enim
3275 4898 3438 4978 prio-

1945 5009 2080 5052 rem
2111 5008 2179 5052 se
2209 4990 2751 5068 rationem,quum
2782 4989 2857 5050 ad
2890 4992 3186 5054 aeternale
3216 5001 3279 5056 et
3310 5014 3435 5059 non

1945 5089 2207 5160 factum,
2241 5085 2694 5148 commutabile
2739 5103 2927 5148 omne
2956 5095 3021 5150 et
3059 5088 3297 5154 factum
3341 5113 3437 5158 re·

1945 5187 2231 5248 ducatur.
2278 5183 2471 5245 Primi
2524 5202 2675 5263 ergo
2713 5183 2970 5266 opificis
3025 5188 3186 5250 ratio
3232 5192 3439 5256 omni-

1942 5302 2023 5347 no
2063 5281 2311 5345 stabilis
2358 5290 2473 5357 est,
2514 5289 2579 5344 et
2630 5300 2755 5344 non
2804 5282 3141 5348 elaborata.
3186 5286 3297 5352 Cui
3339 5310 3437 5356 as·
