4300 6259
1381 1554 2351 1668 PROOEMIUM

558 2298 778 2356 valent
813 2296 1206 2371 comparari.
1243 2293 1420 2356 Prov.
1455 2310 1546 2366 m,
1581 2291 1676 2355 15.

649 2402 997 2464 Increatam
1030 2400 1410 2483 sapientiam
1431 2399 1540 2463 Dei
1573 2406 1821 2463 constat
1847 2399 2164 2463 universis
2194 2397 2423 2461 creatis
2453 2397 2519 2460 in
2552 2396 2881 2459 infinitum
2912 2396 3413 2480 praestantiorem

309 2510 678 2575 consistere.
722 2509 912 2573 Porro
959 2508 1274 2591 sapientia
1312 2506 1762 2571 intellectualis
1802 2512 2106 2571 creaturae
2145 2513 2243 2569 est
2280 2504 2517 2588 duplex
2561 2522 2575 2567 z
2618 2523 2747 2567 una
2784 2503 3248 2587 philosophica,
3290 2504 3415 2566 alia

309 2616 682 2698 theologica.
719 2616 796 2678 Et
831 2616 911 2679 de
951 2622 1216 2697 utraque
1257 2613 1758 2678 innumerabiles
1800 2613 1948 2676 libri
1986 2619 2137 2676 sunt
2174 2612 2370 2691 editi;
2403 2630 2522 2675 nec
2560 2610 2862 2675 omnihus
2902 2617 3083 2673 vacat
3119 2617 3230 2672 aut
3256 2610 3415 2673 libet

309 2726 520 2806 legere
565 2741 806 2787 omnes.
855 2722 1128 2806 Expedit
1169 2740 1321 2804 ergo
1363 2728 1700 2803 utramque
1746 2720 2200 2803 compendiose
2232 2719 2679 2801 perstringere,
2726 2726 2791 2781 et
2833 2718 2911 2781 de
2960 2726 3229 2799 utraque
3271 2736 3412 2799 spe-

307 2830 534 2894 cialem
595 2829 1150 2913 summariumque
1202 2829 1501 2912 componi
1559 2836 1922 2903 tractatum,
1975 2829 2040 2890 in
2091 2845 2221 2909 quo
2278 2826 2732 2891 eminentiores
2791 2824 3415 2907 comprehendantur

309 2938 642 3003 sententiae
681 2956 794 3001 seu
837 2937 1115 3001 materiae
1150 2954 1164 2999 :
1195 2937 1387 3020 quod,
1421 2943 1732 3019 quantum
1772 2936 2048 3019 desuper
2077 2955 2112 2998 a
2143 2936 2337 2998 totius
2378 2933 2553 2997 fonte
2592 2933 2922 3016 sapientiae
2961 2932 3157 2995 fuerit
3185 2931 3413 2994 condo-

309 3053 554 3119 natum,
612 3062 798 3127 agere
847 3042 980 3125 jam
1038 3043 1333 3108 conabor.
1391 3044 1724 3127 Quumque
1778 3043 2184 3126 philosophia
2224 3042 2303 3105 ad
2352 3042 2735 3123 theologiam
2792 3041 2876 3103 sit
2928 3040 3321 3122 dispositiva,
3376 3057 3414 3101 a

309 3152 755 3237 philosophica
784 3150 1099 3234 sapientia
1128 3151 1459 3215 inchoabo.
1481 3152 1656 3215 Unde
1686 3158 1750 3213 et
1779 3169 1941 3233 opus
1971 3150 2090 3213 hoc
2121 3149 2693 3213 Elementationem
2728 3146 3237 3231 philosophicam
3268 3162 3411 3209 reor

308 3260 766 3323 intitulandum
818 3275 833 3321 ε
878 3258 944 3320 in
991 3276 1118 3341 quo
1163 3277 1277 3341 per
1321 3257 1788 3342 propositiones
1833 3258 2196 3340 procedam,
2238 3256 2475 3340 quihus
2520 3255 2898 3319 brevissima
2940 3262 3191 3317 nectam
3236 3270 3407 3315 com-

309 3366 638 3431 mentaria.

311 2184 1008 2459 PRE'TIOSIOR
1034 2196 1126 2249 est
1156 2186 1482 2263 sapientia
1508 2186 1760 2247 cunctis
1789 2186 2052 2263 opibus,·
2077 2192 2136 2245 et
2166 2184 2387 2245 omnia
2414 2202 2560 2263 quoe
2588 2183 3079 2253 desiderantur,
3101 2183 3257 2243 huic
3284 2201 3415 2243 non
