4300 6259
940 494 1019 541 ΒΕ
1059 495 1287 542 anrm
1326 496 1709 542 cums'rmrffl
1748 496 2049 553 THEORIAE,
2093 497 2270 545 LIBER
2311 498 2376 543 11.
2421 515 2492 526 —
2542 498 2681 543 ΛΒΤ.
2727 496 2856 543 xvu

3329 468 3448 541 407

348 679 459 725 mo
487 663 767 746 principi
799 664 1067 727 debetur
1094 666 1435 747 singularis
1477 667 1701 740 honor,
1735 666 1845 747 qui
1876 664 1929 727 A
1962 665 2193 729 ficiens
2224 684 2339 749 pro
2371 666 2722 748 indigentia
2752 668 2844 730 rei
2875 665 3261 740 creatae‚nisi
3283 684 3453 728 sum-

348 762 511 823 nulli
558 762 740 825 alteri
785 764 895 846 qui
940 763 1063 826 suh
1106 782 1183 828 eo
1226 772 1343 838 θεῖ,
1377 764 1847 847 impendendus

348 868 461 922 est.
500 862 631 923 Deo
674 880 847 943 ergo,
880 863 989 945 qui
1036 864 1326 926 omnium
1376 865 1682 926 Dominus
1728 871 1844 933 est,

349 967 410 1020 et
467 960 721 1023 cunctis
780 961 1368 1043 incomparabiliter
1422 962 1849 1044 superexalta-

350 1062 474 1128 tus,
527 1055 799 1119 debetur
856 1057 1177 1138 singulare
1236 1058 1619 1139 obsequium
1678 1056 1847 1139 quod

352 1153 535 1215 latria
578 1164 862 1217 vocatur.

428 1254 747 1334 AmpliuS,
784 1272 899 1335 pro
928 1271 1181 1317 summo
1222 1253 1542 1317 beneficio
1580 1252 1849 1315 debetur

350 1350 647 1431 specialis
686 1352 1045 1430 venerati03
1090 1360 1155 1415 et
1196 1352 1256 1415 ei
1298 1351 1408 1434 qui
1454 1352 1847 1434 incompara-

352 1448 505 1510 bilia
539 1449 703 1511 bona
736 1450 1021 1531 largitur,
1054 1459 1151 1513 est
1192 1449 1714 1532 incomparabilis
1756 1468 1848 1511 re-

352 1548 637 1609 verentia
695 1547 1075 1611 exhibenda.
1132 1548 1251 1611 Sed
1302 1567 1379 1609 ex
1440 1547 1849 1629 praeinductis

354 1645 561 1725 palam
628 1653 747 1719 est,
811 1647 981 1727 quod
1050 1645 1444 1709 beneficium
1511 1646 1849 1709 creationis

352 1742 655 1805 omnibus
699 1764 735 1806 a
779 1743 988 1825 primo
1032 1744 1433 1826 impertitum
1478 1753 1595 1817 θεῖ,
1640 1763 1677 1805 a
1723 1762 1852 1825 quo

1961 784 2102 827 mus
2155 766 2320 827 Deus
2368 782 2381 826 :
2433 764 2568 847 ipse
2615 766 2786 828 enim
2831 766 3006 829 solus
3047 772 3144 827 est
3186 763 3452 826 ultimus

1961 881 2174 925 rerum
2211 862 2382 931 finis,
2419 862 2698 944 primum
2743 862 3136 944 principium
3177 860 3452 933 essendi,

1960 968 2023 1023 et
2062 960 2202 1023 sine
2245 960 2430 1042 cujus
2475 962 2954 1024 conservatione
3001 960 3092 1022 nil
3143 960 3346 1042 possit
3391 959 3455 1020 in

1960 1058 2095 1121 solo
2127 1058 2256 1120 ictu
2289 1058 2458 1121 oculi
2489 1058 2840 1121 subsistere
2869 1066 2980 1121 aut
3005 1058 3190 1120 alteri
3229 1057 3458 1120 subve-

1960 1157 2118 1219 nire.
2173 1157 2352 1219 Sicut
2399 1156 2592 1238 igitur
2640 1158 2779 1239 ipse
2828 1164 3076 1219 tantum
3127 1164 3223 1219 est
3268 1173 3459 1219 verus

1962 1256 2151 1328 DeuS,
2185 1256 2278 1317 sic
2309 1254 2428 1318 soli
2459 1256 2518 1318 ei
2551 1264 2646 1318 est
2678 1274 2827 1317 vera
2867 1255 3067 1318 latriae
3105 1254 3460 1317 reverentia

1960 1353 2323 1416 exhibenda
2355 1372 2368 1415 ε
2405 1354 2507 1415 cui
2541 1354 2733 1417 debet
2773 1353 2964 1416 homo
3007 1352 3320 1436 quidquid
3364 1358 3461 1414 est

1958 1459 2067 1513 aut
2112 1450 2321 1513 habet.
2361 1452 2724 1526 Enimvero,
2759 1452 2969 1513 cultus
3003 1450 3200 1514 latriae
3229 1450 3306 1513 ad
3339 1450 3458 1513 hoc

1961 1549 2186 1620 tendit,
2209 1556 2278 1611 ut
2309 1550 2374 1611 in
2407 1550 2592 1612 nobis
2623 1549 2901 1612 firmiter
2931 1549 3455 1630 radicetur,quod

1960 1648 2044 1709 sit
2094 1666 2260 1709 unus
2321 1649 2620 1729 princeps
2678 1655 2743 1710 et
2798 1648 3088 1730 provisor
3143 1646 3455 1720 omnium,

1961 1762 2330 1827 comparem
2359 1763 2486 1808 non
2519 1745 2782 1820 bahem,
2816 1755 2877 1809 et
2909 1745 3032 1808 sibi
3065 1764 3180 1827 per
3217 1762 3284 1807 se
3327 1744 3459 1807 suf·

352 1859 510 1912 esse,
545 1842 787 1915 vivere,
824 1842 1203 1923 intelligere,
1228 1848 1293 1903 et
1320 1842 1531 1905 omnis
1563 1841 1851 1905 substan·
1886 1838 1933 1899 B
1962 1844 2210 1905 ficiens,
2267 1844 2394 1907 Hoc
2443 1852 2658 1906 autem
2710 1844 2987 1907 maxime
3046 1843 3354 1916 efficitur,
3406 1843 3460 1905 si

352 1939 519 2001 tialis
567 1938 819 2002 bonitas
867 1948 1055 2022 atque
1112 1946 1359 2014 natura,
1410 1948 1711 2023 tanquam
1774 1960 1851 2003 ex

354 2037 715 2118 largissimo
772 2039 989 2101 datore
1048 2038 1297 2101 cunctis
1356 2038 1852 2121 primordialiter

354 2135 823 2198 communicata
859 2145 1027 2199 sunt.
1063 2136 1191 2200 Soli
1231 2155 1380 2218 ergo
1422 2138 1549 2199 Deo
1588 2144 1651 2199 et
1690 2136 1849 2198 nulli

354 2251 613 2315 prorsus
642 2233 845 2307 alteri,
871 2234 1069 2297 latriae
1098 2234 1331 2307 cultuS,
1350 2234 1460 2317 qui
1492 2242 1589 2297 est
1618 2234 1853 2316 dignis-

355 2332 511 2393 sima
568 2332 899 2395 servitutis
954 2332 1225 2415 specieS,
1276 2340 1375 2395 est
1432 2333 1845 2415 praestandus,

354 2431 676 2504 Praeterea,
728 2448 951 2493 omnes
1004 2449 1209 2494 causae
1256 2431 1552 2494 secundae
1598 2449 1850 2513 compa-

356 2537 571 2591 rantur
629 2530 707 2591 ad
760 2531 1033 2612 primam
1087 2530 1255 2593 sicut
1304 2530 1725 2592 instrumenta
1772 2530 1849 2591 ad

356 2627 693 2703 artificem,
727 2628 895 2690 sicut
926 2629 1209 2691 medium
1242 2629 1320 2691 ad
1353 2628 1575 2701 finem,
1596 2636 1659 2690 θῖ
1686 2628 1851 2690 sicut

360 2726 645 2789 minister
690 2728 769 2789 ad
821 2727 1172 2790 dominum.
1213 2728 1381 2789 Deus
1430 2727 1603 2789 enim
1654 2746 1733 2789 ex
1783 2746 1849 2787 se

360 2833 583 2887 cuncta
631 2826 929 2899 instituit,
982 2833 1046 2887 et
1090 2825 1234 2887 aliis
1291 2824 1517 2905 agendi
1579 2824 1848 2887 formam

362 2924 709 3005 praestituit.
734 2924 907 2986 Nihil
939 2941 1089 3003 ergo
1120 2932 1263 3005 post
1290 2942 1618 2985 summum
1650 2922 1851 2985 Deum

1960 1942 2111 2003 huic
2157 1960 2410 2003 summo
2451 1942 2578 2004 Deo
2619 1942 2863 2003 cultum
2905 1941 3251 2023 specialem
3289 1941 3463 2005 exhi-

1960 2039 2250 2113 beamuS,
2285 2058 2412 2122 quo
2456 2038 2706 2102 nullum
2747 2039 2945 2102 alium
2985 2038 3252 2120 dignum
3293 2038 3461 2119 judi-

1962 2156 2225 2217 camus;
2259 2138 2404 2201 talis
2435 2144 2646 2200 autem
2691 2136 2901 2199 cultus
2939 2136 3123 2199 latria
3163 2143 3261 2199 est
3293 2153 3307 2197 :
3342 2136 3460 2199 soli

1963 2254 2112 2318 ergo
2144 2236 2274 2298 Deo
2318 2237 2456 2318 ipsa
2500 2236 2926 2317 impertienda
2955 2244 3070 2298 est.

2042 2334 2255 2408 Porro,
2288 2334 2510 2416 opinio
2541 2334 2648 2396 illa
2679 2354 2820 2417 quae
2852 2335 3033 2416 ponit
3076 2334 3277 2395 Deum
3321 2351 3461 2396 esse

1962 2434 2244 2495 animam
2295 2432 2540 2505 mundi,
2589 2432 2850 2495 omnino
2900 2432 3058 2495 falsa
3106 2439 3224 2504 est,
3274 2438 3338 2494 et
3397 2432 3460 2493 in

1964 2531 2175 2612 primo
2218 2550 2387 2612 saepe
2435 2530 2776 2603 destructa,
2829 2530 2938 2592 ubi
2985 2529 3322 2613 probatum
3367 2536 3464 2591 est

1963 2629 2133 2711 quod
2169 2630 2333 2691 Deus
2364 2636 2462 2691 est
2491 2647 2650 2710 pura
2687 2628 2960 2701 bonitaS‚
2995 2627 3156 2689 nulli
3195 2627 3460 2690 commi-

1964 2727 2234 2801 scibilis,
2285 2735 2347 2789 et
2397 2727 2462 2788 in
2521 2746 2588 2789 se
2649 2726 2789 2808 ipso
2851 2725 3465 2789 incommutabiliter

1964 2825 2338 2887 subsistens.
2377 2824 2484 2886 His
2513 2832 2725 2886 autem
2759 2823 3462 2905 positionibus-irratio-

1964 2922 2307 2986 nabiliores
2339 2930 2492 2985 sunt
2530 2929 2756 2985 ceterae
2794 2942 2937 3005 quae
2972 2922 3105 3002 jam
3151 2930 3464 3004 praetactae

358 3029 450 3083 est
504 3039 662 3103 pure
710 3021 1034 3094 domium,
1086 3022 1197 3084 sed
1256 3040 1371 3103 per
1427 3040 1495 3082 se
1544 3028 1641 3083 est
1686 3018 1926 3082 sicutC
1963 3030 2129 3083 sunt.
2195 3022 2398 3084 Homo
2457 3022 2629 3083 enim
2689 3028 2784 3082 est
2844 3020 3049 3082 factor
3107 3020 3462 3101 imaginum

360 3138 597 3193 servuS,
640 3138 756 3201 per
792 3119 1092 3181 accidens
1130 3127 1343 3182 autem
1385 3119 1705 3181 dominus.
1739 3118 1849 3181 La-

358 3217 473 3279 tria
516 3226 727 3280 autem
784 3218 845 3279 ei
896 3216 1255 3280 exhibenda
1299 3224 1397 3279 est
1441 3217 1551 3300 qui
1600 3224 1847 3279 tantum

359 3316 651 3378 dominus
694 3324 809 3378 est.

430 3414 673 3489 Adhuc,
707 3414 875 3476 sicut
908 3431 1007 3475 res
1038 3421 1133 3476 est
1172 3412 1359 3486 bona,
1392 3412 1485 3474 sic
1525 3419 1617 3475 est
1657 3432 1844 3475 vene-

359 3511 561 3573 randa.
598 3512 776 3585 Quod
808 3510 1002 3591 igitur
1034 3530 1147 3593 per
1179 3530 1247 3573 se
1279 3510 1519 3573 bonum
1556 3518 1673 3584 est,
1708 3528 1845 3593 pro·

358 3617 490 3690 pter
517 3629 585 3671 se
616 3612 828 3691 ipsum
858 3609 1141 3672 finaliter
1170 3608 1506 3672 colendum
1540 3610 1842 3682 est.Quod

354 3715 557 3769 autem
588 3708 908 3790 dependet
934 3708 1010 3771 ad
1040 3707 1238 3781 aliud,
1260 3726 1454 3788 egens
1484 3714 1547 3769 et
1579 3708 1641 3768 in
1670 3708 1843 3769 aliud

355 3826 419 3867 se
447 3814 845 3879 convertens,
878 3814 975 3868 est
1012 3824 1127 3887 per
1162 3806 1459 3868 accidens
1500 3824 1610 3869 seu
1654 3805 1843 3887 parti-

357 3904 621 3986 cipative
648 3905 892 3967 bonum
929 3922 943 3966 ε
978 3923 1104 3968 non
1137 3911 1232 3966 est
1262 3922 1412 3986 ergo
1440 3905 1499 3965 ei
1529 3905 1692 3966 sicut
1724 3904 1751 3967 f
1756 3906 1842 3966 ini

356 4012 458 4065 aut
504 4012 764 4086 propter
810 4023 879 4066 se
938 4004 1147 4085 ipsum
1206 4003 1416 4064 cultus
1473 4003 1846 4085 impenden-

360 4103 489 4165 dus.
529 4104 737 4166 Latria
782 4109 997 4165 autem
1040 4101 1309 4164 debetur
1348 4101 1543 4163 alicui
1586 4110 1845 4184 propter

1962 3138 2119 3201 quas
2151 3118 2372 3181 colunt
2411 3119 2777 3182 idololatrae.
2816 3119 2892 3180 Et
2933 3126 3078 3181 ante
3126 3116 3463 3199 probatum

1960 3226 2077 3291 est,
2126 3218 2296 3299 quod
2345 3236 2471 3280 non
2523 3219 2652 3280 sint
2701 3236 2850 3280 vere
2899 3216 3212 3279 animatae.
3263 3216 3463 3279 Homo

1961 3336 2112 3398 ergo
2171 3316 2512 3378 sublimior
2555 3323 2651 3377 est
2708 3315 2836 3377 illis
2896 3313 3084 3377 idolis
3135 3333 3248 3376 seu
3307 3314 3461 3376 ima-

1958 3415 2239 3496 ginibus.
2293 3414 2580 3495 Denique
2639 3413 2907 3475 dubium
2966 3432 3092 3475 non
3151 3420 3248 3475 θεῖ
3303 3412 3459 3494 quin

1958 3513 2274 3584 diaboluS‚
2318 3513 2428 3593 qui
2475 3532 2511 3574 a
2559 3512 2880 3594 principio
2930 3511 3054 3585 sui,
3097 3510 3460 3573 Divinitatis

1957 3611 2327 3692 concupivit
2355 3610 2566 3674 sortiri
2598 3610 2863 3672 nimiam
2897 3608 3460 3691 aequalitatem‚in-

1956 3710 2286 3789 stigaverit
2318 3709 2508 3771 corda
2538 3707 2875 3769 hominum
2911 3708 2989 3769 ad
3021 3705 3457 3769 exhibendum

1957 3809 2156 3870 latriae
2187 3807 2431 3870 cultum
2463 3807 2608 3868 aliis
2655 3824 2848 3887 quam
2889 3823 3040 3867 vero
3080 3805 3206 3866 Deo
3241 3821 3254 3864 :
3290 3804 3458 3866 ideo·

1956 3926 2081 3987 que
2121 3913 2189 3967 ut
2221 3904 2409 3977 valet,
2445 3921 2698 3985 semper
2742 3902 2970 3981 satagit
3011 3900 3165 3962 talia
3206 3902 3456 3982 operari

1956 4023 2069 4086 per
2100 4022 2166 4065 se
2197 4010 2261 4065 et
2303 4001 2626 4063 ministros
2673 4018 2842 4072 ευοε,
2875 3999 2952 4061 ad
3001 3998 3456 4061 corroboratio-

1955 4121 2101 4165 nem
2136 4100 2457 4163 fallacium
2490 4118 2747 4160 suarum
2785 4098 3455 4179 institutionum,qua-

362 4222 425 4265 se
466 4203 697 4285 ipsum.
747 4202 875 4265 Soli
926 4220 1075 4283 ergo
1119 4200 1212 4262 illi
1262 4200 1369 4283 qui
1422 4200 1845 4264 essentialiter
1878 4205 1925 4267 D
1958 4202 2041 4263 lia
2071 4208 2372 4282 operatur
2401 4200 2568 4260 Deus
2602 4198 2662 4259 in
2697 4216 2764 4259 se
2793 4204 2856 4259 et
2887 4196 3132 4259 Sanctis
3164 4196 3296 4259 suis
3337 4214 3452 4277 pro

364 4300 557 4363 bonus
616 4309 714 4364 est
760 4308 825 4363 et
870 4300 1015 4363 fons
1072 4300 1284 4362 omnis
1342 4298 1515 4372 boni,
1566 4307 1662 4361 est
1720 4299 1843 4361 tale

361 4398 703 4461 famulandi
745 4417 947 4479 genus
988 4397 1436 4480 praestandum.
1474 4396 1601 4459 Hoc
1630 4404 1842 4459 autem

362 4515 479 4559 non
508 4506 603 4559 est
638 4497 767 4559 nisi
806 4497 995 4569 DeuS,
1027 4494 1381 4557 secundum
1428 4494 1840 4575 praeinducta.

358 4596 433 4656 At
468 4614 634 4669 vero,
666 4595 839 4677 quod
886 4594 1029 4676 quis
1072 4594 1225 4656 colit
1265 4593 1439 4655 cultu
1475 4593 1692 4666 latriae,
1725 4593 1844 4655 hoc

362 4693 583 4757 fatetur
638 4694 768 4757 sibi
816 4712 957 4756 esse
1006 4692 1227 4755 Deum.
1268 4691 1441 4754 Nihil
1488 4698 1701 4755 autem
1751 4700 1846 4754 est

360 4811 499 4854 vere
531 4794 693 4855 Deus
724 4790 1023 4871 alicujuS,
1056 4790 1180 4852 nisi
1220 4790 1391 4871 quod
1435 4808 1514 4852 ex
1556 4809 1624 4853 εθ
1666 4790 1847 4853 suffi-

362 4892 527 4954 ciens
568 4900 663 4955 est
707 4890 923 4971 largiri
954 4889 1183 4951 cultori
1216 4906 1333 4951 suo
1369 4889 1683 4971 quidquid
1723 4890 1844 4970 ipsi

364 4991 783 5054 necessarium
832 4996 931 5051 est
976 4996 1041 5050 et
1086 4988 1433 5069 expediens
1479 5005 1493 5049 :
1536 4988 1721 5068 cujus
1770 4989 1849 5050 si-

364 5106 553 5168 gnum
598 5097 717 5161 est,
762 5086 935 5171 quod
986 5086 1429 5169 unusquisque
1478 5086 1623 5166 figit
1667 5106 1845 5168 spem

369 5186 431 5247 in
459 5205 533 5250 eo
562 5187 731 5270 quod
762 5184 983 5247 statuit
1014 5184 1137 5247 sibi
1182 5184 1247 5245 in
1289 5183 1512 5256 Deum,
1548 5184 1849 5247 invocans

372 5284 573 5366 ipsum
602 5286 669 5347 in
698 5284 1097 5347 necessitate.
1133 5283 1253 5347 Sed
1286 5281 1446 5345 nihil
1476 5289 1574 5345 est
1602 5282 1694 5345 sic
1724 5283 1852 5345 suf-

1956 4297 2446 4362 confirmatione
2494 4296 2648 4357 fidei
2700 4303 2762 4358 θῖ
2811 4295 2965 4376 legis
3016 4314 3164 4358 suae.
3217 4294 3336 4356 Sed
3381 4301 3452 4356 ut

1958 4397 2294 4480 probatum
2327 4402 2442 4467 est,
2475 4413 2600 4457 non
2635 4402 2839 4476 potest
2883 4394 2948 4454 in
2986 4391 3309 4465 omnibuS‚
3343 4411 3450 4454 ne-

3515 2559 3597 2599 art.
3625 2568 3700 2607 xii,

3488 2632 3602 2662 xxiv.

3503 4416 3578 4459 lib.
3592 4415 3644 4468 11,
3655 4422 3739 4461 art..

1956 4516 2081 4579 que
2142 4514 2296 4557 vere
2348 4512 2558 4575 neque
2618 4500 3007 4575 apparenter
3063 4491 3446 4555 conformari
3478 4495 3535 4524 ¹¹·

1956 4595 2188 4657 divinae
2230 4592 2603 4675 operationi.

2331 4810 2819 4873 ARTICULUS
2863 4808 3079 4871 XVII.

1959 4934 2508 5003 Quemadmodum
2552 4932 2737 4989 intell
2745 4932 2976 5003 essqcnda
3006 4930 3091 4988 sit
3114 4930 3452 5005 yencracio

2519 5021 2590 5078 in
2631 5020 2900 5078 divinis.

2102 5173 2298 5237 ULLA
2358 5171 2634 5252 denique
2689 5170 2788 5249 (ut
2852 5168 2940 5230 ait
2999 5170 3456 5247 Damascenus)

2127 5279 2352 5334 natura
2409 5287 2637 5351 expers
2685 5274 2780 5329 est
2826 5266 3101 5330 naturali
3146 5269 3456 5351 operatio-
