4300 6259
534 1414 650 1470 cm.
663 1415 788 1469 xxti,

521 1482 624 1533 μη
637 1480 683 1522 υ·
696 1484 740 1524 et
754 1493 787 1524 a.

868 434 948 500 44
1177 453 1601 501 namuurum
1644 454 2101 502 Pflttosopch.
2149 472 2228 483 --
2272 454 2349 500 DE
2392 453 2824 502 SUBSTANTIALI
2865 454 3185 503 com‘onm(
3226 456 3663 506 courosrrlomt

869 624 1248 689 distinctum
1289 633 1354 691 et
1393 628 1572 710 prius
1620 626 1746 690 alio
1792 626 2105 701 absoluto,
2159 632 2366 709 potest
2393 622 2448 689 A
2476 626 2619 691 onis
2650 634 2890 693 naturae
2918 636 3027 696 aut
3056 628 3299 703 sormae,
3334 628 3457 692 nisi
3488 630 3843 693 secundum
3886 630 3970 693 lo-

869 723 1112 806 absque
1144 726 1644 788 contradictione
1688 744 1828 789 esse
1872 726 2012 789 sine
2052 724 2205 805 illo;
2241 744 2364 788 ma-

868 822 1030 885 teria
1096 830 1309 886 autem
1377 830 1472 886 est
1534 824 1904 906 hujusmodi
1972 822 2359 886 absolutum.

870 920 1046 994 Quod
1095 940 1246 985 vero
1292 922 1620 997 asseritur,
1663 940 1854 985 omne
1894 940 2034 985 esse
2081 941 2118 985 a
2162 921 2367 985 l'orma

869 1020 1234 1102 procedere,
1285 1021 1664 1102 intelligitur
1711 1022 1789 1083 de
1847 1038 1988 1083 esse
2043 1020 2365 1102 completo

870 1116 1196 1200 specifico.
1246 1119 1405 1181 Huic
1449 1120 1749 1202 positioni
1795 1118 2123 1183 consentio
2149 1138 2364 1201 ‘quan-

870 1224 1008 1277 tum
1038 1217 1114 1279 ad
1146 1217 1266 1281 hoc
1298 1218 1465 1299 quod
1499 1218 1585 1280 ait
1623 1218 1795 1280 istud
1834 1234 1963 1280 non
2004 1217 2358 1298 implicare.

949 1314 1272 1378 Postremo
1303 1316 1380 1377 de
1419 1314 1520 1378 his
1560 1315 1864 1378 diffusius
1910 1315 2225 1397 scriptum
2267 1322 2364 1377 est

869 1431 1063 1494 super
1091 1413 1448 1477 secundum
1481 1414 1976 1488 Sententiarum,
2013 1414 2365 1476 distinctio-

868 1531 950 1575 ne
990 1514 1386 1577 duodecima.

1174 1721 1694 1787 PROPOSITIO
1739 1722 2056 1786 XXVIII.

947 1903 1627 1972 Individuationis
1657 1904 2167 1989 principium,
2189 1920 2365 1973 eau-

863 2017 954 2070 sa
1003 2018 1146 2070 seu
1193 2006 1424 2085 ratio,
1476 2006 1598 2070 est
1644 2004 1728 2070 id
1776 2020 1824 2071 a
1868 2017 2023 2085 quo
2069 2004 2364 2071 indivi-

866 2102 1112 2168 duum
1139 2102 1383 2169 habet
1415 2116 1587 2169 esse
1616 2103 2064 2170 limitatum
2095 2104 2178 2169 et
2210 2105 2366 2169 sin-

863 2200 1134 2279 gulare
1175 2216 1569 2281 unumque
1614 2215 1967 2267 numero,

946 2298 1120 2372 Quod
1161 2306 1278 2371 est,
1313 2300 1465 2380 quia
1499 2299 1577 2361 de
1622 2299 1866 2362 ratione
1909 2298 2225 2361 individui
2271 2307 2367 2362 est

867 2416 1007 2460 esse
1037 2397 1158 2460 hoc
1187 2397 1450 2479 aliquid.
1486 2398 1822 2481 Quumque
1868 2398 1930 2459 in
1971 2398 2196 2461 eodem
2236 2416 2363 2461 non

866 2494 950 2557 sit
997 2494 1121 2558 nisi
1173 2514 1375 2557 unum
1433 2513 1573 2557 esse
1632 2494 2049 2557 substantiale
2107 2495 2363 2578 specili-

866 2612 1038 2668 cum,
1091 2600 1338 2657 constat
1396 2594 1566 2675 quod
1618 2612 1718 2655 res
1767 2593 1848 2656 ab
1899 2596 2120 2657 eodem
2173 2594 2365 2657 habet

866 2710 1005 2755 esse
1036 2698 1101 2755 et
1129 2692 1250 2754 hoc
1281 2709 1462 2769 esse3
1497 2710 1614 2755 nec
1653 2710 1793 2755 esse
1824 2700 1888 2754 et
1925 2694 2044 2757 hoc
2087 2712 2226 2756 esse
2270 2693 2363 2756 rei

865 2790 1350 2871 distinguuntur
1379 2790 1656 2865 realiter,
1689 2791 1801 2853 sed
1835 2791 2076 2854 ratione
2119 2792 2364 2854 dumta-

863 2896 990 2951 xat.
1038 2889 1326 2971 Denique
1370 2897 1614 2952 certum
1661 2897 1779 2963 est,
1821 2891 1991 2972 quod
2035 2909 2225 2952 causa
2258 2910 2363 2953 ex-

2475 725 2683 808 gicam
2757 727 3327 791 considerationem
3405 747 3517 791 seu
3591 728 3970 792 abstractive

2480 823 2797 907 loquendo
2840 826 2919 887 de
2961 825 3205 889 formis.

2556 922 2766 997 Porro,
2797 942 3079 989 asserere
3108 925 3277 1006 quod
3312 926 3576 989 materia
3612 926 3747 990 haec
3778 933 3971 988 mate-

2477 1020 2652 1083 riave
2702 1022 2968 1103 signata,
3020 1022 3103 1085 sit
3152 1023 3679 1087 individuationis
3738 1024 3971 1107 princi·

2476 1118 2683 1201 pium,
2706 1119 2960 1183 videtur
2989 1120 3354 1203 oppositum
3383 1122 3448 1183 in
3478 1122 3749 1202 adjectu,
3764 1140 3973 1185 sermo

2478 1216 2781 1291 incultus,
2831 1224 2893 1280 et
2943 1219 3295 1301 propositio
3344 1219 3695 1283 falsificans
3743 1228 3970 1283 semet-

2478 1314 2682 1397 ipsam
2706 1332 2940 1398 :quum
2979 1317 3243 1380 materia
3272 1317 3407 1381 haec
3438 1326 3503 1381 et
3530 1318 3776 1399 signata
3804 1318 3970 1380 dicat

2477 1415 2634 1498 quid
2663 1415 3156 1489 individuatum,
3190 1416 3411 1500 sicque
3440 1417 3609 1499 quod
3642 1417 3968 1480 materiam

2479 1513 2564 1576 ita
2603 1513 2879 1595 signavit
2908 1523 2971 1577 et
3001 1514 3322 1589 limitavit,
3357 1515 3568 1597 potius
3604 1522 3773 1579 esset
3811 1515 3967 1578 indi·

2476 1612 2865 1675 viduationis
2914 1613 3326 1695 principium.
3370 1614 3657 1695 Insuper,
3710 1614 3969 1677 materia

2476 1710 2555 1773 de
2584 1729 2654 1773 se
2683 1718 2780 1774 est
2810 1712 3087 1775 maxime
3126 1712 3633 1785 indeterminata,
3668 1712 3970 1794 potentia-

2400 1810 2448 1873 B
2479 1809 2578 1883 lis,
2598 1808 2863 1872 confusa
2892 1818 2955 1872 et
2983 1810 3299 1872 illimitata
3318 1828 3331 1872 :
3352 1828 3477 1874 non
3507 1827 3656 1891 ergo
3684 1818 3781 1874 est
3808 1810 3969 1873 limi-

2478 1908 2734 1971 tationis
2763 1916 2827 1970 et
2856 1908 3381 1972 individuationis
3412 1908 3826 1992 principium,
3859 1911 3967 1972 sed

2472 2006 2689 2091 potius
2734 2006 2957 2081 forma,
3012 2026 3153 2089 quae
3201 2008 3538 2089 distinguit
3586 2016 3651 2071 et
3697 2016 3966 2091 separat,

2477 2105 2937 2186 materiamque
2979 2106 3361 2169 determinat
3402 2112 3466 2167 et
3507 2105 3648 2187 ejus
3693 2106 3969 2169 confusi-

2474 2221 2662 2267 onem
2713 2204 2985 2266 decorat.
3028 2204 3289 2277 Rursus,
3341 2224 3543 2286 quum
3593 2206 3969 2287 compositio

2476 2302 2685 2385 prima
2730 2303 3043 2384 praecedat
3085 2303 3454 2378 secundam,
3486 2303 3787 2366 videlicet
3818 2305 3971 2368 unio

2474 2399 2696 2464 sormae
2725 2400 3161 2462 substantialis
3193 2418 3339 2463 cum
3374 2400 3637 2463 materia
3665 2418 3801 2475 sua,
3834 2400 3971 2462 uni-

2476 2516 2663 2561 onem
2697 2498 2977 2562 materiae
3008 2517 3155 2561 cum
3186 2498 3539 2571 accidente,
3572 2516 3967 2581 consequens

2474 2602 2591 2669 est,
2638 2595 2967 2658 materiam
3015 2596 3192 2677 prius
3250 2596 3683 2670 determinari,
3734 2595 3967 2677 signari

2461 2689 2537 2756 ‘et
2604 2694 2891 2755 contrahi
2965 2712 3077 2774 per
3146 2693 3417 2756 formam
3487 2693 3965 2757 substantialem

2476 2811 2665 2874 quam
2701 2811 2815 2874 per
2854 2792 3273 2873 quantitatem
3304 2800 3367 2853 et
3396 2791 3791 2873 qualitatem.
3824 2793 3967 2854 Am-

2478 2891 2671 2973 plius,
2705 2892 2872 2953 sieut
2901 2889 3106 2952 forma
3142 2890 3521 2971 generaliter
3558 2897 3814 2971 sumpta
3851 2888 3971 2953 fer-

865 2987 1140 3049 trinseca
1181 2996 1245 3049 et
1291 2986 1664 3049 effectivum
1717 2988 2107 3071 principium
2160 2988 2362 3071 ipsius
2401 2987 2444 3051 C
2473 2997 2580 3051 tur
2609 3008 2749 3051 esse
2783 2989 2847 3051 in
2880 2988 3120 3062 multiS,
3154 2995 3218 3051 et
3248 2987 3805 3051 communicabilis
3834 2987 3971 3070 plu-

864 3102 1004 3147 esse
1038 3085 1128 3147 rei
1160 3084 1594 3159 individualiS,
1627 3094 1724 3148 est
1754 3105 1944 3148 causa
1976 3088 2357 3169 producenS,

866 3182 929 3245 id
952 3190 1050 3245 est
1069 3201 1312 3255 creanS,
1337 3201 1646 3265 generans
1667 3192 1779 3246 aut
1798 3185 2108 3263 educens3
2130 3204 2361 3267 resque

863 3284 1174 3364 producta
1219 3300 1295 3345 eo
1341 3283 1480 3365 ipso
1520 3300 1647 3364 quo
1684 3291 1783 3345 est
1817 3284 2130 3346 terminus
2172 3284 2361 3347 realis

864 3381 1324 3463 productionis,
1358 3390 1454 3444 est
1484 3382 1636 3463 quid
1669 3382 2011 3463 singulare,
2046 3383 2363 3445 individu-

861 3480 982 3554 ale,
1024 3481 1342 3561 signatum
1380 3498 1394 3542 :
1428 3482 1731 3564 quoniam
1773 3499 1981 3563 agere,
2024 3481 2179 3564 pati,
2222 3500 2362 3545 esse

863 3586 929 3642 et
975 3577 1144 3653 fieri,
1196 3587 1346 3642 sunt
1391 3579 1868 3661 suppositorum
1921 3598 2034 3643 seu
2082 3580 2361 3661 singula—

863 3676 1032 3739 rium
1085 3695 1318 3739 rerum.
1361 3676 1624 3751 Rursus,
1672 3678 1986 3759 quidquid
2025 3687 2122 3741 est
2164 3679 2229 3741 in
2272 3698 2364 3741 re-

863 3794 1008 3838 rum
1039 3782 1263 3838 natura
1290 3774 1624 3837 actualiter
1661 3776 2038 3850 θοηείεῖθῐιε,
2071 3785 2170 3839 θεῖ
2207 3777 2363 3859 quid

862 3891 1132 3936 numero
1179 3892 1380 3935 unum
1428 3891 1442 3935 :
1488 3873 1661 3936 solus
1710 3875 1952 3957 quippe
2002 3875 2362 3937 intellectus

863 3979 1081 4034 causat
1111 3972 1650 4047 universalitatem
1688 3974 1753 4035 in
1783 3973 2060 4036 entibus.
2095 3974 2243 4037 Ideo
2274 3975 2364 4036 in-

862 4070 1179 4133 dividuari
1213 4070 1368 4133 nulli
1397 4071 1694 4134 convenit
1720 4071 1968 4145 rei,nec
1993 4071 2363 4145 formae,nec

2476 3087 2653 3150 ribus
2684 3086 2941 3160 dicitur,
2975 3086 3067 3148 sic
3097 3094 3162 3149 et
3191 3086 3470 3149 materia.
3507 3086 3767 3161 lterum,
3804 3086 3968 3149 sicut

2473 3186 2681 3249 forma
2736 3187 2844 3248 dat
2890 3204 3029 3248 esse
3081 3186 3381 3257 materiae,
3432 3185 3525 3248 sic
3572 3185 3707 3248 haec
3764 3184 3969 3247 forma

2478 3286 2629 3347 huic
2681 3284 2959 3347 materiai
3009 3285 3272 3365 largitur
3320 3284 3441 3347 hoc
3489 3303 3629 3347 esse
3682 3302 3697 3346 ε
3748 3284 3969 3366 sicque

2474 3384 2677 3446 forma
2720 3382 2921 3445 multo
2971 3382 3117 3465 plus
3164 3383 3547 3445 determinat
3593 3382 3972 3446 individuat-

2476 3500 2599 3565 que
2644 3481 2998 3555 materiam,
3033 3500 3225 3564 quam
3269 3480 3645 3545 econtrario.

2555 3580 2620 3643 Si
2657 3585 2869 3642 autem
2916 3578 3280 3659 objiciatur,
3324 3580 3494 3661 quod
3536 3578 3740 3642 forma
3778 3579 3855 3641 de
3904 3597 3972 3641 se

2474 3676 3031 3741 communicabilis
3081 3685 3176 3740 est
3216 3678 3456 3751 multiS,
3503 3685 3567 3740 et
3603 3678 3669 3739 in
3710 3676 3975 3740 materia

2475 3776 2807 3859 recipitur,
2838 3782 3029 3858 atque
3061 3794 3177 3857 per
3206 3776 3325 3838 hoc
3358 3776 3669 3838 limitatur
3704 3784 3769 3839 et
3810 3776 3969 3837 indi-

2474 3874 2775 3937 viduatur
2808 3891 2823 3953 ;
2886 3874 3424 3955 respondendum,
3485 3875 3656 3956 quod
3724 3874 3846 3936 ista
3910 3881 3974 3935 et

2475 3973 2838 4036 consimilia
2875 3972 3128 4053 objecta
3165 3991 3241 4035 ex
3281 3972 3791 4055 apprehensione
3830 3990 3971 4055 pro-

2476 4073 2713 4135 cedunt
2743 4071 3157 4153 phantastica.
3190 4070 3527 4154 Nunquam
3562 4072 3736 4134 enim
3768 4072 3971 4134 forma

862 4167 1126 4251 speciei,
1177 4169 1527 4231 secundum
1581 4189 1771 4231 suum
1822 4188 1961 4232 esse
2009 4170 2199 4244 reale,
2251 4171 2359 4232 sed
2393 4171 2442 4233 D
2476 4170 2861 4243 communiS‚
2895 4170 3005 4233 sed
3036 4170 3244 4232 solum
3274 4169 3637 4251 singularis,
3670 4169 3971 4234 informat

863 4268 1070 4329 solum
1103 4267 1455 4330 secundum
1499 4286 1636 4331 esse
1675 4268 2064 4330 abstractum
2106 4276 2171 4331 et
2210 4269 2362 4350 logi-

863 4384 1036 4440 cum,
1083 4383 1212 4448 quo
1262 4366 1385 4427 sibi
1436 4367 1746 4447 competit
1793 4367 1952 4429 ratio
2010 4367 2363 4429 communi-

863 4465 1010 4528 tatis
1049 4484 1161 4529 seu
1204 4465 1725 4539 universalitatiS,
1759 4466 1880 4528 hoc
1931 4474 2027 4528 est
2071 4466 2363 4547 aptitudo

863 4564 1210 4627 exsistendi
1247 4564 1310 4626 in
1345 4564 1566 4626 multis
1596 4583 1708 4627 seu
1741 4564 2361 4627 communicabilitas

863 4664 1003 4745 ipsa
1066 4669 1130 4726 et
1199 4663 1415 4725 fluxus
1476 4662 2023 4737 indeterminatuS,
2085 4681 2361 4745 quorum

864 4760 1116 4824 nullum
1149 4759 1451 4823 convenit
1479 4760 1570 4823 rei
1603 4761 1958 4823 secundum
1990 4780 2179 4824 suurn
2222 4780 2363 4825 esse

859 4859 1129 4933 actuale,
1171 4858 1624 4933 exsistentiale‚
1681 4859 1871 4933 reale,
1923 4858 2054 4923 imo
2103 4860 2363 4942 proprio

863 4976 980 5021 suo
1036 4976 1176 5021 esse
1223 4957 1640 5021 exsistentiali
1691 4958 2110 5021 determinata
2156 4966 2256 5021 est
2301 4966 2365 5021 et

864 5055 1312 5138 singularizata
1346 5072 1360 5117 :
1394 5056 1565 5120 unde
1607 5075 1748 5119 esse
1790 5055 2026 5119 dicitur
2068 5057 2363 5138 supposi-

865 5161 1098 5217 torum.
1121 5153 1279 5215 Hinc
1309 5172 1519 5236 neque
1551 5154 1835 5229 materia,
1860 5172 2068 5236 neque
2099 5154 2365 5217 materia

873 5251 1030 5325 haic,
1063 5269 1184 5315 nec
1215 5252 1556 5333 quantitas,
1597 5258 1696 5315 est
1732 5270 1924 5315 causa
1967 5250 2373 5315 individuati-

2474 4287 2940 4351 quamcumque
2963 4268 3289 4331 materiam
3305 4277 3555 4350 3estque
3574 4266 3775 4332 forma
3796 4268 3971 4351 prius

2474 4368 2699 4430 ordine
2743 4374 2985 4430 naturae
3029 4366 3370 4448 singularis
3416 4365 3637 4441 forma,
3671 4368 3737 4429 in
3779 4386 3972 4449 quan-

2474 4474 2611 4529 tum
2644 4474 2739 4529 est
2780 4483 2895 4528 suo
2936 4466 3124 4528 modo
3162 4466 3475 4528 terminus
3514 4464 3702 4528 realis
3740 4466 3971 4548 produ-

2475 4564 2727 4639 ctionis,
2741 4571 2805 4628 et
2832 4564 3263 4627 exsistentiam
3295 4563 3559 4636 habenS,
3573 4583 3762 4646 quam
3782 4564 3971 4627 infor-

2476 4671 2628 4738 met,
2661 4669 2875 4724 actuet
2904 4661 3366 4724 determinetve
3397 4661 3723 4725 materiam
3760 4680 3775 4724 :
3807 4662 3977 4725 sicut

2484 4780 2625 4825 esse
2654 4761 2833 4843 prius
2872 4766 2969 4823 est
3010 4778 3203 4842 quam
3248 4778 3455 4841 agere.
3488 4760 3616 4823 Nec
3659 4759 3864 4824 forma
3906 4760 3971 4821 in

2482 4860 2746 4922 materia
2774 4857 3257 4932 determinatur,
3293 4857 3733 4921 individuatur
3760 4865 3870 4921 aut
3896 4858 3973 4920 li-

2482 4956 2764 5029 mitatur,
2798 4956 2922 5018 nisi
2968 4954 3035 5017 in
3079 4962 3391 5037 quantum
3436 4954 3838 5038 impossibile
3876 4964 3975 5019 est

2486 5073 2627 5117 eam
2686 5052 2879 5116 simul
2938 5052 3155 5135 plures
3212 5051 3558 5117 informare
3606 5052 3903 5117 materias
3958 5071 3972 5117 :

2481 5151 3025 5215 universalitatem
3062 5159 3276 5215 autem
3308 5152 3375 5215 in
3406 5151 3630 5215 formis
3670 5170 3746 5215 ac
3785 5151 3979 5215 rebus

2480 5251 2689 5316 efficit
2727 5250 3108 5315 intellectus.
