4300 6259
1082 481 1503 530 annuam-urio
1543 477 2002 528 rmtosormci.
2051 495 2129 508 -·
2171 477 2250 524 na
2291 477 2767 526 masticamus
3395 459 3470 523 81

376 653 669 718 nonnulli
740 651 1088 727 affirmant,
1158 653 1493 715 universos
1560 649 1867 714 coelorum
1898 647 1950 712 A
2312 651 2832 718 PROPOSITIO
2877 651 3122 716 LXIX.

170 2059 351 2102 propos.

128 2123 257 2152 ΧΧὯΙΙ
264 2143 277 2152 .

376 759 651 816 motores
700 753 779 815 de
820 753 1047 816 eodem
1090 751 1284 815 choro
1324 769 1397 814 ac
1438 749 1663 812 ordine
1704 767 1867 821 esse,

374 870 593 914 omnes
624 869 883 934 quoque
922 849 1187 932 spiritus
1225 865 1537 930 supernos
1574 847 1651 908 ad
1698 865 1873 908 eum·

376 950 515 1012 dem
566 949 860 1012 ordinem
910 947 1325 1030 pertinentes,
1368 945 1659 1027 ejusdem
1706 943 1870 1006 exsi-

378 1055 537 1110 stere
586 1047 829 1129 speciei
884 1063 899 1108 :
946 1064 1022 1108 ex
1074 1044 1311 1127 quibus
1350 1042 1656 1124 consequi
1698 1042 1869 1104 vide-

378 1150 570 1216 retur,
634 1159 859 1205 omnes
918 1140 1373 1222 intelligentias
1432 1139 1669 1221 speciei
1729 1156 1870 1202 esse

376 1241 685 1322 ejusdem.
750 1240 869 1304 Sed
936 1240 1015 1302 de
1082 1238 1183 1302 his
1243 1239 1309 1300 in
1368 1236 1871 1300 Elementatione

378 1340 731 1420 theologica
772 1339 893 1402 erit
933 1343 1256 1401 tractatus.

452 1438 733 1512 Qualiter
776 1445 991 1501 autem
1039 1436 1245 1498 forma
1290 1434 1583 1516 ejusdem
1631 1433 1871 1517 speciei

374 1535 853 1598 individualiter
898 1533 1327 1617 plurificetur‚
1368 1538 1655 1594 remanet
1703 1551 1871 1614 quae-

374 1635 513 1697 stio.
549 1633 628 1696 Et
656 1633 1099 1716 respondetur,
1134 1630 1303 1714 quod
1337 1649 1450 1712 per
1480 1629 1543 1691 id
1574 1629 1743 1710 quod
1775 1637 1872 1692 est

377 1731 901 1796 individuationis
950 1730 1341 1814 principium
1378 1745 1391 1789 :
1424 1727 1593 1811 quod
1624 1728 1725 1808 (ut
1764 1747 1868 1810 pa-

2057 852 2153 917 In
2195 849 2739 930 intelligentia
2793 852 2876 918 et
2917 853 3184 919 anima
3236 850 3477 918 ratio-

1978 949 2176 1029 nali,
2231 950 2609 1029 potentiae
2670 948 2769 1016 ab
2830 948 3181 1016 invicem
3239 950 3321 1016 et
3380 948 3478 1016 ab

1978 1047 2347 1112 essentiis
2397 1045 2941 1126 subjectorum
2993 1061 3318 1114 suorum
3361 1062 3482 1113 re-

1978 1145 2222 1211 aliter
2265 1145 2894 1224 distinguuntur.

2060 1243 2236 1316 Quod
2267 1251 2386 1316 est,
2422 1243 2573 1325 quia
2601 1251 2674 1306 ut
2701 1243 2959 1306 divinus
2991 1243 3330 1328 Dionysius
3363 1263 3478 1306 sae-

1980 1342 2127 1425 pius
2187 1349 2594 1425 protestatur,
2650 1342 2718 1405 in
2777 1342 3262 1423 simplicissimo
3328 1342 3478 1415 Deo,

1978 1439 2061 1504 ob
2090 1459 2408 1504 summam
2439 1448 2502 1503 et
2531 1439 2851 1503 infinitam
2887 1441 3090 1524 ipsius
3115 1440 3485 1523 simplicita-

1980 1545 2133 1614 tem,
2167 1547 2316 1602 sunt
2348 1539 2518 1601 idem
2552 1539 2617 1601 in
2649 1558 2738 1614 re,
2773 1557 2934 1614 esse,
2961 1557 3146 1622 posse
3175 1547 3240 1603 et
3268 1557 3478 1620 agere,

1980 1637 2101 1701 hoc
2146 1645 2244 1700 est
2282 1637 2582 1710 essentia,
2629 1639 2914 1720 potentia
2961 1645 3026 1700 et
3071 1639 3238 1701 actio
3281 1655 3295 1700 :
3340 1657 3482 1720 quae

1981 1736 2101 1798 tria
2132 1743 2284 1798 sunt
2328 1736 2393 1798 in
2438 1735 2668 1798 ceteris
2709 1736 2978 1799 diversa.
3015 1737 3278 1811 RursuS,
3313 1735 3482 1818 quod

375 1830 523 1911 tuit)
576 1829 779 1912 aliqui
828 1835 1119 1892 asserunt
1166 1845 1305 1890 esse
1357 1823 1709 1898 materiam,
1760 1825 1871 1887 alii
1906 1827 1952 1890 B
1982 1841 2284 1916 operatur
2327 1833 2694 1896 immediate
2733 1853 2848 1916 per
2887 1854 3066 1896 suam
3113 1835 3480 1906 essentiam,

380 1929 707 1992 materiam
739 1929 1074 2010 signatam,
1104 1925 1216 1988 alii
1246 1924 1701 2007 quantitatem3
1732 1924 1871 2006 qui-

380 2029 497 2090 bus
526 2027 831 2091 omnibus
862 2024 1326 2089 contradictum
1356 2031 1453 2086 est
1480 2041 1690 2104 supra.
1713 2022 1871 2085 Hinc

378 2127 639 2211 quidam
682 2126 903 2189 doctor
934 2131 1153 2187 contra
1193 2121 1571 2205 positionem
1621 2121 1681 2183 S.
1714 2121 1873 2184 Tho-

380 2245 495 2290 mae
524 2225 841 2308 objiciens
867 2241 881 2286 ε
905 2223 1077 2286 Hanc
1105 2221 1375 2304 (inquit)
1402 2220 1875 2284 commentator

374 2324 656 2390 secundo
708 2323 787 2386 de
828 2322 1055 2386 Anima
1101 2319 1419 2402 reprobat,
1451 2318 1603 2402 quia
1642 2317 1873 2381 indivi-

372 2427 572 2489 duum
618 2441 735 2506 per
778 2422 897 2485 hoc
938 2428 1037 2484 θεῖ
1080 2419 1485 2482 individuum
1536 2437 1651 2501 per
1702 2418 1872 2500 quod

370 2531 469 2586 est
512 2523 577 2585 in
620 2529 793 2596 actu,
834 2519 1005 2602 quod
1054 2537 1179 2582 non
1229 2525 1327 2581 est
1376 2518 1515 2600 ipsa
1564 2517 1868 2594 materia3

370 2623 699 2688 Avicenna
766 2635 1021 2702 quoque
1088 2617 1369 2680 secundo
1426 2615 1871 2698 Metaphysicae

371 2739 527 2794 suae,
577 2737 657 2782 eo
702 2718 875 2801 quod
936 2716 1201 2778 materia
1250 2713 1629 2777 indifferens
1676 2713 1761 2775 sit
1806 2720 1871 2775 et

372 2818 765 2882 indistincta.
834 2816 1287 2878 Verumtamen
1364 2813 1561 2894 objici
1638 2819 1867 2895 potest,

370 2917 679 3000 quoniam
708 2913 1091 2978 duodecimo
1130 2910 1571 2994 metaphysicis
1607 2911 1697 2972 ait
1735 2909 1873 2972 Phi-

1982 1932 2125 2014 ejus
2155 1933 2442 2014 operatio
2471 1939 2566 1995 est
2599 1932 2768 1995 idem
2815 1933 2984 2015 quod
3027 1953 3141 1995 sua
3181 1933 3481 2008 essentia,

1983 2038 2055 2092 ut
2084 2031 2378 2094 videmus
2412 2031 2476 2092 in
2511 2031 2676 2094 Deo:
2702 2031 2754 2093 si
2787 2049 2939 2112 ergo
2969 2031 3030 2093 in
3065 2031 3484 2113 intelligentia

1982 2129 2406 2211 rationalique
2474 2129 2710 2200 anima,
2785 2129 3148 2192 intellectus
3215 2148 3326 2192 seu
3387 2129 3486 2192 vis

1984 2226 2376 2290 intellectiva
2407 2235 2576 2289 esset
2608 2227 2864 2290 realiter
2897 2227 3034 2308 ipsa
3065 2225 3488 2307 intelligentia

1982 2332 2045 2388 et
2090 2325 2326 2396 anima,
2379 2325 2444 2386 in
2494 2325 2734 2388 eisdem
2795 2325 3042 2387 actuale
3103 2323 3481 2405 intelligere,

1981 2431 2149 2485 esset
2178 2440 2398 2484 earum
2429 2440 2585 2484 esse.
2623 2423 2946 2494 Praeterea,
2981 2423 3149 2484 sicut
3175 2422 3264 2483 ait
3292 2421 3484 2502 Magi-

1980 2527 2112 2584 ster
2140 2521 2608 2583 Sententiarum
2644 2520 2806 2583 libro
2845 2521 3075 2602 primo,
3121 2519 3482 2582 intellectus
3510 2533 3612 2578 dut.
3637 2531 3770 2576 inu:

1980 2628 2043 2682 et
2088 2620 2382 2682 voluntas
2431 2627 2580 2680 suut
2629 2619 2948 2681 naturales
2995 2619 3164 2681 vires
3213 2627 3278 2680 et
3322 2619 3484 2681 acci·

1980 2717 2198 2780 dent-ia
2234 2718 2485 2789 animm,
2519 2725 2794 2799 suntque
2837 2717 2900 2778 in
2939 2735 3172 2798 genere
3215 2717 3482 2800 qualita-

1980 2815 2083 2888 tis,
2118 2815 2418 2877 similiter
2449 2814 2516 2876 in
2545 2813 3154 2894 intelligentiazideo
3182 2833 3321 2876 esse
3353 2832 3482 2878 non

1980 2913 2197 2976 valent
2234 2912 2490 2975 realiter
2530 2912 2698 2974 idem
2745 2911 2916 2994 quod
2957 2911 3382 2992 intelligentia
3419 2919 3483 2976 et

372 3014 681 3098 losophus
715 3030 730 3075 ε
764 3012 1193 3091 Quaecumque
1232 3017 1383 3071 sunt
1420 3007 1605 3090 plura
1642 3025 1871 3070 nume·
1906 3013 1951 3077 C
1980 3011 2212 3073 anima.
2248 3011 2538 3092 Insuper,
2575 3009 3004 3072 communiter
3044 3009 3282 3072 dicitur
3310 3011 3482 3092 quod

370 3131 467 3186 ro,
500 3111 621 3174 sub
650 3111 875 3174 eadem
918 3107 1216 3170 videlicet
1256 3105 1493 3187 specie,
1538 3105 1869 3168 materiam

368 3211 748 3274 sortiuntur.
800 3207 936 3280 Quo
992 3204 1165 3267 dicto
1221 3203 1411 3276 sistit,
1461 3203 1540 3265 de
1598 3202 1719 3265 hoc
1777 3202 1869 3265 nil

366 3307 653 3390 amplius
702 3305 941 3368 addens
992 3321 1007 3365 :
1060 3302 1281 3384 sicque
1340 3319 1455 3382 per
1509 3300 1705 3363 verba
1760 3301 1871 3363 illa

368 3407 681 3478 insinuat,
712 3403 881 3487 quod
914 3403 979 3464 in
1010 3400 1163 3465 solis
1196 3399 1631 3462 materialibus
1670 3400 1871 3481 possi-

367 3505 503 3568 bile
534 3511 631 3566 est
660 3501 781 3566 sub
810 3502 1035 3564 eadem
1064 3498 1279 3581 specie
1320 3497 1503 3580 plura
1542 3496 1869 3560 individua

368 3621 513 3666 esse
555 3619 573 3664 ε
616 3607 681 3664 et
718 3599 863 3672 hoc,
904 3597 1029 3660 nisi
1080 3604 1209 3660 tota
1260 3595 1525 3658 materia
1574 3593 1695 3656 sub
1744 3613 1869 3657 una

366 3703 581 3764 forma
629 3698 713 3761 sit
758 3695 1243 3778 comprehensa,
1289 3693 1459 3755 sicut
1507 3693 1573 3755 in
1625 3692 1757 3755 sole
1806 3700 1870 3754 et

366 3800 545 3862 luna.
599 3795 777 3859 Unde
830 3794 1041 3877 primo
1090 3791 1245 3854 Coeli
1298 3789 1644 3862 concludit,
1695 3792 1867 3873 quod

362 3901 705 3978 nequeunt
774 3910 913 3954 esse
976 3889 1191 3972 plures
1250 3888 1395 3952 coeli
1448 3905 1561 3950 seu
1620 3888 1864 3962 mundi,

364 3995 679 4080 quoniam
728 3989 963 4054 coelum
1014 3996 1076 4050 et
1126 3987 1403 4050 mundus
1452 4005 1531 4049 ex
1578 4005 1693 4048 sua
1739 3993 1869 4050 tota

362 4098 667 4159 constant
696 4087 977 4152 materia.
1010 4087 1103 4149 Ad
1134 4085 1305 4168 quod
1342 4085 1575 4168 poterit
1612 4102 1869 4167 respon-

1982 3110 2197 3172 fluunt
2235 3109 2316 3172 ab
2355 3109 2651 3182 essentia,
2693 3115 2758 3170 et
2805 3107 2892 3170 ita
2939 3115 3090 3170 sunt
3137 3108 3279 3189 ejus
3327 3107 3483 3172 effe·

1981 3215 2142 3281 ctus,
2167 3225 2286 3270 nec
2319 3207 2572 3269 realiter
2594 3206 2764 3268 idem
2786 3206 2956 3288 quod
2989 3206 3144 3288 ipsa.
3169 3207 3478 3288 Amplius,

1979 3305 2265 3368 distincti
2317 3323 2390 3367 ac
2439 3303 2684 3388 proprii
2735 3311 2916 3366 actus
2964 3323 3000 3366 a
3047 3303 3367 3367 distinctis
3415 3312 3481 3368 et

1981 3402 2260 3486 propriis
2297 3402 2524 3464 activis
2571 3401 2910 3485 principiis
2953 3401 3250 3464 oriuntur
3283 3420 3298 3464 :
3331 3421 3480 3466 nam

1980 3501 2194 3564 simile
2243 3500 2532 3583 procedit
2579 3519 2616 3562 a
2664 3499 2885 3573 simili,
2937 3507 3001 3562 et
3048 3519 3240 3563 omne
3286 3519 3480 3582 agens

1978 3598 2190 3662 simile
2221 3599 2344 3660 sibi
2379 3597 2690 3680 producit.
2707 3598 2911 3671 Quum
2941 3615 3092 3679 ergo
3122 3598 3480 3680 intelligere

1978 3705 2041 3759 et
2071 3697 2236 3760 velle
2267 3697 2396 3758 sint
2424 3704 2603 3758 actus
2645 3696 2860 3778 specie
2900 3694 3300 3770 differenteS,
3336 3715 3478 3778 pro-

1975 3794 2355 3876 grediuntur
2383 3813 2420 3856 a
2449 3794 2752 3876 potentiis
2792 3793 3110 3856 distinctis
3149 3793 3472 3876 specifice.

1977 3894 2304 3962 Praeterea‚
2331 3892 2499 3954 idem
2535 3892 2598 3952 in
2635 3899 2947 3972 quantum
2980 3890 3150 3954 idem
3183 3910 3310 3954 nou
3331 3909 3478 3975 ope·

1977 3999 2154 4052 ratur
2181 3991 2455 4060 diversa,
2500 3989 2610 4050 sed
2655 3989 2844 4050 idem.
2890 3988 3286 4052 Intellectiva
3325 4009 3476 4072 ergo

1976 4097 2186 4152 creata
2228 4087 2504 4152 essentia
2553 4104 2678 4149 non
2726 4095 2822 4149 est
2871 4087 3238 4150 immediata
3285 4108 3478 4154 causa

362 4193 533 4264 deri,
572 4188 747 4274 quod
796 4186 1059 4250 materia
1100 4185 1166 4247 in
1214 4183 1407 4246 rebus
1449 4182 1866 4248 sensibilibus
1896 4189 1945 4252 D
1975 4196 2103 4251 tam
2143 4187 2544 4251 diversorum
2589 4203 2662 4248 ac
2705 4183 3148 4272 differentium
3189 4195 3470 4266 actuum,

362 4300 470 4358 est
526 4287 917 4372 principium
983 4281 1507 4346 individuationis
1554 4289 1865 4363 quantum

361 4392 449 4456 ad
518 4385 1127 4456 manifestationem,
1197 4397 1325 4443 non
1386 4379 1596 4462 quoad
1660 4379 1865 4443 effici·

362 4489 613 4554 entiam
674 4491 786 4547 aut
841 4481 1294 4544 causationem.
1357 4479 1702 4552 Postremo,
1754 4479 1865 4560 qui

362 4589 597 4652 dicunt
652 4581 985 4646 materiam
1047 4577 1571 4640 individuationis
1630 4576 1865 4660 princi-

364 4687 577 4772 pium,
634 4681 1067 4762 imaginantur
1124 4678 1189 4740 in
1249 4675 1621 4739 substantiis
1688 4695 1865 4759 sepa·

362 4785 523 4848 ratis
566 4800 697 4845 non
740 4795 929 4862 posse
970 4795 1109 4839 esse
1154 4776 1337 4858 plura
1379 4775 1709 4858 supposita
1751 4775 1866 4837 sub

360 4881 585 4966 specie
626 4897 777 4952 una,
830 4877 959 4939 imo
1006 4883 1071 4938 et
1115 4893 1254 4936 esse
1299 4872 1363 4935 in
1410 4873 1538 4935 illis
1582 4880 1677 4936 tot
1726 4891 1865 4956 spe-

360 4983 501 5045 cies
545 4985 704 5062 quot
750 4973 1083 5037 individua
1126 4991 1141 5034 ε
1187 4973 1379 5056 quod,
1416 4979 1485 5033 ut
1529 4980 1739 5035 cetera
1780 4980 1868 5035 ta-

358 5097 571 5152 ceam,
618 5083 720 5140 est
776 5071 1085 5136 articulus
1133 5071 1387 5133 Parisiis
1438 5071 1871 5134 excommuni-

356 5187 543 5244 catus
604 5181 672 5239 et
728 5171 1225 5249 condemnatus3
1286 5178 1351 5233 et
1403 5170 1870 5253 improbabitur

354 5285 601 5366 postea.

612 5411 681 5464 Τ.
722 5409 805 5460 33.

1975 4287 2328 4350 secundum
2361 4285 2530 4368 quod
2563 4284 2628 4348 in
2660 4303 2728 4348 se
2759 4283 2898 4366 ipsa
2927 4291 3026 4347 est
3063 4304 3190 4348 una
3229 4293 3292 4350 et
3329 4287 3477 4352 sim-

1976 4385 2145 4468 plex.
2180 4385 2289 4448 sed
2332 4391 2518 4467 prout
2561 4383 2626 4446 in
2669 4383 2802 4446 suis
2847 4383 3094 4448 viribus
3138 4386 3476 4470 multiplex

1974 4491 2071 4546 est
2098 4491 2164 4547 et
2207 4483 2398 4546 variis
2443 4483 2648 4546 modis
2693 4500 2760 4544 se
2804 4481 3066 4546 habens.

2054 4583 2133 4644 At
2163 4599 2314 4644 vero
2341 4581 2521 4661 juxta
2552 4579 3033 4662 Philosophum,
3063 4589 3244 4644 actus
3271 4591 3335 4646 et
3365 4601 3473 4666 po-

1975 4681 2174 4742 tentia
2205 4678 2502 4741 dividunt
2531 4679 2740 4760 ipsum
2773 4697 2886 4740 ens
2926 4687 2992 4742 et
3019 4680 3349 4761 quodlibet
3373 4700 3476 4764 ge·

1978 4798 2097 4841 nus
2127 4778 2312 4850 entiS,
2335 4783 2399 4838 et
2428 4776 2493 4839 in
2525 4777 2748 4840 eodem
2778 4794 3011 4857 genere
3043 4788 3472 4860 reponuntur:

1976 4894 2125 4958 ergo
2171 4875 2562 4938 intellectiva
2609 4875 2894 4958 potentia
2951 4883 3015 4938 et
3059 4877 3326 4940 actualis
3376 4879 3474 4941 in-

1976 4975 2257 5038 tellectio
2299 4975 2441 5056 ejus
2485 4975 2549 5036 in
2596 4973 2820 5036 eodem
2866 4980 3015 5034 sunt
3054 4991 3300 5054 genere.
3337 4977 3478 5040 Cer·

1976 5083 2113 5136 tum
2146 5081 2244 5136 est
2280 5081 2517 5146 autem,
2552 5071 2721 5154 quod
2760 5070 3040 5134 actiones
3080 5073 3478 5155 intelligendi

1977 5181 2168 5255 atque
2228 5172 2480 5236 volendi
2541 5189 2671 5234 non
2729 5169 2860 5232 sint
2917 5169 2980 5232 in
3039 5188 3272 5251 genere
3329 5175 3477 5236 sub·

1979 5271 2227 5334 stantiae
2269 5287 2284 5332 ε
2333 5287 2482 5350 ergo
2526 5288 2732 5351 neque
2777 5269 3077 5352 potentiae
3119 5287 3196 5331 ex
3240 5273 3476 5354 quibus

3195 5406 3224 5456 6
