4300 6259
127 1496 210 1540 Ps.
235 1511 292 1542 m.
311 1500 390 1547 26,

105 1564 178 1611 '2st
197 1560 390 1604 Hatra.

107 1637 226 1673 niv,
257 1628 331 1665 35.

141 3570 178 3612 11
207 3569 317 3613 Cor.
345 3585 392 3620 x,

971 524 1396 573 unumunurm
1437 521 1898 570 rmtosormca.
1941 538 2024 551 ···-
2065 522 2144 569 ΒΕ
2184 522 2552 571 conveniens
2594 524 2980 572 coemsrmus

3448 506 3527 571 65

419 696 512 759 De
569 704 798 760 natura
855 707 920 761 et
975 696 1282 781 qualitate
1341 694 1712 758 substantiae
1778 693 1923 758 coeli
1955 692 2008 757 A
2037 703 2351 759 mentator
2396 696 2561 759 libro
2610 698 2689 760 de
2736 695 3101 761 Substantia
3129 694 3302 758 orbis
3356 701 3529 757 tenet

419 795 578 877 quid
625 814 1002 860 enumerem
1062 815 1137 859 ea
1192 814 1334 877 quae
1384 792 1924 876 disputationibus

419 893 560 953 suis
601 892 969 976 philosophi
1011 900 1374 965 texuerunt,
1417 909 1618 973 quum
1662 890 1923 972 quidam

419 1008 644 1053 eorum
685 992 978 1073 quintam
1017 990 1360 1073 quamdam
1402 988 1709 1051 inducant
1747 996 1924 1050 natu·

421 1108 582 1161 ram,
615 1091 920 1171 quoniam
961 1090 1278 1152 elementa
1315 1086 1644 1169 proprium
1691 1086 1928 1149 habent

421 1195 695 1261 motum,
729 1207 917 1250 usum
961 1195 1026 1250 et
1063 1189 1369 1249 cursum?
1399 1185 1520 1247 Sed
1551 1202 1678 1248 non
1719 1184 1925 1266 potuit

420 1284 546 1347 ista
602 1285 822 1367 opinio
873 1284 1260 1368 prophetica)
1307 1282 1567 1348 obviare
1613 1290 1724 1344 aut
1768 1301 1924 1365 prae-

419 1383 638 1446 valere
704 1384 1059 1457 sententiaa,
1120 1400 1314 1465 quam
1385 1390 1450 1445 et
1508 1380 1795 1445 Christus
1857 1380 1922 1443 in

423 1481 773 1562 Evangelio
809 1482 1226 1565 approbavit3
1257 1499 1384 1563 qua
1421 1480 1656 1542 dicitur
1690 1496 1704 1539 ε
1737 1478 1924 1541 lnitio

423 1588 520 1653 tu,
551 1580 843 1653 Domine,
875 1589 1108 1643 terram
1141 1578 1445 1651 fundasti,
1478 1586 1542 1639 et
1571 1594 1764 1659 opera
1795 1596 1922 1639 ma-

423 1698 628 1742 nuum
679 1686 934 1741 tuarum
985 1687 1133 1741 sunt
1181 1678 1370 1755 coeli3
1424 1676 1545 1758 ipsi
1596 1675 1922 1758 peribunt,

421 1788 486 1841 et
521 1778 688 1841 sicut
726 1778 1182 1841 vestimentum
1221 1782 1636 1839 veterascent.
1671 1773 1770 1835 Nil
1815 1772 1926 1854 igi-

2033 793 2423 874 oppositum,
2481 813 2769 858 asserens
2826 794 3060 857 coelum
3110 812 3250 856 esse
3296 810 3528 874 corpus

2033 890 2331 972 simplex,
2370 910 2497 953 non
2538 892 2745 955 solum
2790 900 2861 955 ut
2901 892 3291 955 elementum
3328 890 3527 973 (quod

2035 988 2329 1069 quamvis
2386 1008 2464 1051 ex
2526 991 2791 1054 materia
2842 998 2907 1054 et
2957 990 3163 1053 forma
3218 988 3531 1071 composi-

2034 1092 2194 1160 tum,
2227 1087 2502 1169 simplex
2546 1096 2828 1161 vocatur,
2865 1087 3015 1170 quia
3046 1105 3173 1151 non
3205 1086 3527 1166 mixtum),

2033 1184 2142 1246 sed
2211 1184 2364 1266 quia
2433 1204 2559 1249 non
2627 1186 2820 1247 habet
2884 1185 3214 1248 materiam
3274 1184 3531 1267 proprie

2032 1283 2293 1355 dictam,
2328 1302 2469 1364 quae
2498 1284 2582 1345 sit
2610 1301 2755 1365 pars
2798 1282 3153 1346 essentialis
3194 1282 3531 1365 compositi

2033 1389 2096 1443 et
2126 1381 2205 1444 de
2236 1400 2303 1444 se
2336 1400 2495 1463 pura
2526 1382 2826 1464 potentia.
2862 1381 3187 1445 Sumendo
3216 1398 3369 1444 vero
3408 1399 3533 1443 ma·

2032 1480 2257 1543 teriam
2303 1489 2493 1563 prout
2537 1480 2901 1561 subjectum
2950 1480 3377 1543 accidentium
3428 1500 3535 1563 ap·

2033 1578 2309 1661 pellatur
2368 1580 2653 1652 materia,
2708 1579 2999 1642 concedit
3058 1579 3124 1641 in
3184 1579 3345 1642 coelo
3392 1598 3533 1674 esse

2033 1678 2516 1751 materiam,seu
2547 1679 2757 1761 potius
2790 1679 3001 1761 ipsum
3034 1696 3173 1741 esse
3206 1677 3533 1741 materiam

2033 1794 2295 1839 suorum
2328 1777 2778 1839 accidentium.
2822 1778 3053 1859 Sicque
3098 1776 3333 1839 fatetur
3360 1777 3532 1859 quod

421 1886 530 1939 tur
554 1884 753 1958 agunt
780 1878 891 1959 qui
921 1877 1000 1939 ad
1030 1875 1497 1939 defendendum
1526 1872 1670 1937 coeli
1703 1890 1926 1954 perpe·
1955 1872 2003 1934 B
2034 1873 2293 1947 coelum,
2328 1875 2578 1938 secluso
2622 1894 2737 1938 suo
2785 1884 3024 1938 motore
3066 1895 3138 1938 ac
3182 1876 3416 1950 anima,
3450 1875 3531 1937 sit

419 1976 716 2039 tuitatem
749 1977 1047 2059 quintum
1081 1992 1313 2056 corpus
1353 1973 1688 2045 inducunt,
1722 1990 1922 2053 quum

419 2076 684 2138 videant
715 2075 906 2137 unius
939 2072 1210 2137 membri
1254 2081 1501 2155 partem
1543 2070 1924 2133 dissimilem

421 2174 678 2247 ceteriS,
711 2172 922 2236 labem
953 2171 1203 2255 corpori
1237 2170 1438 2253 magis
1477 2168 1732 2233 afferre.
1765 2168 1924 2231 Rur-

420 2292 556 2346 suS,
599 2272 664 2334 in
705 2271 968 2334 exordio
1015 2271 1114 2333 sui
1165 2270 1598 2332 Hexaemeron
1653 2283 1666 2329 :
1712 2266 1921 2339 Miror,

421 2371 655 2453 inquit,
700 2370 1010 2453 quosdam
1055 2369 1348 2433 homines
1392 2374 1638 2431 tantum
1683 2365 1927 2447 opinio-

421 2470 524 2532 nis
561 2468 1012 2551 assumpsisse,
1051 2475 1170 2530 etc.
1207 2466 1442 2531 Deinde
1481 2463 1929 2545 multipliciter

421 2568 632 2649 arguit
691 2576 914 2631 contra
969 2584 1078 2629 eos
1147 2565 1258 2648 qui
1322 2564 1606 2628 coelestia
1659 2579 1928 2645 corpora

423 2684 656 2747 negare
715 2671 1266 2748 praesumpserunt
1319 2660 1726 2725 elementaris
1787 2675 1927 2721 6336

423 2772 686 2827 naturae.
741 2762 984 2837 Quibus
1033 2768 1340 2825 consonat
1387 2760 1452 2822 in
1503 2776 1621 2823 suo
1670 2774 1927 2840 quoque

419 2863 862 2926 Hexaemeron
905 2879 1172 2944 magnus
1213 2859 1508 2923 Basilius.

503 2963 648 3026 Haec
707 2962 936 3025 leviter
993 2968 1184 3040 tango
1238 2959 1395 3021 fidei
1453 2956 1608 3020 zelo.
1671 2956 1926 3039 Moysen

2031 1981 2178 2036 actu
2221 1993 2357 2047 ena,
2390 1982 2454 2035 et
2500 1974 2699 2037 nihilo
2746 1975 2959 2037 minus
2999 1977 3350 2037 animatum
3388 1992 3533 2037 con-

2033 2072 2235 2147 sistat,
2268 2080 2457 2154 atque
2488 2092 2565 2135 ex
2596 2074 2751 2136 orbe
2780 2080 2843 2135 et
2870 2074 3085 2135 anima
3114 2073 3254 2153 ejus
3287 2080 3535 2137 constet

2031 2171 2190 2253 quid
2218 2190 2367 2233 vere
2405 2190 2605 2234 unum
2643 2189 2657 2233 :
2691 2190 2891 2254 quum
2932 2180 3144 2234 tamen
3174 2172 3362 2252 (teste
3392 2172 3531 2235 Phi-

2036 2270 2331 2352 losopho)
2360 2288 2436 2332 ex
2476 2270 2727 2333 duobus
2767 2270 2833 2334 in
2877 2279 3024 2333 actu
3069 2277 3346 2352 nequeat
3387 2270 3533 2333 fieri

2037 2388 2257 2431 unum.
2294 2369 2451 2431 Hinc
2491 2369 2601 2431 illa
2638 2370 2859 2451 opinio
2899 2376 3196 2432 censetur
3232 2368 3531 2431 absurda.

2114 2468 2407 2530 Attamen
2440 2468 2661 2531 Scotus
2694 2466 2863 2529 circa
2892 2466 3012 2530 hoc
3050 2467 3139 2529 ait
3178 2467 3244 2529 in
3284 2468 3535 2549 Scripto

2036 2566 2302 2629 secundi
2358 2584 2371 2627 :
2421 2566 2607 2629 Juxta
2664 2565 3083 2629 intentionem
3141 2566 3532 2648 Philosophi,

2035 2684 2237 2746 quum
2270 2664 2481 2728 omnis
2522 2664 2803 2745 potentia
2833 2666 3106 2746 passiva,
3140 2664 3223 2727 sit
3253 2664 3537 2746 potentia

2037 2761 2579 2834 contradictionis,
2630 2768 2703 2823 ut
2750 2761 2815 2823 in
2877 2779 3046 2826 nono
3094 2762 3536 2845 Metaphysicae

2035 2860 2293 2934 dicitur,
2318 2860 2553 2923 coelum
2584 2878 2841 2942 quoque
2871 2860 3226 2923 secundum
3256 2860 3532 2923 Philoso-

2038 2960 2239 3041 phum
2280 2959 2363 3022 sit
2404 2966 2753 3037 aeternum3
2786 2976 3183 3041 consequens
3214 2967 3331 3034 est,
3362 2959 3533 3041 quod

421 3061 723 3144 equidem
758 3068 824 3122 et
852 3059 1194 3141 Prophetas
1221 3057 1463 3139 Spiritu
1495 3056 1726 3119 Sancto
1755 3055 1924 3119 locu·
1956 3060 2000 3125 C
2033 3059 2215 3139 juxta
2246 3058 2665 3120 intentionem
2696 3056 3085 3139 Philosophi,
3120 3058 3281 3119 nihil
3315 3058 3381 3119 in
3410 3076 3537 3121 coe-

419 3171 544 3233 toS,
597 3157 960 3222 certissime
1019 3174 1256 3235 nosco;
1314 3154 1718 3218 Aristotelem
1774 3172 1926 3219 vero

421 3278 616 3321 sensu
668 3258 955 3321 humano
1003 3256 1069 3321 in
1119 3255 1341 3319 multis
1389 3256 1752 3337 deceptum,
1799 3271 1924 3318 non

423 3357 669 3421 dubito.
705 3356 956 3421 Sanctis
993 3372 1146 3436 ergo
1185 3354 1574 3417 credendum
1615 3360 1734 3426 est,
1770 3372 1924 3434 prae-

422 3455 648 3519 sertim
683 3455 750 3517 in
778 3454 882 3517 his
911 3472 1052 3536 quae
1090 3450 1514 3515 assertissime
1553 3459 1743 3532 atque
1783 3467 1928 3512 con-

422 3554 704 3617 corditer
741 3553 1004 3630 dicunt3
1035 3557 1102 3613 et
1140 3550 1204 3612 in
1251 3548 1486 3611 talibus
1529 3548 1816 3629 redigere
1861 3548 1927 3611 in

425 3652 864 3735 captivitatem
910 3650 1244 3733 proprium
1291 3648 1687 3710 intellectum
1737 3645 1926 3710 debe-

425 3771 574 3815 mus
618 3751 684 3813 in
730 3749 962 3813 Christi
1007 3747 1412 3828 obsequium.

502 3851 594 3913 De
623 3849 726 3911 his
758 3848 826 3912 in
857 3845 1360 3909 Elementatione
1397 3843 1756 3925 theologica
1793 3843 1924 3927 ple-

421 3949 574 4013 nius
615 3947 989 4010 disseretur.

839 4153 1362 4220 PROPOSITIO
1409 4152 1519 4217 LI.

503 4343 846 4411 Materia
889 4337 1212 4423 proprie
1261 4338 1478 4405 diota
1524 4340 1612 4405 tn
1655 4352 1924 4421 corpo-

422 4444 652 4513 ribus
697 4439 1160 4508 coelestibus
1207 4440 1330 4504 est
1381 4440 1760 4519 ponenda.

369 4585 400 4625 ι,
507 4543 684 4619 Quod
727 4548 848 4614 est,
894 4540 1045 4622 quia
1089 4539 1190 4619 (ut
1233 4537 1466 4619 patuit)
1507 4553 1772 4619 corpora
1815 4536 1924 4598 illa

429 4650 582 4707 sunt
636 4660 714 4704 ex
773 4638 1038 4701 materia
1087 4644 1150 4699 et
1203 4634 1408 4699 forma
1465 4654 1614 4698 vere
1672 4651 1926 4717 compo-

429 4744 590 4821 sita;
639 4759 716 4803 ac
773 4738 954 4819 juxta
1005 4735 1484 4817 Philosophum,
1533 4734 1626 4797 sol
1679 4742 1924 4799 constat

430 4861 509 4905 ex
537 4848 668 4903 tota
699 4856 816 4901 sua
847 4834 1150 4913 materia3
1181 4834 1500 4916 quantitas
1540 4850 1794 4915 quoque
1831 4852 1924 4896 se-

429 4940 648 5023 quitur
703 4934 1128 4999 substantiam
1189 4932 1431 4995 ratione
1487 4939 1552 4994 et
1607 4950 1686 4994 ex
1743 4939 1922 5013 parte

429 5036 733 5109 materiae,
788 5052 906 5096 nec
955 5033 1088 5095 sola
1136 5030 1340 5093 forma
1383 5038 1592 5113 potest
1635 5050 1772 5093 esse
1830 5030 1926 5094 di·-

427 5136 840 5201 mensionum
912 5130 1298 5211 subjectum.
1358 5129 1682 5203 Praeterea,
1733 5146 1924 5193 omne

425 5236 688 5307 mobile,
735 5250 930 5295 omne
991 5227 1316 5301 sensibile,
1376 5245 1565 5291 omne
1625 5245 1922 5311 corpore-

425 5356 532 5401 um
582 5333 786 5397 habet
833 5328 1188 5392 materiam.
1237 5326 1688 5391 Verumtamen
1743 5328 1923 5392 Com-

673 5466 740 5517 T.
783 5465 864 5515 33.

2036 3157 2099 3219 lo
2127 3156 2503 3229 consistenS,
2536 3156 2619 3219 sit
2658 3156 2723 3218 in
2767 3155 3285 3219 contradictionis
3315 3164 3535 3239 poten-

2036 3258 2144 3329 tia,
2194 3256 2431 3318 idcirco
2480 3272 2607 3319 non
2656 3254 2851 3317 habet
2900 3256 3230 3317 materiam
3279 3271 3293 3316 :
3340 3274 3533 3337 quam

2035 3356 2089 3418 si
2140 3354 2423 3428 haberet,
2476 3353 2828 3416 formaliter
2878 3352 3295 3435 corruptibile
3344 3362 3533 3427 esset,

2035 3453 2575 3536 quemadmodum
2640 3452 2827 3533 ignis.
2880 3452 3180 3527 Quamvis
3226 3452 3401 3515 enim
3452 3452 3533 3515 ab

2035 3552 2396 3615 extrinseco
2426 3568 2553 3613 non
2586 3559 2800 3632 posset
2830 3550 3179 3633 corrumpi,
3212 3551 3363 3633 quia
3404 3568 3532 3615 non

2036 3650 2299 3712 haberet
2340 3648 2774 3726 contrarium3
2807 3656 3085 3710 attamen
3120 3648 3285 3711 intra
3322 3668 3389 3712 se
3428 3649 3533 3711 ha-

2035 3746 2216 3810 beret
2272 3746 2705 3828 corruptionis
2767 3746 3185 3827 principium,
3247 3764 3377 3828 quo
3432 3765 3533 3809 res

2035 3853 2246 3927 potest
2272 3863 2411 3908 esse
2441 3852 2505 3907 et
2536 3862 2663 3907 non
2692 3862 2849 3906 csse.
2872 3844 3029 3907 Hinc
3059 3845 3369 3908 Averroes
3401 3863 3531 3908 me-

2035 3944 2160 4006 lius
2203 3943 2503 4006 babuisse
2549 3943 2801 4006 videtur
2845 3950 3125 4005 mentem
3176 3943 3531 4007 Aristotelis

2037 4042 2100 4105 in
2133 4041 2297 4105 libro
2326 4042 2405 4105 de
2436 4040 2801 4103 Substantia
2828 4040 3023 4115 orbiS‚
3058 4059 3249 4122 quam
3280 4042 3389 4104 alii
3422 4058 3530 4124 po-

2033 4150 2257 4204 nentes
2302 4141 2365 4203 in
2409 4139 2573 4204 coelo
2616 4140 2964 4202 materiam.

1953 4250 2004 4313 D
2113 4240 2207 4303 Ad
2239 4239 2407 4322 quod
2440 4238 2978 4321 respondendum,
3012 4238 3182 4320 quod
3212 4256 3337 4301 non
3369 4258 3531 4321 quae·

2035 4356 2314 4420 cumque
2346 4337 2631 4409 materia,
2650 4337 2759 4399 sed
2792 4336 3131 4418 privationi
3160 4355 3421 4408 annexa,
3436 4347 3533 4401 est

2036 4436 2463 4519 corruptionis
2515 4435 2929 4518 principium.
2982 4436 3283 4509 Quamvis
3337 4438 3531 4504 etiam

2039 4534 2303 4599 materia
2333 4533 2689 4596 secundum
2718 4550 2785 4595 se
2816 4540 3092 4615 sumpta,
3126 4541 3294 4596 esset
3326 4533 3393 4596 in
3424 4552 3531 4615 po-

2035 4634 2237 4697 tentia
2284 4631 2828 4705 contradictionis,
2881 4640 3093 4693 tamen
3154 4640 3223 4693 ut
3280 4640 3533 4695 actuata

2035 4733 2241 4796 forma
2278 4730 2635 4813 appetitum
2670 4730 2810 4810 ejus
2842 4730 3109 4793 satiante
3138 4748 3211 4793 ac
3243 4730 3531 4813 quietan-

2033 4840 2118 4905 te‚
2149 4832 2280 4912 jam
2324 4830 2403 4892 ad
2442 4848 2643 4891 unum
2683 4835 2782 4891 est
2817 4827 3253 4891 determinata.
3290 4828 3530 4893 Postre-

2036 4949 2163 5004 mo,
2212 4928 2565 4992 secundum
2624 4926 3101 5008 Philosophum,
3152 4928 3347 4991 etiam
3404 4929 3531 4991 ele·

2037 5038 2248 5094 menta
2294 5028 2502 5110 quoad
2551 5046 2619 5089 se
2666 5034 2815 5101 tota,
2866 5034 3115 5089 exstant
3162 5035 3419 5104 aeterna,
3468 5037 3531 5093 et

2035 5138 2247 5193 tamen
2278 5126 2515 5190 habent
2553 5127 2618 5189 in
2658 5144 2727 5187 se
2772 5125 3101 5188 materiam
3144 5129 3399 5211 proprie
3442 5130 3531 5192 di-

2032 5236 2198 5292 ctam
2243 5235 2306 5290 et
2350 5224 2883 5299 contrarietatem,
2931 5225 3062 5289 imo
3098 5234 3161 5289 et
3199 5229 3531 5295 materiam

2039 5324 2381 5413 privationi
2424 5342 2758 5387 annexam.

3256 5461 3285 5515 5
