4300 6259
377 846 839 899 SANCTISSIMO
901 847 974 897 m
1036 846 1336 896 CHRISTO
1387 845 1596 895 PATRI
1658 844 1749 895 Ac
1808 844 2082 893 DOMINO
2149 844 2221 893 D.
2281 844 2634 894 CLEMENTI
2698 845 2829 912 vll,
2895 845 3216 895 ROMANAE
3276 844 3476 895 SEDIS

519 964 758 1024 ATQUE
841 963 1316 1017 UNIVERSALIS
1403 961 1762 1012 ECCLESIAE
1835 960 2090 1010 mleA
2164 961 2645 1011 PROVIDENTIA
2738 961 3115 1031 PONTIFICI,
3196 962 3475 1011 FRATER

520 1081 791 1132 PETRUS
841 1080 1256 1149 LEYDENSIS,
1301 1078 1871 1130 CARTUSIENSIUM
1921 1078 1992 1128 IN
2043 1078 2351 1129 COLONIA
2398 1078 2639 1147 PRIOR,
2692 1078 2861 1129 POST
2918 1079 3193 1131 OSCULA
3230 1078 3473 1131 PEDUM

519 1196 998 1265 sAnc'rirA'rss,
1055 1196 1224 1247 sust:
1279 1195 1722 1247 COMMENDAT
1753 1172 1802 1243 ¹.

659 1580 910 1643 nachus
947 1582 1142 1661 atque
1189 1578 1351 1641 adeo
1406 1577 1701 1657 eremita,
1744 1576 2146 1659 Apostolicae
2196 1576 2411 1639 ausim
2458 1576 2740 1639 scribere
2780 1576 3193 1641 Celsitudini.
3236 1578 3485 1642 Verum

658 1688 782 1749 hac
827 1687 895 1749 in
951 1704 1020 1749 re
1067 1688 1200 1747 tam
1245 1684 1440 1765 longe
1485 1701 1524 1746 a
1569 1701 1674 1747 me
1731 1684 1832 1747 est
1885 1683 2147 1763 turgida
2192 1683 2447 1764 quaevis
2502 1685 2955 1765 praesumptio,
2992 1702 3193 1766 quam
3246 1702 3283 1747 a
3320 1686 3485 1749 San-

371 1796 596 1858 ctitate
639 1794 782 1857 Tua
842 1792 1060 1856 omnis
1115 1792 1300 1855 abest
1355 1791 1575 1854 elatio.
1619 1790 1858 1869 Quare,
1902 1790 2074 1853 sicut
2133 1790 2575 1853 Beatitudinis
2611 1790 2769 1853 Tuae
2828 1792 3215 1855 excellentia
3270 1793 3485 1857 filium

369 1919 500 1966 non
543 1900 817 1984 spernit,
859 1902 952 1963 ita
1001 1899 1346 1981 parvitatis
1381 1916 1546 1961 meae
1595 1898 1940 1961 humilitas
1976 1901 2231 1979 patrem
2270 1898 2575 1961 accedere
2616 1916 2747 1961 non
2796 1899 3054 1962 metuit.
3097 1900 3262 1973 Quis
3306 1902 3481 1965 enim

369 2010 452 2073 ad
489 2010 742 2090 patrem
778 2007 916 2071 filio
959 2022 1296 2070 accessum
1335 2004 1558 2069 vetet?
1589 2005 1754 2079 Quis
1791 2004 1928 2069 filio
1977 2006 2319 2085 irascatur,
2356 2007 2609 2087 patrem
2658 2006 2713 2069 si
2764 2005 3017 2086 diligat,
3062 2008 3119 2069 si
3174 2010 3483 2089 suggerat

369 2116 608 2195 eidem,
651 2116 708 2179 si
760 2115 1044 2197 denique
1082 2113 1259 2195 quod
1297 2114 1364 2175 in
1416 2130 1554 2177 rem
1595 2114 1680 2175 sit
1729 2113 2074 2194 utriusque
2125 2112 2479 2175 consulat?
2510 2112 2761 2177 Mihine
2804 2112 3153 2177 formidem
3208 2118 3281 2177 ut
3332 2116 3483 2197 quis

367 2224 770 2301 succenseat,
819 2221 934 2285 ubi
983 2238 1213 2285 omnes
1260 2224 1324 2285 et
1373 2218 1682 2283 Ecclesiae
1733 2219 2028 2282 membra
2071 2221 2136 2283 et
2188 2220 2287 2282 tui
2338 2236 2573 2283 sumus
2619 2219 2765 2299 filii,
2814 2220 2896 2301 si,
2942 2222 3017 2283 ut
3072 2221 3353 2303 corpori,
3408 2223 3484 2285 ut

367 2330 682 2393 fratribus
733 2330 921 2407 meis,
957 2330 1032 2392 ut
1071 2324 1226 2391 filiis
1268 2328 1402 2391 tuis
1445 2328 1734 2408 aegrotiS,
1777 2344 1933 2390 cura
1973 2326 2351 2409 sanitasque
2390 2344 2429 2390 a
2462 2327 2863 2391 paternitate
2891 2327 3033 2391 Tua
3070 2328 3480 2411 adhibeatur,

367 2438 526 2502 Tuae
564 2436 930 2519 supplicem
973 2435 1368 2501 Sanctitati?
1397 2435 1572 2509 Quid
1622 2434 1822 2499 velim
1871 2436 2233 2515 praesentit,
2276 2452 2444 2513 reor,
2486 2435 2813 2499 Sanctitas
2843 2436 3006 2499 Tua.
3040 2437 3269 2519 Neque
3306 2439 3485 2503 enim

367 2563 520 2611 meo
579 2546 861 2624 tantum,
916 2544 1032 2609 sed
1087 2543 1450 2607 multorum
1508 2542 1798 2607 filiorum
1848 2545 1956 2627 (ne
1999 2542 2216 2607 dicam
2266 2542 2597 2625 omnium)
2646 2544 2939 2623 nomine,
2996 2543 3483 2609 Beatitudinem

365 2652 578 2717 Tuam
617 2652 960 2716 conveniO.
1010 2651 1250 2715 Curam
1306 2667 1506 2733 quam
1555 2650 2002 2732 exposcimuS,
2057 2650 2595 2713 reformationem
2634 2667 2951 2713 vocamus
2996 2650 3337 2715 Ecclesiae.
3380 2652 3481 2715 Ad

367 2776 568 2841 quam
605 2759 759 2823 licet
793 2758 1124 2840 permulta
1165 2758 1300 2821 sint
1337 2775 1484 2838 quae
1524 2756 2010 2821 Beatitudinem
2043 2756 2253 2819 Tuam
2294 2773 2425 2819 non
2475 2757 2609 2820 tam
2640 2758 2917 2821 invitare
2957 2756 3237 2821 debeant
3283 2776 3483 2839 quam

365 2866 730 2945 stimulare,
765 2882 980 2947 operae
1024 2864 1310 2946 pretium
1348 2866 1570 2927 tamen
1615 2864 1735 2942 est,
1769 2862 1932 2945 quid
1969 2881 2090 2927 nos
2129 2880 2393 2946 quoque
2432 2864 2711 2945 piosque
2749 2881 2979 2927 omnes
3021 2867 3305 2945 moveat,
3348 2883 3481 2929 non

363 2973 599 3037 tacere.
660 2972 794 3036 Cur
843 2972 1206 3037 audeamus
1271 2988 1525 3051 omneS,
1580 2988 1700 3053 pro
1762 2970 2075 3035 Ecclesiae
2127 2971 2503 3052 integritate
2568 2972 2927 3053 reparanda
2978 2971 3347 3037 Concilium
3408 2975 3484 3037 ut

364 3082 692 3145 statuatur
747 3080 1072 3162 generale,
1120 3079 1280 3143 Tuae
1337 3078 1684 3143 Sanctitati
1743 3078 2136 3159 supplicare,
2196 3080 2487 3160 primum
2546 3096 2702 3143 sane
2759 3096 2834 3142 ac
2890 3079 3299 3161 praecipuum
3356 3081 3478 3161 est,

363 3188 542 3270 quod
597 3206 806 3270 quum
857 3204 1112 3267 omnes,
1154 3189 1296 3250 tum
1353 3187 1700 3267 potissime
1744 3186 1956 3249 Tuam
2011 3185 2205 3249 debet
2266 3186 2549 3250 excitare
2605 3186 3035 3250 Sanctitatem
3084 3187 3293 3268 gloria
3329 3188 3476 3253 Dei.

363 3296 576 3370 Quem
615 3296 794 3360 enim
832 3294 1014 3377 (licet
1055 3294 1364 3359 omnibus
1411 3294 1480 3356 in
1530 3292 1880 3357 dominicae
1929 3294 2139 3357 vineae
2186 3294 2443 3356 cultura
2480 3294 2885 3375 operandum
2926 3292 3039 3375 sit)
3075 3293 3237 3359 adeo
3289 3294 3484 3360 debet

361 3402 542 3467 zelus
601 3402 944 3467 comedere
999 3401 1238 3465 domus
1295 3401 1418 3465 Dei
1477 3402 1676 3481 atque
1722 3400 1934 3464 Tuam
1990 3400 2442 3480 Sanctitatem,
2492 3400 2737 3464 Pater?
2784 3400 3045 3482 Quippe
3096 3402 3203 3465 cui
3258 3420 3480 3467 rerum

363 3527 626 3573 summa
662 3527 701 3573 a
737 3509 878 3572 Deo
909 3508 1266 3572 commissa
1296 3510 1436 3590 est;
1469 3508 1576 3571 cui
1614 3507 1866 3571 dictum
1907 3508 2028 3588 est,
2063 3506 2401 3588 Quidquid
2440 3506 2747 3589 ligaveris
2784 3524 2983 3588 super
3020 3509 3285 3589 terram,
3318 3510 3481 3592 etc.;

363 3617 478 3699 qui
519 3616 752 3699 jussus
789 3633 860 3679 es
897 3616 1264 3679 dominicas
1301 3632 1568 3697 pascere
1615 3632 1772 3679 oves
1802 3636 1818 3697 ;
1852 3615 1960 3679 cui
1998 3615 2345 3696 potestatis
2392 3613 2750 3677 commissa
2798 3616 2897 3678 est
2944 3614 3328 3698 plenitud03
3368 3618 3483 3698 qui

362 3724 608 3788 Christi
636 3724 778 3806 agis
813 3723 1134 3787 vicarium
1157 3724 1227 3786 in
1259 3723 1451 3787 terris
1469 3745 1486 3805 ;
1504 3723 1586 3787 de
1618 3723 1810 3805 cujus
1847 3740 2050 3787 manu
2079 3722 2450 3803 requiretur
2478 3738 2915 3804 quaecumque
2945 3722 3213 3803 perierit
3238 3724 3479 3787 anima.

361 3832 683 3907 Quocirca
734 3831 908 3911 vide,
947 3830 1340 3894 Beatissime
1397 3830 1613 3910 Pater,
1649 3833 1894 3912 quanta
1950 3830 2084 3893 sint
2139 3846 2287 3910 quae
2346 3829 2409 3893 te
2462 3828 2565 3892 vel
2618 3846 2851 3909 cogere
2907 3829 3209 3909 debeant,
3243 3831 3317 3894 ut
3364 3849 3482 3913 pro

359 3938 707 4003 animabus
741 3938 882 4002 Deo
920 3937 1310 4001 reducendis
1340 3935 1710 4001 Concilium
1750 3938 2099 4015 statuatur,
2123 3936 2323 4017 idque
2362 3936 2629 4016 propter
2665 3935 2944 4016 gloriam
2982 3936 3129 4014 Dei,
3172 3936 3253 3999 ad
3282 3955 3481 4018 quam

357 4048 434 4109 tu
471 4062 604 4128 prae
645 4046 877 4109 ceteris
914 4044 1332 4125 quaerendam
1381 4046 1518 4106 tam
1569 4062 1638 4106 es
1683 4043 2008 4121 addictuS,
2051 4044 2373 4124 quantum
2411 4041 2803 4105 mortalibus
2851 4042 3105 4105 cunctis
3152 4043 3373 4107 verius
3410 4046 3484 4108 tu

359 4154 660 4217 omnium
698 4154 994 4235 praestas.
1029 4150 1204 4225 Quid
1242 4150 1448 4232 (quod
1487 4150 1567 4213 ad
1611 4152 1798 4214 tuum
1845 4167 2109 4230 quoque
2151 4150 2437 4212 officium
2478 4149 2711 4211 attinet
2747 4149 3129 4212 scandalum
3177 4166 3481 4215 amovere

359 4258 786 4343 pusillorum)
834 4258 1282 4340 ignorantium
1343 4257 1624 4320 clamare
1681 4257 1863 4319 aliud
1919 4274 2143 4338 quam,
2178 4256 2359 4337 Papa
2396 4256 2765 4319 Concilium
2830 4256 3137 4337 colligere
3192 4258 3479 4339 metuit3

359 4366 832 4432 Sanctissimus
877 4364 1414 4428 reformationem
1455 4381 1586 4427 non
1625 4364 1862 4444 quaerit
1891 4384 1907 4445 ;
1939 4363 2183 4427 Christi
2223 4362 2529 4427 Vicarius
2576 4379 2853 4444 pompas
2906 4365 2972 4427 et
3016 4381 3227 4445 pupas
3266 4365 3484 4429 renuit

357 4474 696 4555 deserere3
737 4473 890 4536 cleri
929 4472 1268 4535 lasciviam
1302 4472 1612 4534 Pontifex
1649 4488 1781 4535 non
1831 4472 2098 4552 corrigit
2127 4492 2143 4551 3
2176 4471 2547 4534 animarum
2584 4471 3021 4552 perditionem
3058 4472 3483 4552 Apostolicus

357 4598 491 4645 non
521 4580 758 4662 sentit;
797 4580 1042 4643 Rector
1075 4576 1411 4669 Ecclesiae,
1451 4578 1729 4641 Concilii
1767 4579 2054 4641 remedia
2103 4595 2238 4640 non
2286 4577 2626 4640 admittit?
2664 4578 2808 4657 Hae,
2834 4578 3225 4641 Beatissime
3262 4578 3478 4662 Pater,

359 4688 732 4767 calumniae,
767 4689 1090 4770 quantum
1136 4688 1330 4769 putas
1383 4703 1506 4750 nos
1553 4686 1831 4767 piosque
1883 4702 2112 4749 omnes
2148 4685 2266 4767 qui
2314 4686 2394 4749 de
2450 4686 2591 4749 Tua
2639 4686 2995 4749 Sanctitate
3043 4686 3237 4767 longe
3293 4687 3483 4751 aliter

375 1472 858 1748 MIRUM
897 1470 1172 1535 fortasse
1217 1470 1449 1534 multis
1485 1469 1838 1549 videbitur,
1879 1468 2307 1533 Sanctissime
2344 1468 2560 1549 Pater,
2604 1470 2781 1550 quod
2828 1470 3125 1551 privatus
3172 1487 3291 1551 ego
3338 1488 3483 1535 mo-

357 4796 672 4875 sentiunt,
725 4794 1146 4875 exulcerant3
1196 4794 1601 4875 quantumve
1649 4810 1684 4855 e
1730 4792 1989 4855 diverso
2048 4810 2163 4856 eos
2218 4794 2333 4874 qui
2371 4792 2582 4855 Tuam
2623 4793 3049 4856 Sanctitatem
3104 4794 3481 4873 ignorantes

357 4904 500 4967 haec
559 4902 854 4981 credunt,
917 4900 1409 4965 scandalizant?
1461 4900 1638 4964 Num
1695 4901 1962 4981 propter
2007 4898 2287 4980 gloriam
2337 4899 2461 4963 Dei
2512 4917 2643 4962 non
2702 4900 2911 4962 satius
2970 4897 3138 4962 foret
3194 4900 3297 4963 vel
3353 4902 3479 4964 hoc

267 5002 740 5110 {kscmdalum
777 5007 1030 5087 tollere,
1075 5010 1140 5072 et
1176 5025 1378 5089 quam
1415 5006 1660 5088 injuste
1707 5006 2056 5086 derogetur
2083 5006 2428 5070 Sanctitati
2466 5006 2649 5085 Tuae,
2690 5022 3021 5087 quamque
3058 5003 3251 5087 plane
3293 5023 3479 5069 men-

253 5103 612 5201 ‚Q-Jtiantur
648 5134 878 5181 omnes
913 5116 1032 5198 qui
1079 5116 1330 5179 curiam
1381 5118 1562 5179 tuam
1609 5116 1675 5179 et
1725 5114 2017 5177 avaritiae
2057 5115 2122 5177 et
2158 5113 2440 5177 luxuriae
2480 5112 2837 5177 obnoxiam
2876 5112 3117 5192 ferunt,
3164 5112 3477 5177 omnibus

471 5310 486 5348 ⁴
528 5306 783 5382 Epistola
818 5305 1173 5364 dedicatoria
1207 5305 1352 5363 tomi
1383 5306 1404 5362 1
1435 5308 1694 5381 Operum
1729 5306 2050 5370 minorum,
2081 5301 2355 5370 Colonioe,
2398 5302 2556 5359 1532.
