4300 6259
1083 495 1506 543 unumunurm
1543 495 1942 544 motoolm.
1983 511 2066 527 ·····
2107 497 2188 544 ΒΕ
2230 496 2684 545 chRNArlout
2726 497 2963 547 CHRISTI

3454 481 3571 546 201

464 675 580 731 tur
625 687 642 732 τ
691 669 758 732 in
809 668 1071 733 nomine
1120 684 1265 732 meo
1311 668 1634 732 daemones
1679 665 1964 748 ejicient,
1993 663 2048 732 A
2079 667 2391 750 populum
2448 669 2528 733 de
2572 669 2861 754 AEgypto,
2915 671 3227 734 mundum
3284 670 3573 746 salvavit,

465 766 712 849 linguis
741 767 1086 851 loquentur
1115 767 1314 840 novis,
1345 773 1672 848 serpentes
1702 765 1966 846 tollent3

465 871 536 926 et
579 865 634 928 si
691 866 1098 930 mortiferum
1144 864 1302 948 quid
1349 863 1654 938 biberint,
1705 882 1830 929 non
1876 863 1968 928 eis

465 963 749 1028 nocebit.

802 1227 1321 1294 PROPOSITIO
1369 1227 1637 1292 CXVH.

545 1457 642 1523 In
685 1457 1009 1524 christo
1051 1457 1386 1538 utraque
1429 1458 1716 1524 natura
1756 1470 1966 1523 man·

457 1555 578 1622 sit
643 1555 967 1632 integra
1033 1555 1118 1620 et
1183 1552 1536 1634 perfecta
1592 1573 1610 1620 ε
1668 1554 1967 1621 idcirco

456 1652 1081 1720 communicatio
1109 1653 1582 1720 idiomatum
1611 1651 1852 1720 habet
1879 1651 1966 1720 in

457 1751 640 1832 ipso
700 1750 1014 1830 locum;
1059 1748 1148 1815 in
1195 1765 1352 1832 qua
1397 1751 1588 1831 quid
1636 1752 1965 1833 propter

2076 775 2325 830 creator
2376 775 2475 832 est
2531 788 2661 831 suae
2718 769 2932 832 Matris
2988 770 3313 852 totiusque
3377 768 3575 844 orbis,

2075 872 2138 928 et
2167 865 2249 928 ab
2280 865 2419 948 ipso
2450 866 2726 949 Spiritus
2754 866 3023 930 Sanctus
3055 867 3345 950 procedit
3375 885 3390 929 :
3424 885 3579 948 quo-

2075 964 2251 1027 niam
2297 965 2478 1028 lesus
2528 984 2639 1028 seu
2686 965 2975 1028 Christus
3022 965 3089 1029 in
3137 965 3239 1028 his
3280 972 3346 1028 et
3374 965 3579 1029 consi·

2077 1063 2343 1126 milibus
2382 1062 2597 1128 verbis
2636 1063 2985 1128 increatam
3026 1063 3333 1146 supponit
3370 1081 3581 1144 perso·

2077 1181 2248 1225 nam.
2312 1161 2391 1224 Et
2458 1163 2576 1226 hoc
2634 1161 3133 1225 communicatio
3200 1162 3577 1226 idiomatum

2076 1269 2509 1344 nuncupatur,
2561 1260 2733 1342 quod
2782 1279 3109 1324 sermones
3165 1279 3305 1343 quae
3362 1260 3578 1324 divina

2075 1366 2228 1421 sunt
2275 1359 2731 1441 exprimenteS,
2776 1359 3024 1422 homini
3074 1364 3469 1450 competunt,
3517 1367 3582 1422 et

2075 1457 2295 1519 divina
2332 1457 2411 1520 de
2452 1457 2709 1520 homine
2750 1456 3220 1539 praedicantur3
3253 1475 3581 1520 sermones

2074 1571 2333 1637 quoque
2391 1574 2533 1637 quae
2589 1555 2871 1618 humana
2938 1563 3089 1618 sunt
3147 1555 3577 1637 designantes,

2076 1654 2469 1717 conveniunt
2508 1655 2657 1727 Dec,
2690 1661 2755 1716 et
2800 1653 3219 1716 enuntiantur
3260 1655 3339 1716 de
3378 1672 3476 1717 eo.
3509 1654 3579 1716 In

2075 1751 2313 1833 quibus
2350 1751 2672 1834 sapienter
2710 1759 2961 1834 oportet
2998 1751 3395 1834 perpendere
3426 1753 3581 1834 quid

455 1850 656 1930 quid
683 1848 999 1916 dicatur
1025 1848 1615 1929 sapienfflaliter
1632 1851 1757 1916 est
1787 1863 1964 1930 pen·
2000 1839 2048 1901 Β
2077 1858 2339 1932 propter
2365 1850 2519 1932 quid
2550 1850 2819 1923 dicatur,
2854 1851 2918 1913 id
2958 1857 3075 1922 est,
3110 1850 3353 1912 ratione
3393 1849 3581 1930 cujus

459 1947 828 2014 eandum.

543 2044 722 2118 Quod
765 2048 882 2116 est,
931 2043 1234 2125 quoniam
1279 2043 1568 2106 Christus
1615 2043 1680 2106 in
1723 2043 1966 2106 unitate

457 2159 756 2226 personae
813 2149 911 2204 est
967 2160 1158 2204 verus
1218 2143 1384 2204 Deus
1447 2159 1462 2203 z
1522 2142 1668 2204 ideo
1725 2160 1962 2216 veram,

457 2249 768 2305 aeternam
814 2248 881 2302 et
919 2239 1512 2303 incommutabilem
1555 2240 1746 2304 habet
1789 2241 1854 2303 in
1898 2259 1966 2302 se

459 2340 772 2403 deitatem
821 2345 893 2400 ut
949 2339 1050 2400 sui
1109 2339 1452 2402 essentiam
1509 2357 1583 2402 ac
1631 2345 1964 2417 naturam3

457 2446 528 2501 et
559 2455 750 2500 verus
780 2436 974 2500 homo
999 2453 1014 2498 :
1039 2445 1300 2520 propter
1326 2437 1498 2519 quod
1529 2456 1745 2500 veram
1776 2437 1969 2500 habet

455 2536 932 2599 humanitatem
963 2554 1041 2599 ex
1071 2537 1286 2598 anima
1314 2536 1607 2599 rationali
1645 2543 1711 2600 et
1748 2534 1968 2598 huma-

455 2654 545 2696 na
577 2653 769 2697 carne
799 2641 1220 2698 constantem.
1243 2633 1372 2698 Nec
1403 2634 1646 2717 aliquid
1679 2633 1868 2697 Verbi
1901 2633 1964 2696 in

454 2751 726 2796 carnem
759 2740 1073 2795 mutatum
1103 2739 1222 2806 est,
1257 2739 1328 2794 ut
1356 2732 1520 2795 dixit
1550 2733 1726 2794 rudis
1756 2739 1820 2796 et
1851 2733 1964 2794 im-

453 2830 614 2913 pius
657 2829 1086 2912 Apollinaris;
1126 2849 1244 2893 nec
1299 2847 1376 2892 ex
1425 2839 1694 2912 utraque
1742 2837 1968 2892 natura

454 2927 812 2991 constituta
829 2934 927 2990 est
947 2929 1150 3000 tertia,
1167 2935 1239 2989 ut
1259 2927 1574 3012 Eutyches
1606 2927 1631 2990 f
1635 2928 1826 3006 inxit3
1849 2946 1966 2990 nec

2073 1955 2318 2010 naturas
2376 1948 2603 2010 horum
2678 1948 3012 2030 quodlibet
3076 1947 3443 2010 affirmetur
3498 1947 3579 2010 de

2075 2045 2347 2120 Christ0,
2399 2045 2697 2109 videlicet
2757 2053 3019 2128 propter
3066 2045 3377 2108 unitatem
3438 2065 3577 2128 per·

2075 2159 2267 2216 sonae,
2314 2149 2376 2204 et
2426 2141 2780 2206 formaliter
2822 2143 3067 2206 ratione
3113 2141 3389 2223 alicujus
3436 2161 3578 2224 spe-

2074 2239 2255 2302 cialis
2302 2247 2561 2303 naturae.
2618 2239 2891 2314 Etenim,
2944 2241 3239 2323 quamvis
3298 2240 3579 2303 humana

2074 2339 2205 2401 Deo
2260 2338 2353 2400 sic
2408 2338 2875 2412 adscribantur,
2938 2339 3058 2402 hoc
3114 2345 3330 2401 tamen
3390 2339 3579 2420 origi—

2075 2437 2307 2500 naliter
2352 2455 2425 2500 ac
2471 2436 2824 2500 formaliter
2868 2447 2967 2500 est
3004 2457 3083 2501 ex
3128 2445 3307 2521 parte
3355 2437 3577 2500 huma·

2073 2535 2291 2596 nitatis
2332 2543 2675 2618 assumptae
2712 2553 2725 2598 :
2762 2543 2833 2598 ut
2868 2555 3009 2598 esse
3050 2555 3307 2620 passum
3328 2554 3345 2616 ;
3376 2555 3578 2619 quum

2073 2632 2275 2694 deitas
2312 2633 2697 2695 aeternaliter
2734 2633 3151 2715 impassibilis
3190 2642 3573 2716 perseveret.

2074 2730 2179 2793 Sic
2237 2738 2301 2793 et
2355 2730 2573 2792 divina
2629 2731 2933 2793 dicuntur
2990 2732 3069 2795 de
3124 2731 3387 2796 homine
3442 2733 3573 2808 illo,

2075 2835 2146 2890 ut
2186 2836 2415 2890 cuncta
2455 2846 2725 2902 creasse,
2759 2829 3019 2912 proprie
3060 2830 3302 2894 ratione
3342 2831 3575 2894 divinae

2075 2933 2335 2989 naturae.
2380 2926 2645 3000 Idcirco,
2688 2928 3041 2990 secundum
3092 2927 3573 3012 Hieronymum,

455 3045 584 3109 per
613 3026 810 3089 solam
851 3033 916 3088 et
953 3026 1374 3090 excellentem
1413 3025 1628 3107 gratiae
1658 3024 1968 3088 inhabita·
1997 3023 2042 3088 C
2076 3031 2344 3105 utraque
2376 3031 2601 3087 natura
2634 3025 2695 3087 in
2728 3023 2977 3088 Christo
3006 3031 3263 3108 operata
3292 3033 3389 3088 est
3428 3043 3575 3088 cum

456 3125 712 3187 tionem
768 3124 934 3186 facta
980 3131 1080 3186 est
1129 3124 1283 3187 unio
1329 3124 1664 3186 ambarum
1715 3130 1966 3186 natura-

455 3241 614 3285 rum
657 3223 722 3284 in
763 3221 1036 3296 Christo,
1071 3229 1138 3284 ut
1189 3222 1438 3284 inimici
1473 3223 1606 3296 Dei,
1639 3221 1967 3286 Nestorius

452 3320 825 3402 patriarcha
853 3319 1614 3402 ConstantinopolitanuS,
1629 3319 1966 3383 Dioscorus

449 3435 724 3500 quoque
770 3417 1128 3498 patriarcha
1173 3417 1658 3491 AlexandrinuS,
1709 3425 1774 3480 et
1821 3424 1966 3481 ante

445 3533 570 3578 eos
595 3514 896 3578 Photinus
927 3513 1399 3596 Mesopotamiae
1427 3515 1792 3598 episcopus,
1818 3523 1969 3578 sunt

447 3612 714 3676 mentiti
752 3630 766 3672 :
797 3629 1076 3693 quorum
1109 3611 1450 3694 perfidiam
1483 3631 1686 3694 usque
1719 3613 1782 3675 in
1815 3632 1970 3696 prae-

445 3731 614 3776 sens
657 3711 989 3774 Sarraceni
1037 3719 1417 3792 sequuntur,
1464 3710 1750 3776 dicentes
1798 3714 1967 3795 quod

449 3809 754 3874 Christus
785 3809 868 3871 sit
899 3827 1100 3891 purus
1139 3809 1347 3883 homo,
1381 3827 1509 3872 non
1549 3827 1740 3872 verus
1779 3811 1963 3874 Deus.

447 3907 626 3970 Hinc
655 3905 957 3981 fatemur,
992 3906 1162 3988 quod
1209 3907 1274 3968 in
1316 3907 1566 3971 Christo
1603 3907 1866 3970 fuerunt
1905 3916 1971 3970 et

447 4013 616 4069 sunt
643 4006 786 4069 duae
814 4005 1238 4088 operationeS,
1265 4006 1586 4087 loquendo
1617 4006 1680 4068 in
1711 4025 1970 4088 genera-

451 4105 526 4178 li,
564 4105 787 4167 divina
816 4103 1118 4168 videlicet
1155 4112 1220 4167 et
1257 4105 1578 4183 humana3
1611 4106 1780 4187 quod
1813 4106 1964 4168 item

2075 3122 2529 3185 communione
2587 3121 2871 3196 alterius,
2919 3123 3457 3205 quemadmodum
3514 3130 3578 3186 et

2076 3239 2225 3284 cum
2257 3221 2517 3284 alterius
2548 3223 3002 3285 communione
3033 3221 3155 3284 fuit
3186 3223 3573 3286 consistens:

2078 3337 2206 3382 non
2250 3327 2464 3382 tamen
2508 3319 2725 3382 divina
2769 3321 2835 3382 in
2879 3319 3285 3384 subsistendo
3326 3327 3391 3382 et
3430 3337 3576 3403 ope-

2077 3417 2278 3480 rando
2319 3415 2719 3499 dependebat
2758 3436 2795 3479 a
2838 3425 3063 3481 natura
3104 3419 3406 3493 humana,
3450 3419 3579 3481 imo

2078 3515 2453 3579 econtrario.

2392 3778 2909 3844 PROPOSITIO
2957 3777 3259 3843 CXVIII.

2160 4007 2641 4073 Humanitas
2686 4004 2995 4072 Christi
3054 4019 3137 4072 se
3193 4005 3437 4073 habet
3477 4009 3575 4074 ad.

2077 4117 2497 4185 personam
2525 4103 2766 4170 Verbi
2806 4104 3286 4170 assumentis
3322 4106 3417 4170 ut
3459 4105 3577 4171 in-

449 4203 522 4265 in
581 4203 725 4284 ipso
771 4209 922 4264 sunt
967 4203 1094 4266 duo
1145 4202 1510 4266 intellectus
1558 4211 1620 4266 et
1668 4204 1810 4266 duae
1863 4221 1967 4266 vo·
1998 4206 2047 4267 D
2075 4202 2621 4268 strumentum
2718 4202 3183 4282 animatum,
3270 4205 3575 4283 propri-

449 4301 766 4374 luntateS,
800 4301 1070 4384 duaeque
1099 4301 1453 4382 sapientiai,
1486 4301 1628 4363 duae
1659 4301 1963 4374 scientias,

447 4400 608 4462 duae
665 4398 1064 4472 dilectioneS,
1119 4399 1260 4462 duae
1321 4399 1540 4460 itidem
1604 4406 1963 4480 potestateS,

447 4505 622 4581 puta
668 4495 908 4571 divina,
962 4497 1264 4570 increata,
1319 4497 1658 4570 immensa,
1707 4505 1962 4572 aeterna,

445 4605 520 4660 et
565 4597 872 4668 humana,
914 4603 1144 4668 creata,
1187 4594 1390 4658 finita.
1438 4595 1597 4658 Hinc
1637 4597 1696 4658 S.
1741 4596 1968 4679 Diony-

149 4725 312 4780 39532,
355 4738 412 4767 ‚v
447 4695 600 4758 sius
637 4694 1076 4777 operationem
1115 4693 1348 4757 Christi
1393 4701 1578 4756 vocat
1608 4698 1961 4778 θεανδρικήν,

111 4790 172 4831 ⁸4
203 4788 404 4830 ⁶³³²*-
449 4793 518 4855 id
553 4799 658 4856 est
683 4791 1068 4855 deivirilem.
1104 4790 1278 4854 Unde
1312 4791 1374 4852 in
1407 4791 1658 4854 Christo
1687 4791 1965 4854 humana

441 4888 898 4953 attribuuntur
943 4890 1072 4952 Deo
1119 4906 1134 4950 :
1182 4895 1253 4950 ut
1293 4907 1434 4952 esse
1475 4896 1858 4970 conceptum
1901 4897 1966 4952 et

443 4997 682 5051 natum
710 5006 788 5050 ex
821 4986 1310 5070 incomparabili
1343 4995 1406 5050 et
1435 4986 1810 5050 felicissima
1826 4988 1964 5051 Vir-

437 5087 630 5169 gine,
661 5103 802 5148 esse
841 5104 1124 5168 passum,
1165 5084 1573 5157 crucifixum,
1611 5084 1958 5167 sepultum,

439 5183 760 5257 esurisse,
793 5181 1110 5256 timuisse,
1141 5190 1260 5246 etc.
1297 5183 1524 5246 Divina
1559 5201 1816 5266 quoque
1854 5184 1962 5246 ho-

435 5281 618 5348 mini
645 5280 1104 5345 adscribuntur
1135 5297 1150 5344 t
1191 5289 1264 5346 ut
1303 5282 1474 5366 quod
1513 5281 1697 5346 Jesus
1739 5281 1960 5346 eduxit

2075 4315 2239 4379 um,
2284 4298 2803 4379 conjunctum
2847 4301 2931 4363 et
2971 4299 3525 4367 immediatum
3559 4321 3575 4367 :

2075 4395 2741 4480 quemadmodum
2783 4410 3069 4479 corpus
3110 4401 3574 4476 organicum

2075 4511 2160 4563 se
2216 4495 2463 4563 habet
2529 4495 2629 4562 ad
2686 4497 3035 4562 animam
3096 4499 3571 4566 rationalem

2075 4597 2340 4676 ipsum
2370 4593 2964 4675 informantem,
2993 4595 3572 4678 vivificantem,

2073 4694 2529 4762 moventem
2559 4695 2642 4758 et
2668 4691 3270 4770 gubernantem.

2154 4791 2329 4864 Quod
2359 4799 2472 4862 est,
2497 4791 2799 4872 quoniam
2833 4790 3205 4871 Unigenitus
3236 4791 3347 4854 Dei
3378 4793 3575 4857 Patris

2071 4889 2279 4952 factus
2310 4896 2407 4950 est
2436 4889 2647 4960 homo,
2682 4895 2995 4969 quatenus
3028 4907 3142 4969 per
3177 4899 3572 4972 assumptam

2071 5007 2107 5051 a
2131 5006 2200 5050 se
2227 4986 2687 5048 humanitatem
2716 4992 3087 5068 operaretur
3110 4995 3386 5050 nostram
3414 4989 3577 5053 salu-

2073 5092 2197 5148 tem
2234 5086 2299 5147 in
2334 5084 2544 5147 medio
2572 5091 2777 5157 terrai,
2813 5083 3263 5148 satisfaciendo
3292 5094 3357 5149 et
3386 5089 3574 5150 mori-

2068 5184 2233 5246 endo
2266 5201 2377 5265 pro
2406 5180 2935 5264 nobi8,exemplis
2963 5181 3151 5246 etiam
3182 5191 3245 5246 et
3273 5184 3573 5248 doctrinis

2065 5300 2183 5346 nos
2210 5280 2635 5358 informand0‚
2668 5289 2732 5344 et
2764 5281 2931 5345 inter
2961 5299 3077 5347 nos
3112 5285 3564 5349 conversando-
