4300 6259
561 3998 701 4054 lRey.
717 4012 806 4052 xvi,

545 4065 620 4114 ης
642 4061 676 4104 ll
691 4062 804 4118 Rea.

819 464 940 529 214

1593 483 2014 530 maxumum
2054 482 2452 530 mmmmm.
2499 500 2579 510 —
2620 482 2700 528 ΠΕ
2744 482 3167 530 sAanunan

817 655 1016 720 nialia
1054 654 1476 731 dimittantur,
1519 663 1584 718 et
1618 674 1785 738 aeger
1819 654 2033 717 taliter
2068 652 2319 717 confor—
2348 652 2399 716 A
2428 652 2759 720 ritualis
2837 654 3190 734 potestas
3266 653 3453 721 data
3530 651 3935 720 ministris

817 761 986 818 tatus
1016 773 1090 818 ac
1131 755 1492 819 consolatus
1531 755 1610 818 ad
1651 755 1919 837 patriam
1959 752 2320 836 expeditius

819 854 1224 936 perducatur.
1277 853 1612 934 Quumque
1670 858 2138 914 sacramentum
2200 851 2321 912 hoc

819 958 1082 1033 propter
1125 949 1264 1014 haec
1310 951 1525 1013 omnia
1574 949 1974 1033 impetranda
2021 949 2102 1010 sit
2145 948 2322 1011 insti-

818 1056 1056 1123 tutum,
1091 1056 1338 1112 constat
1381 1067 1574 1131 quam
1620 1047 1911 1130 piissime
1950 1066 2026 1109 ac
2070 1046 2324 1129 sapien-

818 1147 1066 1210 tissime
1114 1147 1403 1211 Christus
1451 1146 1666 1228 ipsum
1717 1144 1903 1208 nobis
1947 1144 2319 1227 providerit,

821 1244 1171 1307 instituerit
1215 1263 1290 1306 ac
1339 1244 1686 1306 donaverit.
1738 1243 1832 1306 Ad
1882 1243 2068 1323 cujus
2117 1244 2323 1305 consi-

820 1341 1120 1405 stentiam
1179 1349 1244 1404 et
1308 1341 1925 1404 administrationem
1983 1340 2327 1422 exiguntur

819 1439 957 1503 haec
1007 1440 1297 1523 quinque
1347 1458 1360 1501 ε
1414 1440 1706 1502 sacerdos
1765 1439 2102 1519 inungenS,
2154 1446 2327 1501 recta

821 1537 1116 1613 intentio,
1149 1538 1364 1601 oleum
1405 1536 1814 1600 infirmorum
1851 1545 2157 1618 tanquam
2203 1554 2328 1600 ma-

820 1636 1002 1708 teria,
1052 1644 1116 1699 et
1171 1635 1379 1699 l'orma
1425 1635 1792 1708 verborum,
1843 1635 2163 1708 videlicet,
2214 1635 2329 1697 Per

823 1733 1011 1795 istam
1080 1733 1474 1807 unctionem,
1545 1741 1656 1796 aut
1719 1732 1993 1812 similis;
2061 1741 2125 1795 et
2192 1751 2328 1814 par-

2427 754 2802 819 Ecclesiae
2822 753 2921 819 ad
2940 753 3582 834 consecrandum,
3592 751 3936 818 tractan-

2428 851 2619 918 dum
2659 851 3541 932 administrandamque
3585 849 3777 916 aliis
3819 862 3937 914 ec·

2429 948 2884 1015 clesiastica
2957 951 3459 1016 sacramenta
3540 963 3634 1015 ac
3704 948 3938 1013 docu-

2429 1049 2719 1127 menta,
2781 1047 2881 1113 ad
2932 1046 3552 1128 proiifleandum
3612 1044 3940 1127 spiritu-

2434 1146 2673 1212 aliter
2715 1145 2800 1211 in
2842 1147 3017 1226 ipsa
3060 1145 3441 1212 Ecclesia.

2514 1245 2689 1317 Quod
2719 1244 3003 1325 est,quia
3033 1243 3100 1305 in
3132 1242 3585 1306 innumerabili
3618 1241 3741 1304 isto
3770 1260 3944 1304 exer-

2434 1342 2565 1404 citu
2596 1341 2958 1405 christianae
2989 1341 3227 1423 politiae
3255 1341 3540 1423 oportuit
3578 1359 3720 1403 esse
3760 1356 3943 1422 quos-

2434 1441 2579 1502 dam
2612 1439 2977 1521 spirituales
3017 1447 3227 1521 patres
3266 1448 3330 1502 et
3369 1438 3759 1520 superiores,
3792 1455 3943 1520 quo-

2434 1556 2578 1599 rum
2637 1537 2721 1599 sit
2779 1537 3111 1600 inferiores
3170 1537 3547 1617 gubernare,
3599 1537 3835 1599 docere
3884 1545 3943 1597 et

2436 1652 2811 1698 conservare
2861 1635 2929 1696 in
2976 1653 3116 1698 esse
3162 1636 3379 1716 gratiae
3426 1654 3499 1697 ac
3553 1635 3871 1697 virtutum
3921 1651 3935 1696 t

2439 1734 2608 1815 quod
2652 1752 2767 1815 per
2810 1740 3280 1796 sacramentum
3328 1733 3449 1796 hoc
3491 1733 3725 1814 agitur,
3773 1733 3943 1814 quod

819 1837 918 1894 tes
975 1832 1262 1914 corporis
1330 1831 1733 1912 inungendae,
1795 1831 1861 1893 in
1928 1830 2165 1912 quibus
2230 1831 2327 1893 vis
2356 1823 2403 1885 Β
2438 1840 2535 1894 est
2572 1831 3073 1914 supernaturalis
3113 1838 3433 1913 potestas3
3467 1838 3697 1912 estque
3739 1839 3943 1892 totum

821 1930 1144 2004 sensitiva,
1189 1930 1447 2003 motiva,
1501 1929 1758 2004 locutio,
1809 1929 2329 2010 concupiscentia

821 2027 1062 2108 vigent.

906 2124 1194 2206 Denique
1237 2124 1390 2187 solis
1437 2124 1712 2186 letaliter
1751 2124 1934 2205 aegris
1978 2125 2164 2185 datur
2208 2124 2327 2187 hoc

825 2229 1320 2295 sacramentum,
1371 2241 1568 2304 quum
1633 2222 1716 2284 sit
1771 2223 2217 2284 decedentium
2266 2229 2330 2284 et

827 2319 1200 2382 exeuntium
1235 2320 1571 2393 medicina,
1606 2320 1672 2381 in
1701 2320 2075 2400 aegritudine
2107 2321 2329 2382 mortis

829 2416 1236 2499 potissimum
1296 2426 1674 2500 opportuna.
1745 2417 1872 2480 Nec
1933 2418 2196 2480 iteratur
2261 2419 2326 2479 in

827 2513 1052 2578 eadem
1093 2514 1471 2578 infirmitate
1511 2515 1834 2588 continua,
1869 2515 1994 2577 nisi
2025 2515 2193 2577 ultra
2222 2536 2329 2578 an-

829 2631 986 2675 num
1036 2613 1460 2675 continuetur.
1511 2613 1573 2676 Si
1617 2620 1834 2675 autern
1879 2614 2102 2676 eadem
2153 2613 2331 2675 infir-

829 2710 1016 2774 mitas
1061 2717 1424 2784 renovetur,
1457 2717 1568 2772 aut
1609 2710 1878 2773 diversae
1921 2710 2329 2774 infirmitates

826 2810 1191 2882 succedant,
1224 2809 1392 2872 infra
1420 2828 1660 2871 annum
1693 2809 1926 2890 poterit
1955 2808 2188 2871 iterari.
2213 2811 2328 2872 Ve-

827 2915 1189 2970 rumtamen
1221 2924 1350 2969 non
1389 2906 1514 2968 nisi
1556 2906 2068 2969 desiderantibus
2108 2916 2328 2988 postu-

2438 1930 2757 2012 quoddam
2789 1929 3829 2011 potestativum,quemadmodum
3862 1929 3947 1990 hi·

2437 2027 2725 2090 erarchia
2768 2027 3019 2108 regiave
3058 2034 3355 2109 potestas.
3390 2027 3569 2090 Unde
3600 2034 3664 2088 et
3694 2034 3941 2109 septem

2438 2132 2587 2186 sunt
2645 2132 2855 2205 partes
2914 2125 3140 2206 ipsiuS,
3201 2144 3343 2207 quae
3402 2143 3516 2206 per
3581 2124 3942 2205 analogiam

2436 2221 2694 2284 ordines
2734 2229 3210 2303 nuncupantur,
3243 2230 3396 2304 puta
3428 2240 3443 2284 τ
3486 2223 3943 2294 sacerdotium,

2439 2321 2807 2382 diaconatus
2837 2327 2902 2380 et
2930 2318 3441 2395 subdiaconatus,
3458 2321 3561 2402 qui
3593 2328 3658 2382 et
3685 2320 3945 2383 ordines

2438 2418 2602 2480 sacri
2632 2425 2963 2491 vocantur,
3003 2418 3066 2479 in
3097 2418 3334 2500 quibus
3372 2426 3437 2480 et
3466 2418 3803 2481 character
3832 2418 3945 2482 im-

2439 2516 2763 2598 primitur,
2812 2524 2876 2577 et
2924 2514 3231 2579 habentes
3288 2516 3547 2588 eosdem
3604 2518 3683 2578 ad
3744 2517 3949 2580 conti-

2438 2613 2721 2675 nentiam
2768 2621 2917 2676 sunt
2958 2613 3264 2676 adstricti.
3308 2613 3429 2676 Alii
3476 2621 3627 2676 sunt
3670 2621 3949 2696 quatuor

2436 2711 2692 2773 ordines
2745 2711 2958 2773 minus
3008 2711 3419 2793 principaleS,
3468 2712 3621 2774 satis
3672 2713 3837 2786 noti,
3884 2713 3947 2774 in

2438 2826 2712 2890 quorum
2761 2809 3051 2891 quolibet
3097 2809 3422 2872 character
3468 2809 3758 2892 imprimi
3812 2830 3949 2893 per-

2437 2905 2712 2968 hibetur.

827 3003 1236 3088 lantibusque
1294 3003 1636 3067 confertur.
1699 3005 2021 3080 Praeterea,
2085 3005 2150 3066 in
2209 3005 2328 3067 hoc
2358 3008 2402 3071 C
2516 3004 2705 3066 Porro
2763 3013 2942 3066 actus
3001 3005 3377 3088 principalis
3437 3005 3781 3068 sacerdotii
3854 3015 3949 3070 est

826 3109 1227 3164 sacramento
1270 3101 1332 3163 id
1380 3102 1549 3182 quod
1589 3101 1792 3163 solum
1837 3110 1935 3163 est
1971 3119 2327 3164 sacramen-

827 3209 983 3276 tum,
1035 3208 1133 3264 est
1190 3201 1466 3264 exterior
1525 3201 1782 3279 uncti03
1835 3220 1935 3264 res
1993 3209 2208 3264 autem
2266 3209 2330 3264 et

827 3306 1323 3372 sacramentum,
1385 3305 1483 3360 est
1538 3299 1784 3361 unctio·
1815 3299 2106 3381 quaedam
2174 3300 2330 3362 inte-

827 3395 977 3470 rior,
1014 3404 1166 3478 puta
1203 3395 1552 3460 consolatio
1592 3403 1656 3458 et
1693 3396 2018 3478 perlinitio
2056 3397 2328 3477 gratiosa

828 3494 1112 3574 interna3
1134 3513 1360 3556 verum
1391 3513 1491 3556 res
1521 3501 1792 3568 tantum,
1825 3501 1922 3556 est
1952 3493 2329 3558 confortatio

827 3593 1036 3656 cordis
1082 3611 1196 3655 seu
1241 3591 1593 3675 spiritualis
1637 3592 1902 3666 curati0,
1937 3599 2002 3654 et
2044 3593 2198 3655 item
2240 3613 2330 3656 sa·

829 3690 994 3753 nitas
1052 3689 1424 3772 corporalis„
1478 3689 1531 3752 si
1592 3697 1786 3752 uncto
1832 3691 2144 3772 expediat,
2200 3691 2328 3754 imo

828 3788 908 3851 ad
931 3787 1146 3850 minus
1176 3787 1391 3868 aliqua
1421 3787 1723 3850 relevatio
1755 3788 1914 3868 ejuS.
1935 3824 2015 3833 —
2038 3789 2326 3870 Insuper,

832 3886 1001 3948 sicut
1039 3885 1247 3966 primo
1285 3885 1528 3965 Regum
1561 3884 1813 3966 legitur,
1847 3886 2044 3948 David
2084 3893 2181 3948 ter
2220 3906 2333 3948 un-

835 3991 974 4046 ctus
1026 3990 1123 4046 est
1173 3983 1238 4044 in
1286 4001 1499 4064 regem
1549 4000 1563 4045 :
1613 3983 1820 4064 primo
1870 3984 1937 4045 in
1987 3985 2177 4047 domo
2227 4005 2330 4067 pa-

2439 3119 2810 3165 consecrare
2868 3121 3093 3166 verum
3154 3121 3387 3186 corpus
3441 3111 3505 3166 et
3561 3105 3947 3185 sanguinem

2439 3201 2779 3263 Salvatoris
2814 3218 2828 3263 ε
2864 3201 2927 3262 in
2969 3219 3098 3283 quo
3135 3209 3281 3264 actu
3320 3220 3545 3265 omnes
3584 3202 3947 3285 presbyteri

2440 3306 2590 3360 sunt
2629 3298 2945 3381 aequales3
2979 3299 3210 3362 deinde
3249 3299 3497 3363 solvere
3535 3307 3601 3363 et
3640 3300 3843 3382 ligare
3884 3299 3948 3361 in

2441 3396 2833 3478 poenitentiae
2881 3397 3041 3470 foro,
3093 3397 3342 3470 docere,
3394 3399 3713 3480 perficere
3767 3417 3784 3461 ε
3836 3400 3947 3482 qui

2441 3501 2619 3556 actus
2650 3495 3006 3576 respiciunt
3036 3495 3377 3578 mysticum
3410 3496 3642 3560 Christi
3682 3515 3945 3580 corpus,

2443 3599 2597 3672 puta
2627 3591 2873 3653 fideleS.
2910 3593 3328 3655 Sacerdotalis
3367 3611 3624 3676 quoque
3664 3603 3951 3676 potestas

2443 3695 2508 3749 et
2553 3688 2650 3750 vis
2700 3688 2978 3750 clavium
3031 3690 3097 3751 in
3147 3689 3282 3752 l'oro
3325 3691 3753 3754 confessionis
3800 3701 3950 3754 sunt

2443 3785 2613 3847 idem
2665 3786 2730 3847 in
2776 3805 2865 3860 re,
2913 3788 3023 3849 sed
3073 3787 3447 3851 differentes
3492 3787 3735 3852 habent
3792 3790 3951 3853 el'l'e-

2443 3890 2583 3945 ctus
2618 3901 2631 3945 ε
2669 3884 2908 3946 idcirco
2948 3885 3014 3947 in
3045 3886 3108 3948 vi
3149 3886 3427 3949 clavium
3472 3895 3536 3949 et
3566 3907 3690 3950 usu
3720 3906 3945 3950 earum

2441 3999 2663 4044 omnes
2722 3983 3079 4046 sacerdotes
3136 4002 3262 4046 non
3323 3993 3573 4048 exstant
3638 3987 3946 4068 aequaleS,

833 4089 1034 4155 terna,
1083 4081 1365 4145 secundo
1414 4081 1480 4142 in
1528 4079 1780 4143 Hebron
1838 4101 2032 4164 super
2088 4081 2327 4146 tribum
2440 4079 2565 4142 nisi
2606 4080 2671 4142 in
2713 4083 3108 4145 necessitatis
3148 4083 3439 4147 articulo.
3472 4086 3665 4149 Porro
3692 4087 3947 4168 episco-

829 4181 991 4243 Juda
1038 4179 1386 4251 dumtaxat,
1431 4178 1620 4242 tertio
1667 4198 1888 4242 rursus
1937 4179 2001 4241 in
2051 4179 2327 4256 Hebron,
2361 4179 2411 4242 D
2441 4186 2625 4260 patus
2666 4196 2790 4241 non
2838 4179 3071 4242 dicitur
3113 4182 3372 4265 proprie
3412 4184 3589 4256 ordo,
3630 4184 3745 4246 sed
3788 4186 3947 4246 emi-

833 4294 1029 4358 super
1074 4276 1266 4338 lsrael
1325 4276 1722 4338 universum.
1778 4276 1880 4339 Sic
1936 4277 2330 4341 Christianus
2440 4277 2658 4339 nentia
2700 4278 2991 4360 quaedam
3037 4279 3101 4342 in
3146 4281 3389 4344 ordine.

834 4374 1045 4457 primo
1094 4372 1358 4454 ungitur
1413 4373 1480 4435 in
1526 4373 1873 4454 Baptism0‚
1925 4377 2207 4439 secundo
2263 4377 2331 4439 in
2518 4376 2612 4438 Ad
2642 4385 3105 4440 sacramentum
3136 4359 3328 4441 etiarn
3360 4379 3613 4443 Ordinis
3642 4399 3754 4444 sex
3787 4401 3940 4446 con-

833 4471 1355 4546 Consirmatione,
1405 4471 1593 4535 tertio
1642 4471 1708 4533 in
1765 4481 2163 4536 sacramento
2210 4475 2330 4538 hoc
2438 4481 2722 4535 currunt.
2770 4475 3054 4536 Primum
3097 4485 3195 4538 est
3236 4484 3510 4559 potestas
3552 4479 3935 4552 ordinantis,

540 4137 586 4175 u,
604 4127 644 4176 3,
661 4127 703 4178 ⁴5
717 4129 805 4178 νβ.

831 4570 974 4652 ipso
1021 4587 1035 4632 :
1085 4569 1150 4632 in
1195 4586 1325 4652 quo
1367 4587 1495 4633 non
1539 4569 1932 4652 imprimitur
1978 4571 2325 4648 character,

829 4667 1370 4751 quemadmodum
1403 4686 1520 4730 nec
1552 4667 1619 4730 in
1646 4667 1790 4730 aliis
1821 4687 1963 4750 quae
2003 4669 2176 4732 licite
2218 4671 2327 4734 ite-

827 4775 1066 4830 rantur.

1067 4972 1588 5039 PROPOSITIO
1637 4973 2068 5038 CXXXVIII.

905 5159 1114 5226 Ordo
1154 5160 1246 5223 ut
1278 5159 1402 5223 est
1443 5161 2029 5225 sacramentum
2067 5159 2326 5226 Eccle-

823 5255 986 5338 siae,
1017 5258 1143 5322 est
1167 5269 1483 5322 sacrum
1523 5256 2026 5334 sig-naculum
2055 5259 2138 5324 et
2170 5259 2325 5340 spi-

2435 4590 2629 4653 quem
2677 4579 2928 4653 oportet
2974 4574 3311 4654 praesulem
3350 4595 3529 4656 esse3
3574 4580 3934 4642 secundum

2436 4677 2532 4732 est
2581 4671 2799 4733 unctio
2846 4678 2910 4732 et
2958 4679 3287 4735 contactus
3336 4692 3558 4738 eorum
3606 4677 3717 4759 qui
3766 4679 3942 4741 ordi-

2436 4775 2688 4844 nantur,
2740 4777 2803 4832 et
2858 4770 3322 4850 tangendorum
3372 4772 3437 4834 in
3488 4774 3628 4856 ipsa
3683 4779 3939 4842 ordina-

2432 4867 2647 4948 tione3
2697 4869 2981 4943 tertium,
3032 4870 3186 4931 ordo
3238 4877 3303 4932 et
3360 4879 3542 4934 tenor
3584 4874 3935 4940 verborum

2430 4964 2512 5027 ab
2576 4967 2907 5029 ordinante
2974 4966 3541 5050 proferendorum3
3602 4983 3933 5055 quartum,

2432 5063 2700 5126 intentio
2743 5065 3097 5127 ordinantis
3140 5085 3213 5128 ac
3254 5067 3571 5148 ordinati3
3605 5072 3934 5153 quintum,

2430 5179 2619 5222 sexus
2664 5161 2891 5236 virilis,
2934 5163 3236 5245 quoniam
3283 5165 3516 5229 mulier
3557 5187 3757 5251 capax
3802 5191 3933 5236 non

2432 5268 2528 5322 est
2578 5260 2819 5324 ordinis
2870 5261 3054 5336 sacri,
3107 5281 3309 5344 quum
3368 5283 3557 5328 sexus
3606 5267 3935 5334 femineus
