4300 6259
948 499 1371 547 anemurio
1413 498 1869 545 muosormca.
1918 514 1998 527 -—
2039 498 2117 545 na
2160 497 2525 546 coaromaus
2566 499 2953 547 coenasriacs
3422 480 3503 547 69

403 676 640 733 naturae
687 677 1026 733 moventur
1072 668 1355 733 coelestia
1401 686 1668 751 corpora
1725 676 1901 731 motu
1929 665 1982 728 A
2011 667 2155 748 ejus
2222 668 2475 731 videtur
2540 668 2857 751 planetam
2920 669 3183 733 alterius
3238 670 3503 753 spbaerae

403 766 770 843 orbiculari,
823 768 1026 832 multo
1072 768 1300 831 fortius
1353 774 1417 830 et
1465 766 1900 830 sufficientius

401 884 590 947 quam
631 867 950 931 elementa
999 873 1176 930 motu
1225 873 1439 944 rect03
1489 885 1608 929 nec
1652 873 1900 949 oportet

403 965 830 1028 ministerium
865 965 1304 1047 intelligentiae
1331 973 1441 1027 aut
1468 966 1698 1027 animae
1727 964 1900 1027 adhi—

401 1062 558 1137 beri,
599 1064 1142 1145 quemadmodum
1195 1082 1315 1126 nec
1361 1064 1439 1126 ad
1489 1069 1732 1126 motum
1781 1062 1903 1126 ele-

404 1161 622 1223 menti.
657 1162 786 1225 Nec
815 1162 1026 1225 obstat
1063 1162 1233 1244 quod
1272 1162 1512 1225 recedit
1549 1161 1630 1224 ab
1673 1162 1896 1224 eodem

405 1259 542 1322 loco
579 1260 660 1322 ad
709 1279 904 1343 quem
943 1268 1240 1324 movetur
1271 1279 1284 1323 ε
1319 1260 1623 1343 quoniam
1663 1259 1898 1323 coelum

405 1358 660 1440 proprie
691 1376 818 1421 non
859 1367 1154 1421 movetur
1195 1358 1270 1421 ad
1313 1358 1548 1431 locum,
1581 1357 1690 1421 sed
1731 1358 1900 1420 circa

405 1456 614 1519 locum
640 1474 656 1535 ;
690 1476 810 1519 nee
841 1476 988 1539 pars
1019 1458 1330 1521 exsistens
1370 1458 1434 1519 in
1465 1456 1730 1529 oriente,
1767 1474 1899 1519 mo-

405 1564 586 1617 vetur
631 1556 712 1618 ad
759 1556 1158 1619 occidentem
1205 1555 1384 1638 quasi
1445 1554 1656 1618 locum
1714 1555 1898 1617 illum

406 1652 824 1716 determinate
885 1653 1190 1726 intendat,
1251 1654 1361 1716 sed
1420 1652 1570 1735 quia
1630 1652 1903 1715 intendit

408 1751 646 1814 moveri
715 1751 1184 1825 orbiculariter,
1242 1752 1412 1834 quod
1472 1771 1602 1814 suae
1660 1758 1899 1814 naturae

2011 766 2369 848 praecedere
2404 784 2419 829 t
2452 774 2713 849 propter
2748 769 2918 849 quod
2957 768 3302 849 retrogradi
3346 768 3505 831 alter

2010 864 2281 927 videtur.
2317 865 2461 927 Haec
2502 874 2717 928 autem
2761 866 3179 949 Philosophus
3208 866 3391 941 dixit,
3424 886 3505 929 ne

2011 970 2345 1042 cogeretur
2375 961 2557 1026 fateri
2592 964 2871 1045 sphaeras
2903 965 3105 1027 secari
3135 984 3247 1027 seu
3278 963 3501 1037 dividi,

2011 1061 2064 1123 si
2097 1061 2367 1143 planetae
2397 1062 2657 1144 proprio
2694 1070 2871 1125 motu
2908 1070 2975 1125 et
3016 1062 3197 1145 quasi
3238 1062 3505 1126 erratice

1999 1167 2425 1222 moverentur
2468 1160 2533 1223 in
2577 1160 2689 1224 εἰς.

2087 1258 2539 1322 Verumtamen
2570 1259 2791 1342 opinio
2818 1266 3324 1323 astronomorum
3356 1278 3508 1342 prae·

2009 1356 2223 1419 valere
2261 1358 2517 1420 videtur
2566 1376 2581 1420 ε
2634 1357 2817 1421 stella
2864 1376 3139 1439 namque
3186 1376 3329 1439 quae
3376 1376 3503 1421 non

2011 1455 2134 1517 nisi
2173 1463 2347 1518 motu
2380 1476 2509 1519 suae
2540 1456 2801 1538 sphaerae
2834 1464 3145 1529 movetur,
3178 1472 3307 1519 non
3338 1456 3508 1519 valet

2013 1572 2183 1616 nunc
2228 1555 2448 1636 magis,
2483 1574 2653 1617 nunc
2686 1554 2897 1617 minus
2940 1562 3123 1617 terrae
3167 1555 3508 1637 appropin-

2011 1671 2230 1735 quare,
2253 1672 2453 1735 quum
2484 1672 2706 1716 omnes
2736 1654 2997 1735 sphaerae
3028 1653 3339 1715 exsistant
3363 1670 3509 1717 con-

2012 1752 2343 1826 centricae;
2376 1752 2485 1813 sed
2520 1770 2634 1833 per
2668 1752 3045 1833 astrologica
3075 1758 3268 1834 patet,
3300 1759 3367 1815 et
3395 1771 3510 1835 per

406 1850 792 1913 conveniens
821 1858 936 1913 est.
958 1851 1191 1913 Verum
1223 1850 1342 1912 ista
1369 1849 1587 1932 opinio
1617 1867 1900 1912 commu-
1927 1853 1976 1917 B
2011 1850 2471 1931 astrologorum
2518 1850 2855 1931 probatum
2903 1858 2999 1913 est
3046 1850 3505 1933 experimenta,

407 1948 571 2010 niter
599 1966 726 2010 non
757 1956 1034 2021 tenetur,
1067 1967 1267 2030 quum
1298 1956 1360 2011 et
1401 1955 1610 2011 motus
1650 1956 1900 2010 natura-

407 2045 482 2108 lis
509 2046 870 2109 successive
901 2045 1015 2109 fiat
1045 2046 1369 2119 intentiuS,
1387 2054 1724 2129 motusque
1755 2046 1900 2109 coeli

407 2144 487 2206 sit
517 2143 1010 2223 uniformi83res
1041 2162 1296 2227 quoque
1325 2145 1638 2207 exsistens
1671 2146 1734 2207 in
1767 2145 1904 2208 loco

408 2241 528 2304 sibi
590 2242 1012 2316 connaturali,
1065 2261 1191 2306 non
1251 2251 1546 2307 movetur
1591 2263 1626 2307 a
1677 2250 1902 2307 natura

413 2339 474 2403 in
503 2358 600 2415 eo,
635 2342 748 2404 sed
776 2341 855 2404 ad
885 2360 1060 2415 eum,
1093 2342 1146 2403 si
1177 2350 1354 2405 extra
1383 2360 1526 2405 eum
1561 2344 1837 2405 exsistat.

802 2550 1323 2617 PROPOSITIO
1370 2550 1508 2614 LV.

487 2737 902 2817 Praeterea,
933 2737 1030 2803 de
1058 2736 1416 2805 motibus
1455 2738 1904 2804 coelestium

413 2849 829 2915 corporum
852 2835 1279 2916 multiplex
1304 2838 1386 2901 et
1409 2835 1728 2903 diversa
1749 2834 1907 2902 fuit

412 2932 1065 3013 philosophorum
1108 2932 1402 3013 opinio.

2011 1949 2182 2031 quod
2214 1948 2481 2030 planetae
2508 1948 2641 2028 jam
2670 1947 2969 2030 amplius,
2982 1948 3114 2028 jam
3147 1950 3359 2012 minus
3390 1957 3509 2012 ter·

2009 2066 2094 2109 rae
2128 2046 2581 2128 propinquent.
2615 2046 2772 2109 Hinc
2802 2048 3002 2109 coacti
3034 2055 3182 2110 sunt
3210 2048 3508 2129 astrologi

2012 2162 2251 2228 ponere
2298 2152 2542 2207 motum
2584 2145 2981 2227 planetarum
3024 2144 3089 2208 in
3133 2146 3509 2209 eccentricis

2012 2242 2293 2315 circulis,
2326 2260 2599 2325 quorum
2634 2261 2759 2304 una
2788 2260 2955 2325 pam,
2990 2249 3061 2304 ut
3088 2261 3211 2305 aux
3242 2261 3352 2306 seu
3382 2240 3509 2305 ele-

2012 2342 2206 2416 vatio,
2229 2342 2507 2404 maxime
2536 2349 2899 2403 removetur
2927 2348 2993 2404 et
3021 2341 3213 2404 distat
3238 2360 3275 2403 a
3302 2348 3507 2419 terra3

2013 2440 2213 2503 altera
2242 2454 2395 2501 vcro
2428 2438 2627 2519 magis
2660 2437 2739 2499 ad
2780 2445 3015 2499 terram
3055 2436 3314 2499 accedit.
3350 2435 3509 2500 Con-

2014 2538 2307 2601 formiter
2351 2536 2429 2598 de
2474 2535 2779 2619 epicyclis
2824 2541 2998 2618 patet
3038 2536 3159 2598 boc
3192 2552 3207 2597 ε
3240 2534 3293 2597 si
3334 2534 3507 2597 enim

2018 2637 2287 2719 planetae
2366 2640 2772 2697 moverentur
2848 2634 3175 2695 dumtaxat
3248 2651 3509 2695 suarum

2017 2742 2191 2797 motu
2238 2732 2655 2815 spbaerarum,
2700 2751 2899 2814 quum
2940 2732 3202 2814 sphaerae
3252 2732 3510 2813 proprio

2017 2841 2195 2896 motu
2257 2838 2633 2894 moveantur
2674 2830 2756 2892 ab
2812 2830 3141 2893 occidente
3190 2830 3255 2892 in
3303 2830 3509 2893 orien-

2017 2941 2170 3005 tem,
2203 2930 2294 2993 sic
2327 2930 2381 2992 si
2422 2929 2677 3012 planeta
2718 2930 3109 3011 quicumque
3148 2929 3365 3011 aliqua
3406 2946 3513 2993 no-

487 3030 738 3093 Etenim
797 3030 971 3092 Plato
1031 3030 1096 3093 in
1154 3030 1392 3093 Timaeo
1448 3031 1721 3093 asseruit
1777 3048 1902 3094 non
1934 3026 1978 3091 C
2019 3040 2118 3093 cte
2160 3029 2533 3092 consisteret
2580 3045 2657 3089 ex
2706 3028 2945 3091 directo
2989 3026 3266 3108 alicujus
3314 3028 3511 3092 stellae

415 3130 580 3211 ipsos
611 3128 800 3191 orbes
834 3128 1098 3201 moveri,
1130 3128 1240 3191 sed
1273 3128 1490 3191 stellas
1535 3130 1598 3191 in
1637 3129 1752 3201 eiS,
1786 3148 1904 3191 nec

413 3228 605 3290 ullam
658 3228 908 3291 stellam
969 3246 1108 3291 esse
1167 3227 1362 3290 fixam
1424 3228 1490 3289 in
1548 3227 1724 3301 orbe,
1777 3229 1906 3292 imo

413 3328 652 3389 moveri
715 3326 779 3388 in
838 3344 937 3400 eo,
997 3327 1166 3389 sicut
1233 3333 1526 3389 movetur
1583 3327 1780 3409 piscis
1841 3328 1904 3389 in

407 3443 588 3506 aqua,
632 3432 697 3486 et
744 3424 880 3486 avis
931 3424 994 3485 in
1041 3442 1188 3486 aere
1236 3441 1250 3485 :
1295 3442 1486 3505 quam
1536 3424 1904 3505 opinionem

407 3530 664 3585 secutus
716 3530 814 3585 est
859 3522 1250 3585 Ptolemaeus.
1300 3521 1491 3585 Porro
1537 3522 1906 3585 Aristoteles

412 3620 571 3684 libro
611 3621 692 3684 de
730 3620 906 3683 Coelo
931 3620 1266 3703 expressit,
1301 3620 1632 3682 universas
1666 3620 1902 3693 stellaS,

411 3720 576 3801 ipsos
609 3737 866 3801 quoque
899 3717 1184 3800 planetas
1215 3718 1278 3779 in
1311 3717 1444 3779 suis
1474 3736 1612 3779 esse
1643 3717 1906 3780 orbibus

411 3818 592 3890 fixos,
628 3818 831 3879 instar
859 3816 1025 3879 clavi
1056 3816 1120 3878 in
1155 3825 1310 3891 rota,
1345 3834 1462 3877 nec
1497 3815 1740 3878 moveri
1781 3817 1904 3877 nisi

408 3916 662 3980 orbium
695 3922 891 3977 motu.
927 3915 1190 3977 Interim
1231 3913 1692 3994 astrologorum
1738 3931 1908 3975 com-

409 4014 618 4076 munis
677 4012 899 4095 opinio
949 4019 1064 4086 est,
1120 4012 1334 4073 stellas
1383 4010 1448 4073 in
1503 4010 1908 4073 firmamento

405 4112 564 4174 fixas
632 4110 1034 4187 consistere3
1093 4116 1340 4191 septem
1411 4126 1562 4172 vero
1623 4108 1906 4190 planetas

2017 3129 2187 3200 fixae,
2221 3127 2511 3209 sequenti
2544 3134 2731 3188 nocte
2760 3144 2897 3188 eam
2940 3127 3323 3207 praeeederet
3356 3144 3369 3187 :
3405 3146 3509 3189 cu-

2015 3228 2118 3310 jus
2185 3224 2549 3309 oppositum
2619 3224 2986 3305 frequenter
3054 3225 3119 3287 in
3186 3223 3511 3306 aliquibus

2019 3326 2291 3410 planetis
2350 3324 2661 3385 videmus.
2726 3322 2922 3403 Igitur
2979 3332 3207 3405 praeter
3266 3330 3509 3385 motum

2017 3425 2411 3507 sphaerarum
2449 3428 2699 3503 oportet
2741 3420 2805 3481 in
2847 3420 2939 3482 eis
2978 3438 3212 3502 ponere
3262 3428 3508 3483 motum

2017 3518 2575 3601 retrogradationis
2612 3536 2625 3579 :
2658 3517 2829 3599 quod
2862 3517 2937 3579 fit
2977 3517 3040 3579 in
3082 3517 3407 3601 epicycliS,
3442 3517 3505 3579 in

2017 3619 2253 3704 quibus
2298 3618 2550 3701 planeta
2593 3623 2797 3679 exstat
2838 3616 3259 3697 retrograduS,
3292 3616 3506 3679 statio·
3564 3642 3573 3647 ·

2016 3718 2233 3779 narius
2292 3724 2401 3779 aut
2459 3716 2757 3777 directus.
2808 3714 2935 3777 Nec
2992 3722 3205 3777 tamen
3260 3715 3507 3797 spbaera

2015 3815 2343 3887 dividitur,
2388 3814 2539 3895 quia
2576 3812 2971 3875 eccentricus
3012 3813 3289 3875 circulus
3328 3812 3506 3895 poni-

2014 3921 2119 3976 tur
2168 3914 2333 3975 inter
2375 3912 2530 3973 duas
2570 3910 2949 3993 superficies
2996 3908 3279 3993 sphaerae,
3321 3910 3507 3990 cujus

2014 4030 2139 4073 una
2170 4010 2473 4073 medietas
2504 4009 2703 4089 magis
2733 4008 2977 4070 accedit
3006 4008 3081 4069 ad
3109 4007 3509 4089 superficiem

2013 4108 2277 4191 sphaerae
2309 4126 2673 4178 concavam,
2706 4106 2903 4169 altera
2930 4106 3008 4168 ad
3040 4124 3383 4169 convexam
3409 4124 3421 4168 :
3446 4114 3509 4171 et

409 4229 530 4273 non
580 4228 722 4273 esse
785 4210 848 4272 in
908 4208 1042 4271 suis
1103 4208 1368 4290 sphaeris
1427 4206 1614 4281 fixos,
1669 4207 1984 4270 idcircoD
2015 4214 2301 4270 movetur
2329 4206 2433 4268 hic
2460 4205 2739 4268 circulus
2768 4204 2935 4268 infra
2963 4205 3505 4288 sphaeram,quum

409 4311 614 4375 vocari
647 4311 952 4373 erraticos
972 4327 986 4371 :
1006 4326 1133 4371 non
1159 4308 1330 4391 quod
1364 4307 1906 4381 incerto,fortuito

409 4417 512 4472 aut
541 4426 812 4472 erroneo
853 4416 1028 4471 motu
1069 4407 1375 4480 ferantur,
1409 4408 1518 4469 sed
1562 4406 1901 4488 multiplici

410 4528 478 4571 ac
517 4508 830 4581 difformi,
881 4514 1176 4588 respectu
1225 4506 1498 4569 aliorum
1547 4504 1902 4569 coelestium

412 4624 768 4690 corporum.
805 4606 964 4667 Hinc
1003 4612 1066 4666 et
1103 4603 1426 4687 epicyclos
1467 4611 1656 4685 atque
1687 4622 1906 4665 eccen-

412 4706 596 4768 tricos
639 4712 1014 4787 posuerunt,
1051 4709 1120 4764 ut
1148 4720 1222 4764 ea
1251 4722 1392 4784 quae
1433 4702 1497 4763 in
1539 4699 1906 4763 coelestibus

415 4812 716 4887 apparent
757 4800 1136 4884 corporibus
1177 4808 1416 4883 queant
1453 4799 1718 4873 salvare,
1755 4807 1908 4882 puta

417 4899 1000 4983 retrogradationes»,
1015 4898 1480 4981 depressioneS,
1494 4897 1904 4971 elevationeS,

420 5000 712 5064 stationes
790 4996 1396 5081 progressionesque
1483 4995 1902 5077 planetarum.

419 5098 780 5161 Aristoteles
811 5113 966 5159 vero
994 5096 1290 5177 opinatus
1319 5102 1419 5157 est
1445 5113 1649 5157 unum
1687 5094 1908 5157 orbem

422 5197 698 5260 velocius
757 5194 1020 5259 moveri‘
1071 5212 1260 5275 quam
1319 5193 1631 5272 alterum3
1689 5192 1910 5274 sicque

2015 4306 2097 4368 sit
2135 4306 2399 4387 sphaerae
2438 4304 2817 4384 contiguu33
2854 4312 3157 4387 motuque
3195 4304 3335 4386 ejus
3376 4322 3509 4367 mo-

2019 4412 2201 4467 vetur
2262 4403 2531 4487 planeta,
2584 4401 2823 4464 habens
2880 4403 3311 4465 eccentricum
3369 4404 3507 4467 sine

2017 4502 2326 4585 epicyclo,
2362 4508 2430 4562 ut
2458 4500 2570 4562 sol.
2606 4500 2797 4563 Porro
2826 4500 2878 4562 si
2919 4499 3111 4563 habet
3149 4501 3506 4584 cpicyclum

2018 4620 2165 4663 cum
2196 4600 2574 4671 eccentricO,
2608 4598 2935 4679 epicyclus
2978 4598 3228 4662 dicetur
3266 4600 3507 4662 moveri

2019 4700 2083 4762 in
2128 4698 2507 4769 eccentrico,
2559 4696 2727 4758 sicut
2774 4698 3169 4759 eccentricus
3220 4706 3513 4760 movetur

2020 4798 2084 4862 in
2124 4798 2387 4879 sphaera.
2433 4794 2773 4877 Epicyclus
2819 4796 3059 4877 quippe
3108 4803 3205 4857 est
3253 4796 3512 4878 sphaeri-

2017 4916 2167 4960 cum
2198 4912 2427 4977 corpus
2458 4900 2817 4955 contentum
2848 4891 3013 4955 infra
3041 4893 3509 4957 eccentricum:

2019 5002 2279 5078 propter
2336 4992 2503 5075 quod
2566 4999 2774 5075 potest
2830 4991 2894 5053 in
2952 4992 3315 5055 eccentrico
3371 5012 3513 5076 pro-

2019 5093 2233 5176 prium
2280 5099 2521 5154 motum
2567 5090 2819 5154 habere.

2102 5191 2367 5273 Insuper
2396 5189 2594 5272 aliqui
2627 5189 2849 5251 dicunt
2868 5188 3364 5255 demonstrative
3385 5209 3511 5255 non

427 5296 572 5360 dum
603 5316 772 5359 unus
801 5293 978 5359 orbis
1007 5292 1282 5357 multum
1315 5292 1638 5375 praecedit,
1661 5291 1914 5375 planeta
2022 5307 2163 5353 esse
2230 5287 2589 5373 probatum,
2647 5294 2939 5370 oportere
2999 5290 3391 5353 eccentricos
3452 5298 3515 5354 et
