4300 6259
940 523 1020 569 ΒΕ
1061 521 1288 568 mama·
1331 519 1712 567 cumsrmmn
1753 519 2058 576 mssomffi,
2103 519 2280 566 LIBER
2322 520 2361 567 1.
2410 539 2489 550 —-
2530 521 2669 567 ΛΒΤ.
2716 521 2907 566 ΧΧΧΙΧ

3348 503 3465 567 281

433 693 1078 775 Verumtamen,quia
1104 692 1167 754 in
1195 691 1872 755 incommutabilicnte
1899 691 1951 755 A
1981 689 2283 774 chetypas
2312 691 2550 754 formas
2585 693 2649 754 in
2678 710 2746 754 se
2786 699 2849 754 et
2886 711 2964 753 ex
3006 709 3073 754 se
3112 695 3472 772 conceptas,

375 792 739 856 necessario
768 801 864 855 est
892 809 1147 873 semper
1175 791 1488 873 quidquid
1518 789 1650 854 illic
1679 789 1873 854 semel

377 891 594 962 fuerit,
663 891 808 954 ideo
875 891 1094 953 divina
1161 890 1454 952 voluntas
1523 888 1872 952 immobilis

375 990 859 1073 complacentiae
907 989 1161 1052 dicitur.
1215 989 1382 1052 Deus
1436 989 1678 1071 quippe
1734 986 1873 1049 vult

377 1107 445 1150 se
489 1087 704 1170 ipsum
753 1087 1134 1163 necessarie,
1175 1106 1372 1169 quum
1421 1087 1506 1148 sit
1553 1087 1690 1168 ipse
1749 1085 1873 1148 sibi

377 1186 664 1249 ultimate
695 1186 965 1250 felicitas
996 1194 1059 1248 et
1087 1185 1242 1248 finis
1271 1185 1554 1248 ultimus.
1589 1184 1726 1247 Alia
1764 1202 1872 1246 au·

378 1293 504 1348 tem
564 1285 706 1348 vult
753 1284 976 1358 libere,
1028 1291 1100 1346 ut
1147 1291 1473 1347 ostensum
1533 1291 1628 1346 est
1681 1300 1692 1344 :
1745 1300 1874 1344 non

377 1385 548 1446 enim
583 1383 820 1446 habent
847 1383 1270 1446 necessariam
1314 1382 1754 1444 habitudinem
1795 1382 1874 1444 ad

375 1481 580 1544 finem
637 1481 872 1544 divinae
928 1480 1290 1544 voluntatis.
1342 1480 1644 1543 Voluntas
1701 1498 1876 1542 nam-

379 1599 502 1661 que
541 1599 616 1642 ea
661 1599 802 1662 quae
847 1587 997 1641 sunt
1039 1579 1104 1641 in
1151 1578 1349 1640 finem
1402 1596 1528 1640 non
1576 1579 1712 1640 vult
1749 1577 1872 1640 nisi

375 1679 732 1741 secundum
775 1678 946 1759 quod
976 1677 1052 1740 ad
1084 1676 1284 1739 finem
1317 1683 1466 1738 sunt
1495 1677 1870 1739 necessaria.

376 1775 716 1857 Quumque
773 1775 940 1838 Deus
1007 1775 1073 1837 in
1137 1793 1206 1837 se
1275 1775 1416 1857 ipso
1475 1793 1588 1856 per
1646 1793 1872 1856 puram

1981 790 2275 871 producit
2339 790 2597 854 divinus
2662 790 3042 852 intellectus.
3119 790 3258 870 Ipse
3328 805 3478 869 ergo

1981 895 2211 950 cuncta
2243 889 2303 950 in
2348 890 2624 972 propriis
2664 889 3101 952 essentialium
3142 886 3477 970 perfectio-

1979 1003 2135 1046 num
2186 985 2489 1067 gradibus
2536 987 2865 1050 constituit
2907 1003 2921 1048 t
2966 992 3062 1048 est
3110 985 3301 1066 igitur
3342 983 3480 1046 uni-

1982 1100 2311 1146 versorum
2360 1084 2601 1147 ordinis
2652 1084 3081 1167 primordialis
3124 1082 3319 1163 origo.
3363 1082 3477 1143 lta-

1983 1199 2106 1262 que
2146 1181 2541 1263 sapientialis
2574 1189 2669 1244 est
2698 1183 2944 1245 entium
2985 1201 3021 1244 a
3060 1181 3188 1244 Deo
3227 1179 3480 1242 excelso

1983 1279 2255 1341 causalis
2287 1279 2570 1344 diffusio.
2605 1280 2723 1344 Sed
2768 1280 2887 1342 hoc
2927 1279 3241 1362 posterius
3282 1277 3477 1339 clare-

1984 1375 2078 1437 bit
2120 1377 2391 1458 plenius.
2426 1414 2505 1423 —
2538 1379 2797 1452 RursuS,
2835 1379 3135 1460 quoniam
3165 1376 3297 1457 jam
3338 1393 3479 1457 pro·

1983 1472 2202 1537 batum
2234 1483 2331 1538 est
2360 1476 2641 1558 primum
2674 1477 3041 1539 omnimode
3081 1475 3355 1536 liberum
3388 1491 3481 1535 es-

1985 1591 2074 1644 se,
2109 1581 2172 1636 et
2202 1575 2395 1636 totius
2438 1574 2745 1637 libertatis
2784 1573 3049 1646 fontem,
3082 1579 3329 1635 constat
3366 1590 3481 1633 cur

1985 1671 2186 1734 libera
2227 1673 2351 1734 dici
2399 1674 2603 1736 valeat
2649 1672 2869 1735 mundi
2914 1671 3179 1734 molitio,

2067 1769 2353 1853 Denique
2384 1771 2735 1834 secundum
2768 1769 3311 1843 Aristotelem,ars
3344 1767 3481 1828 imi-

375 1892 556 1934 suam
591 1873 938 1936 bonitatem
979 1873 1062 1934 sit
1102 1873 1484 1956 simpliciter
1525 1871 1702 1946 felix,
1738 1891 1874 1954 per·
1905 1877 1949 1938 B
1987 1875 2153 1930 tatur
2182 1876 2497 1932 naturam.
2532 1869 2651 1932 Sed
2692 1877 2754 1932 et
2794 1877 3019 1930 natura
3059 1869 3343 1930 imitatur
3385 1885 3483 1928 ar-

372 1971 606 2043 fectuS‚
656 1979 720 2034 et
757 1970 1240 2054 quomodolibet
1283 1969 1511 2043 bonus,
1563 1971 1654 2032 nil
1697 1978 1874 2034 extra

371 2089 522 2132 eum
557 2071 992 2132 necessarium
1022 2069 1314 2132 ordinem
1344 2067 1534 2131 habet
1563 2069 1641 2132 ad
1673 2068 1872 2131 finem

371 2169 610 2231 divinae
651 2168 1076 2230 subsistentiae
1119 2175 1180 2229 et
1221 2167 1496 2228 ultimati
1537 2166 1730 2244 finis;
1763 2167 1874 2230 sed

374 2266 612 2328 dieitur
651 2266 816 2327 Deus
853 2266 1066 2347 aliqua
1104 2285 1141 2327 a
1178 2283 1246 2327 se
1286 2264 1450 2328 velle
1489 2265 1870 2339 necessario,

373 2364 620 2426 ratione
650 2383 782 2427 suae
813 2362 1161 2426 immobilis
1191 2382 1328 2426 com
1341 2363 1670 2446 placentiae
1698 2381 1712 2425 ε
1741 2364 1874 2426 haec

373 2480 526 2524 vero
556 2462 901 2524 necessitas
930 2480 1056 2524 non
1087 2461 1210 2524 nisi
1242 2460 1624 2524 conditionis
1653 2468 1750 2524 est
1775 2461 1876 2524 vel

373 2579 453 2622 ex
497 2559 863 2643 hypothesi.

453 2659 700 2730 Denu0,
751 2664 849 2720 est
895 2657 1188 2720 voluntas
1229 2677 1372 2741 quae
1416 2665 1512 2720 est
1555 2657 1876 2740 appetitus

373 2755 466 2818 rei
529 2753 917 2828 deficientis,
980 2773 1171 2837 quam
1231 2755 1492 2837 quidam
1551 2754 1878 2838 appellant

371 2853 736 2936 appetitum
789 2853 1090 2916 desiderii
1141 2871 1154 2914 :
1203 2861 1268 2915 et
1312 2853 1761 2934 hujuscemodi
1813 2853 1875 2914 in

373 2952 508 3014 Deo
535 2969 664 3014 non
695 2959 811 3014 θεῖ.
849 2950 924 3012 Et
965 2950 1042 3012 de
1082 2949 1200 3012 hac
1239 2951 1566 3014 voluntate
1610 2952 1875 3034 loquun-

1985 1974 2134 2029 tem.
2158 1967 2266 2029 Est
2294 1969 2530 2031 etenim
2561 1988 2662 2031 ars
2692 1987 2833 2050 quae
2865 1975 3161 2030 causatur
3189 1985 3225 2028 a
3256 1965 3477 2028 rebus:

1983 2074 2047 2128 et
2086 2064 2221 2128 haec
2259 2067 2539 2129 humana
2567 2075 2685 2138 est,
2720 2067 2923 2147 legem
2972 2066 3193 2147 utique
3240 2071 3479 2126 naturae

1986 2163 2263 2227 imitans,
2299 2164 2407 2226 Est
2450 2165 2681 2226 iterum
2722 2184 2823 2226 ars
2866 2183 3005 2246 quae
3046 2182 3259 2226 rerum
3292 2179 3481 2224 causa

1985 2269 2102 2336 θεῖ,
2143 2271 2209 2326 et
2263 2271 2553 2326 naturam
2614 2264 2815 2346 ipsam
2879 2262 3291 2325 constituens.
3345 2259 3481 2322 Jam

1989 2379 2267 2442 namque
2312 2362 2555 2423 dictum
2602 2369 2720 2433 θεῖ,
2756 2361 2924 2443 quod
2970 2366 3195 2422 natura
3244 2359 3485 2439 regitur

1985 2458 2066 2520 ab
2123 2458 2449 2520 infallibili
2523 2467 2585 2522 et
2662 2459 3077 2521 intellectuali
3140 2456 3479 2539 principie.

1987 2557 2128 2620 Haec
2160 2574 2417 2638 quoque
2448 2575 2597 2619 vera
2628 2564 2797 2629 sunt,
2818 2557 2951 2618 sive
2984 2564 3207 2618 natura
3237 2555 3485 2617 dicatur

1987 2654 2191 2715 virtus
2223 2655 2461 2717 diffusa
2506 2654 2569 2716 in
2616 2653 2921 2716 coelorum
2958 2653 3353 2724 substantiiS,
3386 2669 3483 2714 or-

1986 2751 2307 2833 bibusque
2345 2759 2409 2814 et
2444 2752 2631 2814 astris
2672 2752 2983 2834 impressa
3023 2758 3316 2832 potestas
3350 2750 3484 2812 sive

1987 2849 2391 2912 sensibilium
2444 2850 2807 2932 specierum
2858 2856 3099 2922 catena,
3145 2856 3254 2910 aut
3290 2847 3481 2910 etiam

1989 2949 2273 3030 ipsarum
2324 2949 2629 3012 naturalis
2678 2947 2778 3010 lex
2824 2956 3015 3029 atque
3062 2947 3415 3029 proprietas
3466 2965 3479 3007 :

369 3058 480 3111 tur
525 3049 1052 3132 philosophorum
1097 3049 1416 3122 melioreS,
1459 3059 1758 3132 negantes
1811 3051 1874 3112 in
1907 3053 1951 3116 G
1988 3049 2205 3110 omnia
2236 3065 2467 3130 nempe
2500 3048 2631 3110 haec
2662 3047 2743 3109 ab
2774 3045 3205 3109 intellectibus
3235 3063 3483 3128 separa-

373 3147 588 3230 primo
617 3147 1012 3210 voluntatem
1051 3165 1212 3219 esse,
1245 3147 1612 3211 Aristoteles
1656 3150 1877 3210 videli-

371 3253 498 3320 cet,
538 3246 870 3318 AverroeS‚
919 3244 1263 3316 Avicenna,
1299 3245 1774 3328 Theophrastus
1815 3255 1878 3310 et

372 3344 784 3426 Porphyrius.

701 3607 1194 3672 ARTICULUS
1241 3608 1560 3672 XXXIX.

376 3759 566 3826 Quod
593 3757 898 3816 universi
924 3777 964 3815 a
987 3758 1208 3832 primo
1241 3759 1588 3831 processiO,
1619 3777 1746 3816 non
1781 3758 1879 3815 ire-

451 3855 898 3922 eonyruenter
953 3847 1366 3920 sapientialis
1423 3865 1498 3904 ac
1555 3847 1764 3904 libera
1821 3855 1881 3905 ec

455 3945 778 4014 tanquam
806 3935 1186 4011 artificialis
1215 3937 1602 4009 appelletur.

509 4130 876 4204 NIMVERO,
895 4130 1046 4194 dum
1079 4131 1436 4213 producens
1467 4130 1706 4193 nedum
1737 4150 1879 4194 cau-

1987 3147 2068 3208 tis
2099 3145 2555 3227 gubernantur.
2585 3145 2795 3218 Porr0,
2822 3163 3019 3226 quum
3052 3163 3213 3226 opus
3244 3151 3484 3206 uaturm

1987 3253 2049 3308 et
2091 3243 2525 3326 intelligentiae
2564 3245 2647 3306 sit
2684 3262 2845 3325 opus
2885 3243 3109 3325 primae
3148 3261 3375 3316 causae,
3408 3259 3485 3304 eo

1985 3344 2156 3427 quod
2187 3342 2471 3424 primum
2503 3341 2587 3404 sit
2614 3341 2947 3404 fontanum
2979 3360 3225 3422 regens,
3249 3341 3485 3404 omnis-

1984 3461 2110 3523 que
2143 3440 2447 3502 naturalis
2481 3440 2635 3521 legis
2666 3439 2922 3502 fontalis
2964 3440 3322 3518 institutor3
3356 3447 3483 3501 tam

1985 3559 2085 3602 ars
2127 3547 2341 3601 nostra
2388 3558 2576 3621 quam
2623 3546 2868 3612 natura,
2902 3557 2973 3600 ac
3017 3538 3210 3600 etiam
3240 3537 3485 3600 intelle-

1987 3638 2295 3700 ctualium
2317 3657 2388 3700 su
2399 3639 3115 3719 permundanorumque
3135 3636 3488 3718 gubernan-

1988 3737 2150 3798 tium
2184 3744 2425 3808 catena,
2459 3736 2659 3797 divini
2701 3735 3065 3798 intellectus
3101 3743 3302 3796 artem
3346 3734 3486 3796 imi-

1988 3843 2177 3896 tatur.
2212 3834 2474 3916 Propter
2501 3833 2671 3916 quod
2705 3851 2831 3896 non
2864 3834 3077 3914 inepte
3108 3851 3145 3894 a
3174 3832 3485 3912 theologis

1991 3933 2283 3996 laudatur
2315 3932 2479 3995 Deus
2510 3951 2611 3994 ars
2643 3931 2995 3994 rationibus
3039 3931 3243 4012 plena.
3281 3931 3355 3992 Et
3393 3931 3485 3992 vi-

1990 4032 2176 4094 detur
2226 4031 2289 4094 id
2340 4031 2551 4113 ipsum
2602 4029 2683 4091 ab
2730 4028 3118 4112 Alphorabio
3170 4028 3486 4110 praeindu-

1989 4137 2165 4192 ctum
2193 4147 2206 4191 :
2232 4129 2471 4211 quippe
2501 4147 2626 4201 ατε,
2650 4135 2821 4190 recta
2851 4145 3063 4189 rerum
3100 4125 3481 4190 factibilium

540 4236 824 4292 satorum
855 4229 1275 4292 substantiam
1319 4228 1634 4310 producit,
1667 4229 1776 4292 sed
1816 4238 1879 4292 et
1907 4229 1959 4293 D
1989 4229 2148 4291 ratio
2196 4227 2579 4289 nominatur.
2633 4226 2907 4306 Ideoque
2956 4225 3191 4287 ideales
3238 4225 3485 4288 entium

371 4330 670 4391 ordinem
720 4327 846 4390 illis
891 4327 1176 4408 largitur,
1207 4327 1670 4410 sapientialiter
1698 4328 1828 4409 agit
1861 4346 1874 4390 :

373 4428 590 4490 omnis
621 4426 862 4508 quippe
895 4425 1232 4489 multitudo
1261 4425 1484 4489 ordine
1514 4444 1735 4488 carens
1768 4427 1882 4488 im-

371 4524 664 4609 perfecta
695 4542 956 4606 prorsus
986 4532 1099 4586 est.
1119 4523 1400 4586 Primum
1431 4531 1644 4586 autem
1679 4525 1881 4607 perfe-

371 4623 742 4686 ctissimum
771 4630 870 4685 est
895 4641 1110 4704 agenS,
1145 4622 1498 4685 secundum
1531 4621 1874 4686 Platonem.

371 4721 508 4786 Non
557 4721 753 4802 igitur
791 4722 975 4783 decet
1014 4720 1172 4782 illud
1215 4719 1666 4802 imperfectum
1716 4738 1878 4804 opus

373 4821 735 4903 producere
769 4837 782 4882 :
829 4819 1066 4883 nedum
1108 4837 1260 4900 ergo
1299 4818 1649 4881 multorum
1690 4838 1880 4882 causa

374 4929 494 4996 est,
531 4920 646 4983 sed
675 4927 738 4982 et
765 4919 1012 4982 ordinis
1045 4918 1304 4998 largitor
1331 4925 1445 4980 est.
1473 4917 1878 5000 Sapientialis

373 5027 470 5082 est
500 5035 656 5100 ergo
685 5017 1134 5080 universorum
1173 5036 1210 5079 a
1249 5016 1377 5078 Deo
1415 5014 1680 5077 sublimi
1720 5016 1880 5079 deri-

373 5118 568 5180 vatio.
603 5115 852 5190 Adhuc,
885 5114 1240 5178 secundum
1280 5114 1602 5176 Platonem
1641 5121 1704 5176 et
1734 5114 1878 5176 Avi-

373 5214 936 5297 cebron,primum
965 5211 1095 5294 agit
1124 5229 1238 5294 per
1268 5211 1578 5275 rationem
1609 5211 1878 5275 interius

371 5318 889 5396 praeconceptam
923 5327 938 5372 τ
971 5309 1102 5374 imo
1141 5309 1360 5374 omnia
1397 5311 1752 5374 secundum
1782 5330 1878 5374 ar-

1987 4325 2443 4390 similitudines
2471 4344 2614 4407 quae
2646 4326 2711 4386 in
2752 4324 2879 4386 Deo
2918 4330 3084 4398 sunt,
3116 4343 3219 4386 ars
3254 4323 3485 4386 divinae

1991 4426 2223 4488 mentis
2248 4425 2483 4505 optime
2509 4423 3058 4506 profantur,quum
3085 4423 3211 4486 sint
3235 4423 3485 4485 univer-

1989 4542 2205 4586 sorum
2241 4523 2615 4604 productiva
2646 4521 2963 4604 principia
2991 4530 3055 4584 et
3084 4541 3298 4584 rerum
3330 4521 3487 4584 ratio

1993 4629 2165 4684 recta
2198 4638 2212 4682 τ
2249 4621 2378 4683 imo
2409 4638 2534 4683 non
2568 4620 2898 4683 dumtaxat
2929 4627 3119 4692 recta,
3152 4620 3261 4682 sed
3292 4621 3486 4682 totius

1991 4719 2393 4784 rectitudinis
2438 4737 2753 4782 mensura.

2070 4819 2161 4880 Ex
2204 4817 2303 4878 his
2344 4817 2643 4898 equidem
2670 4815 2802 4896 jam
2844 4814 3152 4877 elucescit
3190 4815 3489 4896 quemad-

1991 4917 2251 4978 modum
2286 4915 2529 4977 entium
2558 4914 2878 4996 processio
2898 4931 2935 4974 a
2954 4913 3488 4994 supersplendido

1989 5015 2194 5078 divini
2238 5014 2501 5075 luminis
2544 5011 2739 5084 fonte,
2774 5010 3133 5073 artificialis
3180 5011 3306 5072 dici
3349 5030 3488 5093 pos-

1994 5114 2094 5175 sit.
2121 5112 2372 5174 Etenim
2406 5111 2759 5172 secundum
2777 5108 3180 5172 Aristotelem
3213 5111 3485 5191 septimo

1993 5211 2216 5274 Primae
2248 5209 2687 5292 philosophias,
2720 5209 2945 5271 domus
2988 5215 3083 5270 est
3111 5226 3147 5269 a
3177 5208 3387 5281 dom0‚
3422 5217 3485 5271 θῖ

1987 5309 2223 5372 sanitas
2252 5327 2289 5372 a
2317 5309 2585 5372 sanitate
2620 5325 2634 5371 ε
2667 5309 2897 5372 domus
2928 5307 3188 5391 quidem
3219 5307 3484 5372 sensibi-
