4300 6259
863 493 942 538 De
983 489 1210 538 Ltnnrtt
1251 488 1634 536 cnntsrtANAE
1675 485 1978 544 meum,
2025 487 2203 534 tumn
2246 489 2285 534 1.
2332 505 2411 517 —
2452 489 2591 534 Aur.
2638 489 2782 534 LVIII

3269 469 3385 534 301

307 664 508 728 relicta
551 663 816 736 unitate,
861 669 924 724 et
970 660 1384 725 conformiter
1431 665 1503 720 ut
1543 666 1780 720 cetero·
1807 655 1858 718 A
1891 655 2287 737 permanebit
2338 656 2401 718 in
2454 655 2593 737 ipso
2640 655 2989 737 imaginum
3042 654 3385 718 distinctio.

307 782 432 826 rum
475 779 886 825 numerorum
934 760 1246 822 rationem
1285 775 1444 840 quos
1486 755 1774 818 includit.

201 898 286 928 ,η
309 861 620 942 Quumque
651 877 822 922 nunc
841 866 1172 922 ostensum
1203 857 1288 920 sit
1315 856 1607 918 divinum
1641 871 1780 916 esse

311 959 728 1022 universaliter
767 966 833 1020 et
870 957 1252 1039 simpliciter
1290 954 1647 1038 perfectum
1690 951 1780 1015 fo-

309 1077 384 1128 re,
431 1076 625 1139 quum
681 1057 764 1118 sit
819 1055 1256 1137 independens
1305 1060 1368 1115 et
1413 1071 1526 1134 per
1569 1070 1782 1113 essen-

307 1157 442 1218 tiam
469 1154 860 1232 subsistens3
890 1152 1148 1215 divinus
1179 1151 1544 1214 intellectus
1577 1149 1780 1233 ipsam

305 1273 465 1316 suam
529 1253 872 1316 essentiam
943 1249 1362 1332 contemplari
1435 1256 1642 1331 potest
1711 1255 1784 1309 ut

307 1351 606 1434 propriam
657 1349 969 1412 rationem
1028 1357 1092 1410 et
1150 1347 1430 1430 speciem
1489 1346 1780 1410 omnium

307 1459 650 1512 naturarum
683 1467 958 1530 quarum
1005 1447 1068 1509 in
1114 1446 1462 1527 semetipso
1503 1443 1784 1525 comple-

307 1549 480 1610 ctitur
507 1547 932 1630 perfectiones
959 1563 972 1606 :
1000 1545 1152 1618 imo,
1185 1544 1489 1626 quoniam
1520 1541 1784 1624 amplio-

307 1665 424 1708 rem
456 1644 912 1728 perfectionem
945 1640 1432 1724 comprebendit
1460 1659 1650 1722 quam
1683 1658 1784 1701 res

309 1751 514 1806 creatae
563 1749 1016 1825 repraesentare
1067 1740 1302 1813 valent,
1364 1746 1626 1821 propter
1683 1737 1782 1799 sui

1889 755 1990 818 Sic
2023 754 2219 836 igitur
2247 763 2531 836 apparet,
2557 755 2726 836 quod
2759 754 2936 817 nullo
2967 761 3176 816 creato
3208 752 3389 816 intel-

1891 853 2057 915 lectu
2117 853 2401 916 divinam
2462 861 2752 915 naturam
2814 852 3206 935 speculante,
3262 870 3389 913 non

1892 952 2104 1014 minus
2156 951 2591 1033 perseverabit
2640 951 2705 1014 in
2754 969 2828 1014 ea
2874 951 3209 1014 diversitas
3262 949 3391 1012 ide-

1889 1069 2092 1112 arum.

1973 1149 2092 1211 Sed
2141 1150 2445 1230 quoniam
2496 1149 2575 1212 de
2624 1150 2851 1214 horum
2900 1149 3205 1231 opinione
3256 1149 3387 1229 jam

1892 1255 2038 1310 ante
2093 1247 2490 1330 disputatum
2549 1257 2666 1322 est,
2718 1256 2783 1311 et
2838 1267 3005 1330 saepe
3060 1255 3385 1311 ostensum
3418 1265 3699 1307 nannet..

1893 1345 2167 1426 qualiter
2214 1345 2507 1408 divinum
2566 1346 3037 1428 supersimplex
3092 1364 3233 1408 esse
3290 1363 3391 1407 ve-

1899 1443 2150 1506 rissime
2180 1445 2475 1524 cognosci
2510 1445 2711 1528 possit
2738 1464 2775 1507 a
2808 1444 3128 1507 mentibus
3164 1444 3393 1506 creatis

1896 1540 2018 1602 sub
2063 1541 2407 1623 multiplici
2458 1543 2843 1626 proprietate
2880 1551 2945 1605 et
2983 1541 3393 1619 habitudine3

1897 1657 2068 1701 nunc
2129 1639 2410 1702 breviter
2456 1641 2824 1716 dicendum,
2874 1640 3044 1722 quod
3106 1639 3167 1702 id
3227 1640 3396 1722 quod

1898 1737 2101 1800 virtus
2151 1738 2417 1800 inferior
2474 1738 2628 1801 facit
2678 1759 2793 1822 per
2849 1740 3055 1822 plura,
3108 1739 3398 1822 superior

309 1840 696 1913 infinitatem,
739 1840 1010 1902 dubium
1060 1855 1187 1901 non
1239 1845 1336 1900 est
1384 1837 1544 1918 quin
1593 1835 1783 1898 etiam
1817 1841 1862 1904 B
1900 1834 2050 1898 facit
2110 1854 2225 1918 per
2284 1839 2601 1918 pauciora.
2654 1838 2881 1900 Divina
2930 1838 3125 1920 igitur
3170 1837 3395 1910 virtus,

307 1960 370 2002 ea
409 1959 546 2022 quae
585 1956 712 2002 non
753 1945 922 2009 sunt,
957 1938 1084 2000 imo
1117 1935 1374 1998 infinita
1415 1936 1480 1996 in
1527 1953 1592 1998 se
1637 1933 1786 1996 sim-

311 2039 442 2120 plici
473 2037 718 2100 visione
749 2035 1170 2117 contemplari
1199 2041 1408 2115 queat.
1432 2033 1560 2094 Hoc
1595 2031 1788 2112 igitur

311 2137 480 2199 modo
507 2135 727 2197 divina
765 2133 1040 2196 essentia
1079 2139 1178 2195 est
1215 2131 1662 2195 universorum
1695 2148 1787 2192 ra-

309 2235 386 2296 tio
449 2241 512 2296 et
583 2233 726 2294 idea
797 2249 811 2292 :
885 2239 1146 2313 propter
1192 2229 1360 2313 quod
1431 2227 1786 2292 secundum

309 2332 714 2412 Augustinum
773 2339 838 2392 et
893 2329 1292 2401 Anselmum‚
1351 2327 1490 2389 idea
1549 2335 1644 2390 est
1692 2344 1788 2388 es·

311 2431 492 2492 sentia
519 2428 740 2491 divina
771 2435 840 2489 ut
873 2427 1206 2490 imitabilis
1242 2425 1582 2488 intellecta.

379 2528 545 2590 Unde
593 2526 806 2610 palam
854 2534 972 2598 est,
1016 2524 1452 2587 diversitatem
1501 2541 1613 2585 seu
1665 2521 1790 2584 dis-

313 2625 664 2687 tinctionem
715 2624 879 2686 hanc
931 2623 1218 2685 idearum
1261 2620 1494 2684 divinae
1552 2619 1796 2702 simpli-

313 2723 468 2785 citati
511 2739 638 2786 non
680 2721 1078 2784 contrariari.
1111 2719 1270 2782 Nam
1311 2718 1636 2781 distinctio
1665 2735 1794 2781 non

311 2829 395 2883 est
421 2821 538 2883 nisi
570 2819 926 2882 secundum
955 2817 1400 2881 habitudinem
1431 2816 1508 2879 ad
1541 2823 1786 2878 creata:

312 2919 436 2980 idea
463 2937 696 3000 nempe
727 2917 1102 2980 relationem
1133 2915 1290 2978 dicit
1317 2915 1396 2978 ad
1427 2913 1790 2977 ideata.Sed

314 3017 432 3080 haec
473 3016 693 3080 relatio
737 3034 866 3078 non
904 3023 1002 3079 est
1039 3014 1164 3076 nisi
1205 3013 1488 3086 rationi&
1524 3013 1674 3096 quia
1724 3011 1790 3073 in
1822 3021 1864 3084 c

313 3115 428 3176 Deo
455 3115 630 3177 nulla
668 3132 930 3196 prorsus
959 3120 1056 3176 est
1085 3110 1512 3193 dependentia
1539 3110 1618 3172 ad
1650 3127 1792 3172 cau·

311 3221 430 3274 sata
463 3230 476 3274 :
508 3211 768 3274 divinus
808 3211 1048 3274 etenim
1091 3209 1452 3272 intellectus
1503 3208 1692 3270 unica
1729 3214 1792 3270 et

311 3311 774 3393 simplicissima
804 3308 1343 3391 contemplatione
1373 3307 1790 3390 comprehen-

311 3409 394 3472 dit
430 3429 610 3472 suam
653 3407 1128 3490 supervivalem
1175 3405 1518 3468 essentiam
1568 3423 1795 3467 secun-

311 3508 448 3570 dum
477 3527 736 3572 omnem
769 3505 1230 3589 perfectionem
1262 3513 1326 3567 et
1365 3503 1625 3566 modum
1663 3519 1792 3584 quo

309 3606 742 3688 cognoscibilis
771 3612 888 3668 est.
923 3604 1197 3686 Ideoque
1235 3623 1312 3667 ex
1354 3611 1532 3686 parte
1563 3609 1792 3664 nostrae

311 3706 556 3768 rationis
606 3723 736 3767 non
787 3703 1066 3787 potentis
1113 3702 1583 3785 supersimplex
1633 3699 1792 3762 illud

310 3803 512 3867 lumen
561 3805 626 3866 in
687 3803 966 3886 propriae
1023 3801 1456 3884 simplicitatis
1517 3799 1792 3882 puritate

311 3903 606 3978 contueri,
659 3902 964 3964 idealium
1025 3900 1342 3963 rationum
1403 3908 1500 3962 est
1559 3898 1792 3960 intelli-

307 4003 496 4082 genda
537 4000 890 4064 distinctio.

379 4101 548 4173 Quod
587 4099 642 4162 si
683 4098 922 4160 dixeris
957 4115 972 4160 ε
1009 4095 1145 4160 Non
1177 4095 1630 4159 exsistentibus
1661 4114 1794 4158 cre-

1899 1953 2040 2016 quae
2069 1943 2167 1996 est
2198 1935 2400 1998 virtus
2432 1936 3157 2019 virtutum‚simpliciter
3186 1937 3401 2019 utique

1901 2033 2185 2116 perfecta
2212 2042 2277 2097 et
2314 2036 2577 2099 omnino
2610 2035 2887 2108 infinita,
2924 2035 3112 2098 unica
3150 2035 3395 2118 simpli-

1901 2132 2161 2195 cissima
2188 2134 2667 2216 specie,cuncta
2700 2134 3046 2218 purissime
3073 2135 3395 2215 agnoscit:

1901 2230 2213 2313 quidquid
2262 2231 2433 2294 enim
2480 2231 2557 2294 ad
2604 2231 3069 2314 plenitudinem
3120 2233 3401 2315 plenam-

1901 2347 2028 2410 que
2105 2330 2562 2410 perfectionem
2638 2331 3089 2395 intellectualis
3158 2339 3399 2395 naturae

1903 2434 2169 2510 spectat,
2220 2429 2439 2492 divino
2498 2429 2851 2493 intellectui
2912 2431 3225 2512 congruit.
3279 2430 3399 2494 Sed

1906 2526 2038 2590 haec
2107 2527 2172 2589 in
2241 2527 2660 2608 sequentibus
2725 2528 3003 2610 amplius
3070 2528 3396 2611 patebunt.

1905 2626 2199 2689 Rationes
2228 2633 2441 2688 autem
2482 2645 2623 2708 quae
2661 2626 3149 2700 inducebantur,
3184 2645 3261 2689 ex
3302 2627 3401 2690 his

1905 2724 2126 2787 solutae
2170 2732 2339 2786 sunt.

2271 2987 2759 3053 ARTICULUS
2805 2989 3047 3053 LVIII.

1905 3148 2088 3211 Quod
2134 3146 2423 3205 omnium
2476 3155 2535 3204 ec
2580 3148 2989 3207 sensibilium
3028 3157 3087 3206 et
3130 3148 3403 3208 insensi-

1983 3237 2243 3303 bilium,
2294 3245 2355 3293 et
2413 3235 2885 3296 universaliter
2942 3238 3403 3298 universorum

1982 3325 2545 3403 qualitercumque
2564 3326 3043 3394 exsistentium,
3060 3329 3404 3402 propriam

1981 3423 2177 3492 atque
2234 3414 2612 3472 distinctam
2677 3415 3111 3490 coqm‘ct'onem
3174 3416 3404 3476 habeat

1982 3504 2255 3562 divinus
2307 3503 2691 3562 intellectu-3.

2037 3704 2381 3768 NIMVERO
2448 3705 2707 3767 divinus
2768 3705 3131 3768 intellectus
3188 3725 3399 3789 neque

2065 3803 2432 3886 potentialis
2502 3810 2597 3864 est
2668 3821 2783 3864 nec
2856 3803 3219 3878 habitualiS,
3293 3807 3403 3870 sed

1903 3903 2171 3966 actualis
2234 3903 2486 3983 penitus
2550 3909 2615 3964 et
2681 3901 3130 3964 universaliter
3186 3921 3399 3984 agenS.

1904 4003 2040 4066 Non
2071 4000 2245 4064 enim
2276 4007 2373 4062 est
2404 4001 2469 4062 in
2500 4001 2642 4081 ipso
2668 3999 3065 4073 vicissitudo,
3094 4009 3203 4062 aut
3233 4011 3405 4064 certe

1905 4101 1982 4163 de
2024 4099 2307 4182 potentia
2350 4117 2461 4160 seu
2508 4097 2729 4160 habitu
2774 4097 2839 4159 in
2882 4105 3097 4160 actum
3140 4101 3406 4182 emigra-

305 4199 414 4260 atis
461 4196 920 4270 intellectibus„
971 4194 1179 4258 adhuc
1231 4194 1451 4277 utique
1499 4194 1794 4258 divinum
1825 4204 1874 4267 D
1905 4199 2010 4262 tio.
2041 4198 2181 4260 Haec
2204 4214 2480 4278 namque
2512 4195 2649 4258 sine
2684 4195 3029 4259 mutatione
3060 4214 3189 4260 non
3220 4207 3399 4261 sunt:

309 4297 510 4360 lumen
542 4305 776 4360 cuncta
806 4294 1085 4378 propriis
1113 4301 1304 4375 atque
1335 4293 1654 4356 distinctis
1705 4313 1796 4357 ra-

307 4395 578 4459 tionibus
621 4392 1084 4478 speculabitur,
1119 4393 1286 4454 sicut
1327 4399 1390 4454 et
1437 4391 1516 4455 ab
1559 4399 1796 4456 aeterno

307 4493 448 4556 fecit
479 4511 494 4556 :
531 4495 598 4556 in
641 4494 782 4575 ipso
817 4492 1030 4572 igitur,
1065 4498 1138 4553 ut
1175 4491 1448 4564 videtur,
1481 4497 1575 4552 est
1606 4498 1797 4554 statu-

306 4593 456 4654 enda
511 4590 844 4655 distinctio
902 4589 1208 4652 idearum.
1265 4589 1340 4650 Et
1385 4589 1550 4650 hanc
1609 4589 1796 4652 ratio-

307 4709 444 4752 nem
477 4691 754 4754 Joannes
795 4688 1020 4752 Scotus
1063 4687 1246 4750 valde
1287 4687 1694 4768 magnificat3
1735 4695 1798 4750 et

305 4791 405 4870 qui
453 4809 604 4852 eum
661 4793 1040 4870 sequuntur,
1091 4785 1304 4848 simile
1363 4785 1556 4867 hujus
1615 4786 1795 4848 indu-

306 4895 466 4950 cunt.
502 4887 732 4951 Omnia
780 4903 1060 4966 namque
1111 4883 1400 4947 relucent
1448 4883 1608 4946 ideis
1658 4903 1796 4966 pro-

307 4987 454 5068 priis
513 4987 580 5048 in
649 4985 870 5047 divina
925 4983 1224 5056 essentia,
1287 4983 1461 5044 velut
1520 4983 1796 5064 propriis

312 5083 688 5166 imaginibus
747 5082 1032 5145 visibilia
1087 5082 1496 5163 resplendent
1547 5081 1610 5142 in
1661 5101 1796 5163 spe·

313 5183 448 5245 culo
503 5183 726 5265 polito.
780 5181 1036 5245 Constat
1089 5189 1328 5254 autem,
1387 5180 1558 5262 quod
1619 5181 1796 5244 nullo

313 5281 488 5346 oculo
531 5278 871 5366 speculum
921 5279 1044 5340 tale
1093 5277 1548 5362 conspiciente,
1588 5277 1796 5343 adhuc

1905 4317 2047 4378 quae
2079 4293 2588 4357 incommutabili
2620 4301 2999 4376 aeternaeque
3042 4295 3237 4358 menti
3277 4315 3405 4360 non

1907 4394 2225 4458 convenit.
2274 4393 2585 4466 Quoniam
2639 4393 2831 4473 igitur
2879 4393 2941 4454 in
2997 4395 3406 4475 praeinductis

1905 4492 2195 4556 articulis
2234 4491 2365 4571 jam
2412 4491 2856 4573 multipliciter
2903 4491 3407 4556 demonstratum

1909 4599 2026 4662 est,
2075 4590 2523 4652 universorum
2576 4589 2973 4671 exemplares
3024 4591 3297 4654 rationes
3346 4600 3407 4654 et

1913 4689 2083 4751 ideas
2115 4687 2315 4749 divini
2362 4687 2721 4748 intellectus
2769 4686 3001 4748 lumini
3044 4688 3273 4762 inesse,
3308 4709 3411 4771 pa-

1911 4787 2034 4848 lam
2069 4785 2479 4867 utique,quia
2512 4785 2945 4847 universorum
2983 4787 3407 4867 cognitionem

1908 4885 2116 4947 habet.
2167 4883 2482 4964 AmpliuS,
2529 4882 2839 4964 quidquid
2893 4883 3407 4949 intellectualiter

1905 4983 2052 5064 agit,
2095 4980 2261 5044 facta
2311 4980 2567 5061 propria
2614 4980 2949 5060 dignoscit,
3002 4985 3407 5065 quemadmo—

1907 5082 2057 5142 dum
2090 5079 2431 5141 artificiata
2462 5077 2783 5157 cognoscit
2812 5077 3061 5140 artifex.
3097 5080 3263 5144 Deus
3291 5103 3400 5146 au-

1906 5187 2033 5242 tem
2095 5175 2612 5239 intellectualiter
2672 5183 2903 5238 cuncta
2960 5178 3279 5257 produxit,
3330 5190 3400 5244 ut

1903 5285 2227 5343 ostensum
2258 5283 2373 5350 est,
2389 5294 2585 5358 quum
2620 5275 2700 5338 sit
2729 5292 2921 5357 agens
2951 5295 3066 5358 per
3093 5279 3401 5350 rationem
