4300 6259
813 463 936 531 620

857 673 936 718 DE
977 673 1344 720 SUBSTANTIA
1354 675 1408 720 LI
1449 675 1766 722 CORPORUM
1810 673 2270 721 courosirtorm.

819 835 1141 909 Propositio
1169 840 1353 895 XXIV.
1386 839 1612 895 Formae
1641 837 2050 896 substantiales
2075 854 2173 894 na-

891 927 1174 984 turalium
1212 945 1412 986 rerum
1467 945 1598 986 vere
1653 931 1994 986 asseruntur
2047 943 2173 986 esse

893 1015 1106 1086 partim
1156 1017 1228 1072 ab
1275 1017 1448 1083 intra,
1487 1020 1546 1074 et
1590 1017 1803 1089 partim
1853 1016 1924 1072 ab
1969 1018 2136 1074 extra
2156 1033 2172 1082 3

894 1103 1308 1163 difficillimum
1364 1108 1561 1163 tamen
1617 1107 1705 1163 est
1771 1105 2022 1177 qualiter
2066 1105 2176 1161 hoc

892 1191 1088 1266 ipsum
1118 1194 1195 1250 sit
1222 1194 1668 1268 intelligendum
1694 1237 2169 1251 ......

819 1281 1143 1354 Propositio
1169 1284 1328 1338 XXV.
1360 1283 1639 1341 Omnium
1669 1283 2060 1356 corporalium
2092 1300 2177 1340 re-

889 1388 1026 1428 rum
1071 1373 1316 1431 materia
1359 1376 1444 1430 est
1481 1373 1677 1446 aliquo
1725 1375 1900 1430 modo
1945 1389 2078 1438 una,
2117 1376 2177 1429 et

893 1460 1089 1533 aliquo
1119 1463 1296 1519 modo
1331 1462 1554 1519 diversa
1595 1504 2171 1520 .......
2248 1461 2313 1516 Η

820 1549 1141 1623 Propositio
1179 1551 1364 1607 XXVI.
1395 1551 1632 1609 Materia
1675 1555 1775 1608 aut
1821 1567 1937 1607 non
1977 1553 2066 1608 est
2102 1551 2174 1608 de

889 1640 1140 1697 essentia
1213 1641 1608 1698 materialium
1687 1638 2171 1705 substantiarum,

885 1733 990 1786 aut
1015 1733 1103 1786 est
1130 1746 1264 1802 pars
1294 1729 1492 1787 minus
1531 1729 1870 1802 principalis
1909 1728 2175 1786 essentioe

887 1820 1232 1877 earumdem
1241 1859 2169 1876 ...........

816 1907 1141 1980 Propositio
1172 1909 1382 1966 XXVII.
1413 1907 1714 1967 Materiam
1756 1907 2010 1981 primam
2055 1922 2173 1962 non

889 2013 1056 2070 posse
1095 2001 1246 2056 stare
1285 2000 1526 2065 nudam,
1559 1997 1894 2056 communis
1932 1996 2176 2054 assertio

889 2089 975 2144 est
1044 2127 2173 2145 .............
2248 2085 2319 2141 43

819 2176 1142 2248 Propositio
1180 2178 1416 2234 XXVIII.
1451 2175 1936 2234 Individuationis
1965 2174 2179 2249 princi-

892 2265 1077 2339 pium,
1109 2283 1286 2324 causa
1313 2283 1418 2324 seu
1455 2266 1623 2331 ratio,
1656 2269 1742 2323 est
1779 2266 1838 2322 id
1869 2281 1904 2320 a
1933 2281 2048 2338 quo
2088 2263 2177 2320 in-

893 2355 1198 2414 dividuum
1239 2356 1412 2415 habet
1443 2373 1566 2415 esse
1606 2355 1927 2414 limitatum
1966 2358 2023 2413 et
2058 2355 2178 2411 sin-

895 2445 1095 2520 gulare
1125 2461 1428 2518 unumque
1459 2462 1708 2504 numero
2248 2445 2323 2500 44

821 2534 1144 2607 Propositio
1171 2536 1357 2592 XXIX.
1388 2535 1690 2592 Elementa
1716 2535 1776 2591 in
1808 2533 2010 2591 mixtis
2037 2549 2179 2606 quo-

895 2625 1032 2680 dam
1091 2624 1267 2680 modo
1323 2626 1586 2690 manent,
1637 2627 1696 2682 et
1749 2623 1946 2696 aliquo
2003 2623 2180 2679 modo

755 2777 772 2790 ,
893 2730 1013 2771 non
1037 2755 2173 2771 .............
2252 2714 2324 2769 45

825 2803 1148 2876 Propositio
1176 2804 1334 2860 XXX.
1371 2805 1432 2860 In
1463 2805 1668 2862 eodem
1709 2802 2032 2876 composito
2060 2818 2179 2859 non

893 2891 1007 2948 nisi
1051 2909 1232 2950 unam
1273 2893 1587 2950 consistere
1623 2892 1878 2950 formam
1909 2892 2179 2948 substan-

893 2981 1114 3044 tialem‚
1156 2982 1473 3054 probabilis
1518 2985 1605 3039 est
1647 2981 1844 3054 opinio
1868 2999 1882 3048 ;
1926 2997 2058 3053 quoe
2093 2983 2179 3036 ta-

896 3086 1031 3128 men
1071 3070 1273 3127 multis
1309 3071 1636 3128 rationibus
1672 3073 1728 3128 et
1765 3067 2183 3142 experimentis

891 3157 1123 3216 videtur
1149 3160 1442 3216 contraria
1511 3200 2175 3216 ........
2254 3158 2326 3213 45

821 3248 1145 3321 Propositio
1173 3250 1358 3305 XXXI.
1379 3251 1585 3306 Totum
1615 3253 1672 3306 et
1697 3266 1831 3322 pars
1857 3247 2032 3304 variis
2061 3261 2185 3302 mo-

897 3337 988 3393 dis
1016 3338 1388 3411 accipiuntur
1417 3341 1472 3396 et
1500 3338 1844 3394 dividuntur
1886 3382 1896 3393 .
1979 3383 1989 3394 .
2071 3381 2081 3392 .
2166 3381 2176 3391 .
2254 3336 2325 3391 47

825 3427 1147 3499 Propositio
1185 3427 1395 3483 XXXII.
1436 3428 1783 3484 Formarum
1830 3425 2182 3483 substantia-

898 3515 1042 3572 lium
1077 3516 1287 3573 diversi
1317 3519 1455 3573 sunt
1485 3517 1700 3589 gradus
1729 3533 1796 3572 ac
1827 3515 2080 3572 ordines.
2162 3556 2175 3569 .
2254 3515 2326 3570 47

825 3605 1148 3677 Propositio
1177 3605 1414 3662 XXXIII.
1445 3604 1745 3662 Mineralia
1768 3607 2185 3677 nuncupantur

899 3709 1031 3766 quae
1058 3710 1129 3750 ex
1159 3694 1404 3752 mineris
1433 3695 1757 3767 gignuntur
1786 3693 1843 3750 in
1876 3697 2034 3750 terra
2073 3737 2084 3748 .
2166 3736 2178 3748 .
2254 3693 2327 3748 48

825 3783 1148 3855 Propositio
1195 3783 1428 3838 XXXIV.
1481 3785 1544 3839 ln
1595 3782 1936 3856 corporibus
1983 3782 2185 3838 mixtis

896 3889 1014 3928 non
1037 3875 1125 3930 est
1145 3871 1398 3944 perfecta
1423 3872 1786 3937 commixtio,
1811 3871 1922 3928 nisi
1947 3888 2187 3928 concur-

895 3964 1031 4018 rant
1059 3965 1117 4019 et
1143 3962 1443 4019 confluant
1471 3965 1723 4035 quatuor
1753 3962 2046 4018 elementa
2077 4005 2088 4016 .
2169 4002 2181 4015 .
2258 3959 2329 4016 ⁴8

824 4050 1149 4125 Propositio
1177 4052 1384 4107 XXXV.
1414 4049 1680 4124 Reptilia,
1714 4049 2057 4124 gressibilia,
2087 4065 2187 4106 vo·

897 4140 1101 4207 latilia,
1143 4144 1201 4198 et
1242 4139 1526 4207 natatilia,
1565 4142 1638 4197 ab
1679 4138 1931 4197 invicem
1977 4138 2183 4195 distin-

902 4232 1164 4304 guuntur
1222 4271 2180 4286 ...........
2257 4227 2331 4283 49

827 4319 1150 4391 Propositio
1199 4321 1430 4376 XXXVI.
1474 4321 1535 4375 In
1589 4318 1753 4375 omni
1801 4321 1931 4375 ente
1971 4319 2183 4383 creato,

904 4409 1267 4480 compositio,
1310 4408 1626 4474 distinctio,
1669 4425 1738 4466 ac
1785 4405 2189 4478 multiplicitas

901 4497 1101 4570 aliqua
1128 4499 1462 4572 assignatur
1521 4540 2183 4555 ........
2259 4496 2332 4553 49

773 4644 786 4652 ,
828 4588 1150 4661 Propositio
1179 4589 1438 4645 XXXVII.
1471 4587 1826 4662 Simplicitas
1847 4587 2061 4660 duplex
2081 4590 2184 4651 est,

900 4693 1022 4735 una
1059 4677 1433 4744 actualitatis,
1466 4677 1583 4734 alia
1614 4675 2089 4750 potentialitatis.
2170 4719 2183 4734 .
2259 4675 2331 4731 50

829 4766 1154 4839 Propositio
1184 4766 1470 4822 XXXVIII.
1505 4765 1759 4832 Quaestio
1788 4765 1916 4828 ista,
1950 4781 2024 4820 an
2063 4781 2187 4822 esse

901 4859 960 4912 et
987 4854 1239 4914 essentia
1268 4855 1326 4911 in
1359 4856 1533 4912 rebus
1563 4854 1772 4912 creatis
1799 4854 2034 4911 realiter
2070 4853 2188 4910 dis-

901 4944 1266 5017 tinguantur,
1284 4943 1515 5000 videtur
1543 4943 1798 4999 difficilis
1825 4945 1882 4999 et
1909 4960 2012 5015 pro
2037 4946 2193 4998 utra·

906 5049 1017 5107 que
1073 5036 1234 5106 parte
1293 5032 1636 5105 probabilis;
1692 5034 1950 5088 attamen
1997 5031 2191 5089 verius

909 5141 1040 5181 reor
1067 5123 1225 5196 quod
1253 5122 1487 5180 realiter
1515 5121 1672 5179 idem
1703 5121 1822 5178 sint
1895 5165 1907 5178 .
1989 5163 2001 5176 .
2264 5121 2335 5177 50

837 5212 1160 5285 Propositio
1189 5212 1420 5269 XXXIX.
1454 5212 1734 5278 Quaedam
1773 5212 1912 5267 sunt
1947 5209 2195 5268 difficul-

909 5304 1002 5359 ter
1037 5298 1454 5374 cognoscibilia
1496 5301 1732 5374 propter
1757 5315 1885 5358 suae
1929 5297 2193 5357 eminen-

2085 485 2272 533 mnnx
2312 485 2649 534 emunitus

2492 657 2636 717 tiam
2665 659 2941 729 entitatis,
2966 664 3233 735 quaedam
3266 665 3337 721 ob
3367 681 3489 722 suae
3514 662 3777 723 entitatis

2496 748 2887 808 deficientiam
2922 795 3775 812 ..........

2812 993 2891 1038 ΒΕ
2932 993 3133 1040 ANntA
3174 995 3502 1041 RA'rloNAu
3512 1025 3525 1038 .

2248 1194 2319 1249 38
2424 1196 2747 1269 Propositio
2786 1200 2893 1255 XL.
2923 1200 3187 1273 Cognitio
3224 1201 3441 1260 animae
3475 1200 3780 1258 rationalis

2493 1286 2867 1346 vehementer
2918 1289 3380 1363 excellenterque
3427 1289 3649 1346 confert
3702 1290 3777 1346 ad

2496 1376 3049 1448 contemplationem
3077 1379 3380 1444 creatoris,
3400 1380 3572 1451 atque
3598 1379 3779 1434 totius

2496 1465 2765 1522 notitiam
2797 1467 3049 1525 universi
3108 1510 3774 1525 ........

2426 1554 2746 1626 Propositio
2784 1557 2915 1613 XLI.
2966 1558 3031 1614 ln
3078 1559 3279 1616 anima
3325 1557 3597 1614 rationali
3642 1559 3780 1614 sunt

2497 1643 2755 1717 quinque
2803 1663 3008 1704 sensus
3052 1648 3384 1714 exteriores,
3424 1664 3493 1703 ac
3534 1647 3777 1703 totidem

2494 1733 2582 1806 (ut
2612 1735 2989 1806 probabiliter
3017 1736 3223 1811 fertur)
3252 1737 3591 1794 interiores.
3670 1780 3683 1792 .
3758 1781 3775 1792 .

2246 1816 2318 1874 42
2424 1821 2747 1893 Propositio
2786 1826 2943 1881 XLII.
2996 1827 3217 1899 Duplex
3266 1826 3595 1882 intellectus
3643 1841 3780 1881 con-

2496 1913 2647 1969 sistit
2702 1913 2761 1970 in
2820 1915 3038 1981 anima,
3079 1919 3221 1988 puta
3266 1932 3447 1989 agens
3491 1918 3549 1972 et
3597 1914 3779 1986 possi-

2498 2000 2631 2058 bilis
2650 2046 3680 2062 ............

2427 2090 2750 2163 Propositio
2779 2093 2963 2150 XLIII.
2998 2093 3214 2151 Anima
3244 2093 3509 2151 humana
3534 2108 3667 2150 vere
3696 2094 3784 2150 est

2498 2179 2801 2237 rationalis
2828 2185 2886 2238 et
2914 2181 3263 2240 intellectiva
3290 2181 3615 2240 formaliter
3672 2223 3685 2236 .
3766 2223 3778 2236 .

2428 2269 2749 2340 Propositio
2780 2271 2959 2326 XLIV.
2990 2271 3311 2328 Rationalis
3340 2271 3541 2328 anima
3561 2287 3679 2326 non
3700 2269 3784 2326 sic

2499 2361 2586 2415 est
2615 2359 2873 2432 corporis
2902 2359 3109 2426 forma,
3144 2360 3288 2433 quin
3316 2359 3495 2418 etiam
3525 2358 3672 2416 illud
3700 2358 3786 2415 in-

2502 2446 2812 2504 formando
2855 2449 2931 2505 sit
2967 2449 3187 2507 elevata
3222 2451 3280 2506 et
3328 2448 3387 2504 in
3434 2465 3495 2506 se
3534 2463 3786 2521 congru-

2500 2540 2665 2595 enter
2692 2537 3013 2596 subsistens
3023 2580 3781 2596 .........

2429 2626 2752 2699 Propositio
2781 2628 2937 2684 XLV.
2968 2627 3095 2685 Non
3116 2632 3204 2685 est
3223 2643 3455 2686 necesse
3482 2628 3783 2684 hominem

2500 2715 2561 2771 in
2594 2715 2755 2772 omni
2776 2719 2911 2773 actu
2932 2715 3281 2774 intellectivo
3310 2716 3663 2788 phantasma
3687 2713 3787 2771 ali·

2502 2805 2656 2877 quod
2688 2805 2975 2877 speculari
3016 2845 3781 2860 .........

2431 2893 2752 2967 Propositio
2781 2895 2961 2950 XLVI.
2986 2894 3461 2952 Absurdissimus
3489 2894 3598 2952 fuit
3621 2910 3791 2951 error

2504 2983 2790 3048 Averrois,
2814 2984 2874 3040 in
2897 2983 3125 3041 cunctis
3143 2984 3483 3041 hominibus
3512 2984 3789 3042 eumdem

2505 3087 2754 3128 numero
2784 3071 3144 3129 intellectum
3176 3073 3448 3144 ponentis
3489 3115 3501 3127 .
3584 3116 3597 3126 .
3680 3113 3693 3125 .

2431 3159 2752 3230 Propositio
2800 3160 3005 3216 XLVII.
3055 3161 3375 3218 Rationalis
3429 3161 3649 3226 anima,
3704 3177 3792 3217 se-

2504 3249 2767 3305 cundum
2812 3266 3009 3307 veram
3050 3249 3504 3323 philosophiam,
3545 3253 3633 3306 est
3681 3249 3792 3305 im-

2507 3337 2772 3394 mortalis

2432 3428 2755 3500 Propositio
2783 3429 3018 3484 XLVIII.
3055 3429 3298 3486 Difficile
3326 3432 3415 3486 est
3438 3445 3571 3486 vere
3599 3427 3790 3501 expri-

2504 3533 2663 3575 mere
2702 3518 2844 3591 quid
2883 3517 3215 3575 Aristoteles
3258 3518 3505 3575 senserit
3549 3521 3619 3576 de
3666 3516 3789 3574 ani-

2510 3621 2623 3662 mae
2649 3607 2954 3664 rationalis
2982 3606 3446 3666 immortalitate.
3488 3653 3499 3664 .
3581 3648 3593 3661 .
3675 3648 3689 3660 .
3770 3648 3783 3660 .

2434 3695 2757 3768 Propositio
2787 3696 2967 3752 XLIX.
2990 3696 3311 3752 Rationalis
3330 3696 3533 3754 anima
3552 3699 3639 3754 est
3657 3711 3794 3768 qua·

2506 3783 2555 3840 si
2586 3784 2897 3857 colligatiO,
2929 3784 3166 3842 horizon
3188 3789 3244 3842 et
3264 3785 3538 3858 cingulus
3565 3784 3788 3842 entium

2508 3873 2731 3930 ordinis
2767 3872 3019 3930 universi
3027 3915 3785 3928 .........

2714 4113 2795 4160 ΒΕ
2836 4112 3205 4160 consuamus
3248 4111 3663 4160 cOELnsTmUS.

2437 4318 2757 4392 Propositio
2803 4319 2861 4374 L.
2912 4318 3165 4390 Corpora
3218 4317 3475 4376 coelestia
3528 4319 3689 4374 Plato
3732 4320 3787 4374 et

2508 4409 2635 4482 ejus
2662 4409 3114 4480 praedecessores
3132 4410 3305 4481 atque
3335 4424 3613 4480 sequaces
3641 4425 3788 4464 com-

2510 4497 2769 4556 muniter
2806 4498 3027 4571 opinati
3068 4501 3207 4555 sunt
3250 4514 3375 4554 esse
3419 4500 3647 4555 naturae
3680 4497 3787 4555 ele-

2509 4587 2822 4653 mentaris;
2864 4586 3201 4644 Aristoteles
3236 4602 3373 4643 vero
3412 4586 3675 4659 probavit
3709 4589 3785 4642 te·

2508 4675 2751 4748 nuitque
2783 4675 3229 4748 oppositum..
3308 4716 3322 4729 .

2437 4764 2760 4838 Propositio
2806 4765 2892 4820 LI.
2943 4763 3180 4821 Materia
3234 4764 3467 4835 proprie
3525 4765 3677 4820 dicta
3728 4763 3783 4819 in

2511 4853 2849 4926 corporibus
2876 4851 3207 4910 coelestibus
3236 4855 3323 4908 est
3350 4855 3623 4925 ponenda
3679 4894 3691 4907 .
3764 4893 3778 4906 .

2436 4941 2763 5015 Propositio
2792 4943 2901 4998 LII.
2936 4941 3183 4997 Causam
3226 4939 3784 5014 incorruptibilitatis

2512 5030 2834 5089 coelestium
2866 5045 3178 5102 corporum
3208 5029 3435 5086 videtur
3474 5031 3633 5086 Plato
3668 5045 3781 5085 me-

2511 5118 2625 5176 lius
2654 5119 2981 5192 assignasse
3011 5133 3189 5190 quam
3228 5117 3327 5174 alii
3406 5160 3418 5173 .
3501 5161 3514 5173 .

2441 5209 2763 5282 Propositio
2802 5208 2939 5264 LIII.
2979 5206 3427 5264 Excellentiores
3466 5159 3780 5282 philosophi

2514 5313 2760 5372 corpora
2786 5296 3040 5355 coelestia
3066 5295 3331 5368 animata
3355 5296 3695 5355 dixerunt.

3860 753 3933 808 53

3858 1736 3935 1791 54

3856 2005 3933 2060 55

3858 2181 3932 2235 56

3858 2537 3931 2592 56

3858 2803 3931 2859 57

3773 3114 3786 3126 .
3859 3073 3932 3127 59

3858 3338 3930 3394 60

3858 3605 3924 3660 61

3856 3871 3929 3924 62

3855 4675 3927 4730 63

3854 4852 3927 4907 65

3854 5119 3925 5174 66

3766 5338 3779 5353 .
3850 5297 3921 5352 66
