4300 6259
843 485 962 554 294
1385 507 1464 555 nu
1505 507 1732 554 nummu
1775 505 2156 554 cums‘runae:
2196 503 2499 560 razolum,
2546 503 2722 549 mnan
2764 505 2802 548 1.
2850 522 2929 534 --
2970 505 3109 550 Am.
3156 505 3260 562 Lu,
3302 504 3409 550 uu

1253 728 1739 794 ARTICULUS
1783 729 1928 792 LII.

844 921 2334 938 οοοοοοοοοοοοοοοοοοοοοοο

843 975 1013 1057 quod
1074 975 1423 1058 unicuique
1474 981 1715 1037 naturae
1764 981 1826 1036 et
1885 972 2123 1055 speciei
2174 991 2338 1035 com-

841 1073 1004 1156 petit
1033 1073 1330 1156 proprius
1365 1073 1514 1136 finis
1545 1072 1900 1135 secundum
1932 1071 2339 1134 essentialem

841 1171 939 1232 sui
974 1170 1431 1252 perfectionem
1465 1170 1864 1233 :sublimiori
1897 1169 2108 1251 itaque
2143 1169 2339 1232 menti

842 1269 1142 1331 convenit
1178 1270 1369 1330 altius
1411 1268 1814 1348 intelligibile
1855 1267 2171 1349 speculari
2214 1284 2343 1328 mo-

840 1365 921 1429 do
966 1366 1393 1429 eminentiori.
1444 1367 1618 1430 Unde
1663 1365 1780 1428 soli
1828 1366 2108 1427 increato
2158 1364 2339 1426 intel-

841 1463 1031 1526 lectui
1111 1464 1417 1546 competit
1489 1464 1820 1526 infinitum
1889 1463 2048 1525 illud
2120 1462 2339 1525 lumen

839 1564 1009 1646 quod
1040 1564 1204 1627 Deus
1237 1570 1354 1638 est,
1390 1581 1500 1645 per
1539 1563 1881 1625 essentiam
1921 1561 2337 1642 contemplari

839 1663 1114 1725 naturali
1159 1663 1405 1726 entium
1449 1680 1750 1744 processu
1797 1669 1861 1724 et
1907 1661 2149 1724 ordine.
2199 1661 2343 1723 Uni-

840 1761 1074 1842 cuique
1117 1778 1266 1822 vero
1308 1761 1504 1822 menti
1545 1767 1770 1822 creatae
1817 1759 2122 1839 competit
2168 1759 2340 1820 illius

2368 674 2421 740 A

2532 676 2709 750 Quod
2755 677 3022 760 proinde
3065 685 3291 760 quarto
3333 675 3660 758 objicitur,
3688 674 3819 756 jam
3852 689 3940 735 so-

2453 775 2657 838 lutum
2702 783 2816 838 est.
2865 777 3103 840 Verum
3152 777 3389 840 etenim
3440 783 3558 848 est,
3607 773 3768 856 quod
3818 789 3938 834 non

2450 875 2575 938 nisi
2608 875 2673 938 in
2706 874 2963 938 infinito
3001 875 3169 939 bono
3206 894 3281 938 ac
3320 875 3515 938 etiam
3556 873 3759 957 primo
3798 889 3943 934 vero

2450 972 2617 1035 sistit
2661 974 3111 1037 intellectualis
3155 975 3533 1048 substantia,
3568 972 3678 1035 sed
3718 971 3811 1033 sic
3852 988 3943 1031 se-

2452 1072 2733 1134 cundum
2774 1074 2945 1154 quod
2984 1072 3389 1155 adipiscibile
3422 1080 3520 1136 est
3556 1091 3671 1134 ens
3706 1069 3829 1131 tale
3866 1067 3943 1129 ab

2452 1170 2608 1251 ipsa.
2642 1170 2781 1232 Non
2818 1180 2913 1234 est
2949 1180 3163 1234 autem
3204 1172 3324 1234 hoc
3364 1189 3591 1233 verum
3629 1170 3733 1242 ita,
3767 1167 3941 1249 quasi

2452 1276 2701 1331 creatus
2733 1269 3093 1332 intellectus
3124 1288 3251 1333 non
3282 1270 3571 1352 quiescat
3603 1269 3666 1330 in
3706 1265 3942 1329 sciendi

2451 1367 2789 1439 desiderio,
2840 1368 3043 1430 donec
3092 1367 3215 1450 ipsi
3268 1366 3525 1429 infinita
3575 1365 3797 1448 primae
3842 1381 3943 1425 ve-

2450 1465 2655 1526 ritatis
2687 1465 2839 1527 insit
2868 1467 3108 1547 agnitio
3144 1484 3157 1528 :
3192 1466 3312 1528 hoc
3350 1465 3525 1528 enim
3566 1463 3684 1527 soli
3716 1463 3943 1526 divinae

2454 1563 2649 1626 menti
2694 1564 3004 1644 congruit.

2531 1662 2623 1724 Ad
2672 1662 2967 1743 quintum
3014 1663 3381 1736 dicendum,
3430 1661 3597 1743 quod
3650 1659 3945 1742 quemad-

2454 1760 2713 1822 modum
2762 1761 2953 1822 creati
3002 1761 3368 1823 intellectus
3410 1769 3635 1822 natura
3684 1758 3947 1822 limitata

842 1858 1003 1921 lueis
1052 1858 1216 1921 visio
1264 1858 1614 1920 secundum
1669 1857 1942 1940 propriae
1992 1865 2232 1920 naturae
2280 1865 2342 1919 et
2370 1859 2417 1921 B
2452 1867 2567 1929 est,
2603 1859 2693 1920 sic
2726 1867 2789 1920 et
2828 1858 3257 1922 intellectuale
3298 1858 3687 1920 desiderium
3728 1857 3807 1919 ad
3848 1876 3947 1917 na·

840 1957 1077 2039 speciei
1131 1956 1610 2019 substantialem
1665 1958 1932 2038 gradum
1981 1964 2045 2018 et
2091 1955 2343 2038 specifi-

840 2074 978 2117 cam
1011 2054 1512 2117 subsistentiam.
1549 2055 1722 2127 Quod
1766 2055 1959 2135 igitur
1998 2054 2209 2136 primo
2247 2074 2341 2117 ar-

838 2152 978 2234 guit
1037 2153 1114 2215 de
1174 2152 1682 2233 imperfectione,
1741 2152 1870 2232 jam
1932 2153 2174 2214 dictum
2244 2160 2339 2214 est

840 2251 1010 2333 quod
1073 2250 1427 2313 seeundum
1492 2250 1938 2331 hujuscemodi
2000 2251 2333 2322 rationem,

840 2348 1016 2410 nulla
1059 2348 1166 2410 Dei
1214 2347 1524 2411 contuitio
1558 2356 1784 2410 creatae
1826 2349 2054 2410 mentis
2095 2349 2338 2411 deside-

839 2447 1009 2508 rium
1060 2453 1432 2509 contentum
1481 2445 1773 2508 redderet
1821 2454 1929 2508 aut
1975 2447 2331 2528 quiescens

839 2544 1194 2606 Dicendum
1228 2551 1323 2606 est
1363 2562 1532 2624 erge,
1568 2544 1719 2626 quia
1757 2544 2211 2625 contemplatio
2249 2553 2336 2606 ta-

838 2642 939 2715 lia,
972 2643 1267 2725 quamvis
1311 2642 1693 2724 simpliciter
1737 2641 2019 2724 perfecta
2061 2660 2188 2704 non
2234 2643 2333 2716 sit,

837 2749 934 2804 est
972 2748 1181 2802 tamen
1229 2740 1508 2821 perfecta
1551 2741 1613 2801 in
1656 2747 1826 2802 certa
1869 2740 2103 2822 specie,
2139 2749 2201 2803 et
2244 2760 2337 2804 se-

837 2838 1118 2900 cundum
1172 2839 1646 2920 proportionem
1690 2846 1880 2920 atque
1925 2839 2337 2920 capacitatem

837 2937 1267 2998 secundorum
1309 2936 1774 2998 intellectuum.

920 3033 1352 3097 Parisormiter
1421 3033 1498 3095 ad
1569 3034 1922 3096 secundum
1991 3035 2412 3099 dicendumC

837 3140 954 3196 est.
1009 3131 1372 3194 intellectus
1421 3132 1593 3193 enim
1645 3132 1867 3214 primae
1916 3150 2122 3195 causae
2171 3135 2341 3213 agni-

837 3231 1078 3293 tionem
1111 3231 1484 3292 naturaliter
1513 3231 1774 3312 appetit,
1790 3230 1900 3292 sed
1932 3249 2056 3292 non
2091 3231 2214 3293 nisi
2249 3251 2339 3293 se-

839 3328 1121 3390 cundum
1155 3329 1325 3410 quod
1367 3328 1639 3410 propriae
1681 3337 1923 3392 naturae
1963 3328 2167 3390 virtus
2208 3349 2341 3391 sus·

836 3425 1016 3488 tinet.
1060 3427 1215 3488 Nam
1267 3434 1330 3488 et
1365 3427 1675 3489 Averroes
1714 3427 1822 3500 ait,
1865 3428 2034 3509 quod
2076 3427 2341 3508 quaestio

839 3523 916 3587 de
974 3524 1194 3586 divino
1253 3523 1578 3586 intellectu
1639 3524 1722 3585 sit
1779 3524 2153 3586 naturaliter
2207 3543 2341 3588 om-

841 3621 1034 3683 nibus
1063 3621 1438 3683 desiderata.
1474 3620 1720 3703 Quippe
1751 3622 1803 3683 si
1836 3621 1970 3684 haec
2000 3622 2141 3703 ejus
2182 3623 2342 3686 ratio

843 3719 974 3780 vim
1027 3719 1311 3792 haberet,
1364 3719 1526 3780 nihil
1588 3719 1868 3800 perfecte
1915 3721 2227 3784 sciremus
2274 3721 2339 3783 in

844 3817 963 3878 hac
993 3817 1142 3890 vita,
1176 3836 1375 3898 quum
1411 3817 1651 3880 nullius
1691 3818 1856 3880 entis
1890 3819 2163 3900 primam
2195 3838 2339 3881 cau-

843 3933 1000 3986 sam,
1038 3933 1179 3996 quae
1224 3914 1387 3976 Deus
1431 3922 1548 3988 est,
1592 3915 1656 3977 in
1701 3916 1829 3978 vita
1875 3916 2171 3997 praesenti
2205 3936 2342 3998 per-

843 4010 1009 4074 fecte
1041 4011 1353 4092 speculari
1396 4012 1735 4094 possimus.
1773 4013 1900 4076 Hoc
1938 4021 2150 4076 tamen
2194 4033 2339 4077 con-

843 4128 1140 4191 sequens,
1169 4117 1265 4171 est
1297 4109 1632 4172 manifeste
1663 4119 1882 4173 contra
1911 4112 2334 4174 Aristotelem.

2450 1963 2608 2018 turae
2636 1974 2673 2016 a
2701 1975 2826 2038 qua
2856 1956 3004 2018 fluit
3030 1956 3383 2036 analogiam
3416 1963 3802 2018 coarctatum
3834 1963 3943 2016 est.

2530 2053 2956 2116 Consormiter
3001 2055 3076 2116 ad
3132 2055 3431 2116 ultimum
3480 2053 3738 2126 dicitur,
3784 2051 3945 2134 qnod

2450 2151 2531 2213 sit
2596 2151 3038 2232 hujuscemodi
3099 2152 3439 2215 tendentia)
3502 2149 3947 2214 intellectualis

2449 2249 2748 2311 desiderii
2806 2251 3127 2330 assignare
3179 2251 3379 2314 finem
3436 2268 3450 2312 :
3502 2251 3637 2332 qui,
3690 2257 3759 2310 ut
3810 2267 3945 2330 pro-

2449 2346 2666 2409 batum
2701 2355 2817 2421 est,
2851 2347 3009 2410 citra
3049 2349 3654 2430 contemplationem
3686 2347 3797 2410 Dei
3840 2365 3949 2428 per

2449 2445 2790 2508 essentiam
2842 2446 3216 2509 statuendus
3255 2455 3372 2520 est,
3427 2447 3648 2529 utique
3698 2453 3947 2507 natura-

2449 2543 2610 2605 liter.
2645 2545 2823 2607 Ratio
2870 2563 3018 2606 vero
3062 2545 3193 2607 haec
3229 2543 3788 2626 praesupponebat,
3821 2551 3949 2605 ten·

2448 2642 2677 2704 dentiae
2711 2642 3158 2705 intellectualis
3189 2642 3487 2704 desiderii
3520 2642 3747 2715 finem,
3778 2641 3943 2704 illam

2450 2739 2585 2803 fore
2642 2740 2875 2803 divinae
2934 2750 3175 2804 naturae
3251 2741 3755 2823 speculationem
3830 2757 3949 2821 qua

2450 2837 2855 2919 cognoscitur
2904 2840 3257 2902 secundum
3307 2842 3473 2918 quid
3518 2848 3632 2898 est.
3686 2839 3756 2899 ld
3805 2854 3949 2917 ergo

2450 2936 2790 3018 supposuit
2830 2938 3000 3018 quod
3044 2937 3314 3018 probare
3358 2937 3597 2999 debuit.

2846 3200 3334 3264 ARTICULUS
3382 3200 3560 3263 LIII.

2452 3341 2634 3406 Quod
2652 3341 2949 3414 primum
2982 3359 3178 3416 ayens
3205 3341 3291 3398 sit
3321 3341 3851 3400 substantialiter
3878 3341 3945 3398 in

2744 3448 2808 3487 se
2854 3430 3203 3488 subsistens
3252 3431 3637 3490 intellectus.

2571 3623 3140 3687 PECULANTIBUS
3209 3625 3450 3707 quippe
3520 3626 3585 3688 in
3656 3629 3942 3691 ordinem

2601 3721 3042 3784 universarum
3078 3721 3380 3784 virtutum
3411 3731 3475 3785 et
3505 3725 3943 3805 potentiarum,

2453 3819 2516 3881 id
2559 3819 2770 3900 ipsum
2816 3819 3141 3890 elucescit,
3176 3838 3695 3903 unamquamque
3743 3831 3949 3904 poten·

2450 3919 2605 3980 tiam
2664 3936 2740 3981 eo
2798 3917 3212 3980 intellectuali
3283 3919 3503 3981 virtuti
3572 3921 3944 3984 viciniorem

2451 4017 2652 4091 effici,
2685 4033 2811 4099 quo
2852 4016 3047 4078 suerit
3085 4035 3122 4079 a
3160 4025 3453 4080 contactu
3496 4021 3779 4083 materiae
3820 4021 3947 4083 lon-

2450 4117 2592 4198 gius
2636 4114 2927 4196 relegata.
2972 4115 3337 4178 Intellectus
3378 4117 3615 4179 etenim
3664 4119 3947 4182 immate-

843 4207 1180 4288 Propterea
1237 4208 1448 4271 dicere
1506 4217 1756 4290 oportet
1813 4217 1882 4271 ut
1928 4209 2171 4272 dictum
2221 4219 2335 4284 est,
2372 4215 2419 4276 D
2453 4213 2627 4276 rialis
2673 4221 2790 4286 est,
2834 4213 3187 4276 secundum
3230 4214 3667 4296 Anaxagoram
3711 4234 3725 4279 :
3762 4218 3944 4298 cujus

845 4305 1068 4389 primae
1100 4305 1398 4367 videlicet
1427 4307 1711 4368 veritatis
1745 4308 2339 4390 contemplationem

844 4423 882 4466 a
923 4403 1192 4465 naturali
1234 4404 1428 4464 creati
1473 4404 1834 4467 intellectus
1865 4405 2182 4468 desiderio
2214 4426 2337 4470 non

844 4501 1280 4584 requiri‚·nisi
1327 4502 1677 4564 secundum
1731 4504 1935 4585 ipsius
1985 4506 2339 4568 naturalem

843 4599 1285 4663 habitudinem
1330 4607 1394 4662 et
1434 4601 1868 4681 capacitatem.

925 4699 1039 4761 Per
1091 4699 1212 4760 hoc
1258 4699 1522 4779 insuper
1564 4698 1826 4782 reliquae
1872 4699 2147 4762 rationes
2199 4702 2340 4782 ejus

839 4795 1295 4860 dissolvuntur.
1358 4795 1532 4869 Quod
1591 4797 1763 4859 enim
1823 4798 2009 4860 tertio
2069 4798 2337 4874 inducit,

839 4895 1048 4977 quoad
1107 4894 1226 4956 hoc
1282 4913 1504 4957 verum
1564 4903 1681 4968 est,
1752 4896 1920 4977 quod
1990 4895 2335 4976 cognitioni

839 4995 1004 5074 quid
1033 5002 1123 5051 est
1163 4992 1228 5053 in
1270 5000 1514 5054 tantum
1554 4992 2069 5075 appropinquare
2108 5012 2337 5057 concu-

837 5089 1172 5174 piscimus,
1224 5098 1532 5170 quantum
1592 5099 1818 5154 natura
1879 5091 1965 5152 rei
2015 5091 2332 5172 admittit3

838 5190 948 5253 sed
998 5187 1377 5269 simpliciter
1427 5188 1486 5250 id
1537 5208 1762 5251 verum
1808 5207 1933 5252 non
1981 5197 2078 5253 est
2120 5191 2198 5253 de
2240 5192 2332 5254 di-

837 5289 990 5352 vino
1031 5284 1440 5367 intelligibili.

2451 4311 2704 4393 signum
2766 4319 2881 4384 est,
2934 4312 3105 4392 quod
3162 4311 3383 4376 formae
3430 4313 3771 4378 sensibiles
3820 4333 3941 4378 non

2452 4411 2620 4472 fiunt
2665 4418 2809 4471 actu
2860 4409 3320 4490 intelligibileS,
3373 4411 3495 4473 nisi
3552 4413 3945 4495 depurentur

2451 4527 2487 4572 a
2528 4508 2788 4570 materia
2831 4514 2895 4569 et
2934 4508 3212 4572 materiae
3254 4511 3675 4591 appendiciis.
3721 4513 3945 4575 Divina

2453 4624 2604 4668 vero
2644 4606 2869 4679 virtuS,
2918 4626 3119 4689 quum
3166 4607 3249 4670 sit
3294 4608 3799 4691 simplicissima,
3840 4631 3943 4674 ne·

2452 4705 2603 4766 dum
2662 4723 2699 4765 a
2759 4705 3043 4779 materia,
3096 4707 3207 4768 sed
3256 4714 3318 4768 et
3373 4707 3455 4768 ab
3504 4710 3681 4771 omni
3729 4719 3946 4791 poten·

2452 4803 2716 4864 tialitate
2766 4801 3020 4884 penitus
3068 4810 3165 4865 est
3211 4804 3535 4867 immunis.
3584 4807 3751 4870 Deus
3802 4827 3946 4890 ergo

2451 4901 2812 4981 intelligens
2856 4907 2973 4974 est,
3019 4909 3083 4963 et
3124 4901 3206 4964 ob
3250 4921 3379 4966 suae
3426 4912 3667 4969 naturae
3712 4909 3945 4989 purita-

2448 5007 2576 5061 tem
2608 4999 3182 5080 simplicissimam,
3218 5000 3279 5062 in
3317 5001 3453 5083 ipso
3482 5005 3747 5067 omnino
3780 5007 3943 5070 iden-

2447 5096 2730 5158 tificatur
2759 5098 3036 5159 essentia
3068 5097 3515 5162 intellectualis
3553 5108 3619 5163 et
3648 5102 3793 5184 ejus
3824 5105 3939 5167 vir-

2442 5204 2557 5257 tus.
2574 5194 3087 5258 Substantialiter
3116 5196 3309 5276 igitur
3336 5205 3402 5259 et
3427 5199 3703 5263 totaliter
3731 5201 3941 5266 divina

2445 5300 2668 5355 natura
2712 5291 3074 5357 intellectus
3116 5302 3231 5357 est.
