4300 6259
79 802 124 844 lle
141 799 277 842 Goelest.

77 865 156 906 hice.
179 875 209 904 e.
229 875 278 904 ιιι.

89 2270 219 2312 Mutila.
231 2284 278 2314 xi.

81 2337 126 2375 ΙΙ.

923 516 1346 563 scansurum
1387 515 1782 563 TREOLoch.
1827 533 1908 546 --
1949 516 2028 562 DE
2069 515 2435 563 connmorm
2476 517 2731 565 nomme

3272 498 3387 565 187

301 686 703 770 pinquissimi
745 687 1048 760 Creatori,
1082 693 1146 750 et
1190 687 1373 771 quasi
1417 687 1480 749 in
1521 686 1784 750 Deitatis
1812 685 1864 750 Α
1895 705 2161 770 corpore
2191 705 2328 762 suo,
2352 695 2416 750 et
2446 695 2573 752 tota
2605 689 2669 752 in
2700 689 2989 772 qualibet
3017 687 3159 770 ejus
3188 695 3385 771 parte.

301 785 622 849 vestibulis
651 785 962 849 collocati.
989 787 1276 868 Itemque
1310 804 1324 848 :
1357 785 1636 867 Angelus
1663 786 1786 866 (in-

301 884 454 968 quit)
479 891 576 946 est
603 884 1176 948 deiformissimum
1209 893 1402 968 atque
1443 884 1782 947 mundissi-

303 1001 466 1044 mum
509 981 850 1064 speculum
879 982 1012 1044 Dei.
1045 982 1354 1065 Denique,
1387 989 1781 1046 contestante

300 1081 360 1143 in
389 1080 550 1143 libro
576 1080 1040 1144 Definitionum
1071 1081 1240 1144 Isaac
1272 1081 1555 1144 Israelita
1578 1081 1782 1164 philo-

300 1179 506 1261 sopho,
548 1179 762 1242 anima
811 1179 878 1240 in
927 1178 1154 1242 umbra
1203 1179 1639 1262 intelligentiae
1687 1186 1784 1242 est

301 1285 512 1340 creata.
565 1277 823 1341 Constat
867 1294 1146 1360 quoque,
1197 1278 1368 1360 quod
1425 1278 1492 1341 in
1551 1279 1782 1360 produ-

300 1376 486 1438 cendo
543 1375 812 1438 verbum
872 1376 1146 1440 mentale
1195 1395 1310 1459 per
1359 1376 1780 1450 intellectum,

299 1481 358 1536 et
381 1491 660 1536 amorem
689 1475 1014 1538 internum
1058 1475 1629 1557 peryoluntatem,
1663 1495 1782 1538 nec

300 1572 436 1634 inde
465 1590 750 1654 unquam
781 1574 1112 1646 cessando,
1144 1573 1433 1655 angelica
1470 1574 1782 1638 celsitudo

301 1671 488 1732 multo
532 1669 882 1752 perfectius
924 1690 998 1734 ac
1040 1671 1416 1735 deiformius
1468 1672 1660 1735 habet
1715 1691 1780 1735 se

299 1786 478 1850 quam
509 1767 854 1831 imbecillis
889 1786 1069 1832 mens
1099 1769 1398 1832 hominis.
1433 1769 1554 1833 Sed
1583 1778 1650 1833 et
1677 1771 1784 1833 de·

1892 785 2441 860 Quemadmodum
2509 789 2702 851 etiam
2762 789 2927 852 Deus
2985 787 3391 870 omnipotens

1893 885 2110 948 omnia
2159 885 2339 967 ponit
2388 886 2451 948 in
2500 905 2641 949 esse
2688 885 2985 960 naturali,
3038 885 3131 948 sic
3178 885 3394 948 anima

1893 983 2109 1046 omnia
2158 983 2339 1065 ponit
2386 983 2453 1046 in
2490 1003 2631 1048 esse
2669 984 3083 1066 intelligibili.
3126 984 3389 1058 RursuS,

1893 1081 2061 1145 sicut
2091 1082 2258 1145 Deus
2288 1090 2385 1144 est
2414 1083 2809 1166 principium
2839 1083 3133 1146 omnium
3172 1101 3387 1146 rerum

1893 1187 1957 1244 et
1999 1180 2155 1243 finis
2194 1199 2437 1254 earum,
2480 1180 2572 1242 sic
2620 1181 2813 1244 homo
2864 1181 3112 1264 primus
3158 1180 3393 1264 princi-

1893 1278 2074 1362 pium
2123 1286 2221 1341 est
2261 1279 2457 1341 totius
2498 1279 2751 1360 generis
2792 1279 3081 1353 humani,
3122 1297 3196 1342 ac
3237 1277 3391 1342 finis

1892 1395 2106 1440 rerum
2138 1373 2537 1439 inferiorum.
2560 1377 2681 1440 Sed
2710 1395 2788 1440 ex
2818 1376 2919 1439 his
2950 1384 3014 1439 et
3042 1375 3391 1440 consimili-

1891 1474 2013 1538 bus
2053 1492 2181 1537 non
2221 1472 2526 1556 probatur
2562 1476 2733 1557 quod
2762 1475 3113 1557 (loquendo
3150 1474 3393 1557 simpli-

1891 1573 2078 1654 citer)
2106 1573 2317 1654 imago
2344 1571 2827 1656 similitudoque
2858 1573 2968 1636 Dei
2999 1573 3391 1636 eminentius

1891 1672 1958 1735 in
2005 1671 2265 1734 homine
2314 1689 2507 1753 quam
2560 1671 2624 1733 in
2682 1669 2907 1752 angelo
2956 1671 3230 1746 luceant,
3280 1672 3391 1734 sed

1891 1777 2203 1852 quantum
2246 1768 2325 1830 ad
2366 1768 2783 1831 accidentalia
2828 1769 3119 1850 quaedam
3167 1775 3231 1831 et
3278 1787 3393 1852 per

299 1885 416 1928 nuo
443 1865 688 1930 clarum
718 1876 836 1940 est,
870 1867 1040 1950 quod
1071 1875 1200 1930 tam
1231 1868 1298 1930 in
1329 1867 1512 1932 donis
1545 1876 1786 1932 naturae
1817 1871 1862 1934 B
1893 1867 2435 1950 comparationem
2467 1866 2545 1930 ad
2575 1875 2925 1946 creaturas;
2949 1873 3260 1949 quantum
3290 1885 3393 1929 ve·

301 1983 478 2046 quam
512 1965 734 2045 gratiae
774 1983 848 2028 ac
886 1965 1126 2048 gloriae,
1158 1966 1444 2047 angelica
1473 1975 1780 2042 creatura,

301 2063 639 2145 praesertim
666 2063 964 2127 ordinum
994 2063 1602 2138 altiorum,multum
1635 2085 1787 2147 prae-

303 2161 528 2222 eminet
557 2168 864 2224 creaturae
891 2161 1207 2234 rationali,
1241 2161 1304 2224 in
1337 2169 1584 2224 tantum
1617 2169 1687 2224 ut
1717 2163 1782 2226 in

304 2258 632 2340 Evangelio
661 2259 894 2322 dixerit
923 2259 1210 2323 Christus
1245 2277 1260 2321 ε
1291 2260 1410 2334 Qui
1443 2261 1651 2324 minor
1689 2270 1786 2324 est

303 2358 364 2418 in
409 2373 602 2438 regno
647 2357 978 2430 coelorum,
1023 2357 1087 2420 id
1128 2365 1226 2420 est
1269 2358 1534 2421 infimus
1572 2359 1788 2422 Beato-

301 2475 454 2530 rum,
485 2455 692 2537 maior
719 2463 816 2519 est
846 2455 978 2528 illo,
1011 2463 1164 2538 puta
1200 2456 1438 2520 Joanne
1481 2457 1783 2540 Baptista,

300 2562 364 2615 ut
402 2552 520 2615 fuit
563 2553 772 2616 adbuc
815 2555 1036 2618 viator.

367 2653 816 2715 Verumtamen
847 2650 1230 2734 quibusdam
1253 2660 1348 2716 est
1366 2653 1600 2727 visum,
1615 2654 1784 2736 quod

297 2749 586 2812 omnibus
643 2749 793 2813 hinc
853 2749 1000 2812 inde
1057 2750 1364 2832 pensatiS,
1415 2759 1479 2813 et
1531 2751 1784 2814 absolu-

297 2855 350 2908 te
390 2848 730 2930 loquendo,
767 2847 974 2928 imago
1017 2855 1080 2910 et
1123 2848 1482 2911 similitudo
1527 2849 1636 2912 Dei
1682 2869 1784 2913 ex-

299 2946 570 3026 pressius
611 2945 1134 3027 eminentiusque
1179 2945 1244 3009 in
1291 2945 1552 3008 homine
1591 2966 1784 3030 quam

1892 1984 1962 2028 ro
1991 1967 2070 2028 ad
2101 1984 2177 2028 ea
2208 1964 2275 2028 in
2304 1964 2543 2047 quibus
2572 1965 2811 2027 directe
2850 1973 2913 2028 et
2951 1964 3393 2048 principaliter

1895 2065 2103 2146 imago
2129 2071 2195 2127 et
2224 2063 2581 2126 similitudo
2611 2063 2747 2126 haec
2789 2064 3225 2138 attenduntur,
3260 2083 3390 2126 ma-

1891 2162 1990 2243 gis
2033 2160 2322 2224 relucent
2362 2161 2427 2224 in
2471 2161 2715 2244 angelo.

1972 2260 2209 2323 Verum
2238 2259 2315 2323 ad
2346 2260 2841 2324 discernendum
2868 2260 2933 2322 in
2960 2259 3077 2324 hac
3102 2277 3389 2343 re,opor·

1893 2367 1985 2422 tet
2050 2375 2395 2440 agnoscere
2467 2365 2759 2421 naturam
2834 2358 3239 2440 specificam,
3297 2358 3390 2421 vi·

1895 2476 2018 2532 rea,
2071 2456 2495 2539 operationes„
2556 2455 2987 2531 habitudines,
3040 2455 3389 2530 efficacias„

1894 2556 2163 2638 gradum
2226 2561 2291 2616 et
2355 2554 2669 2626 ordinem,
2719 2561 2850 2616 tam
2909 2555 3143 2636 angeli,
3194 2555 3389 2618 etiam

1897 2653 2165 2727 summi,
2236 2671 2429 2735 quam
2506 2651 2737 2714 animae
2810 2652 3187 2732 rationalis3
3256 2671 3389 2716 cer·

1898 2760 2164 2834 tumque
2221 2751 2392 2833 quod
2448 2750 2530 2812 ab
2587 2749 2981 2830 angelorum,
3034 2751 3389 2833 praesertim

1897 2867 2321 2922 summorum,
2376 2849 2565 2929 plena
2606 2848 2831 2911 notitia
2873 2846 2939 2910 in
2988 2846 3087 2910 his
3127 2866 3389 2930 prorsus

1895 2947 2295 3011 deficiamus.
2322 2947 2566 3009 ldcirco
2598 2945 3263 3028 incircumspectionis
3292 2964 3389 3010 es-

301 3043 358 3104 in
384 3044 610 3125 angelo
639 3061 1048 3126 quocumque
1081 3043 1544 3126 resplendeant.
1559 3045 1786 3118 Quem·
1819 3045 1862 3110 C
1896 3065 1964 3108 se
2024 3045 2299 3118 videtur,
2365 3043 2653 3127 proferre
2703 3044 2873 3126 quod
2920 3043 3277 3106 similitudo
3325 3051 3391 3108 et

299 3141 632 3203 admodum
675 3141 851 3204 enim
887 3141 1050 3205 Deus
1080 3141 1456 3215 immensuS,
1490 3150 1586 3205 est
1618 3150 1785 3205 totus
1897 3147 2106 3226 imago
2139 3143 2273 3218 Dei,
2306 3143 2690 3227 simpliciter
2728 3141 2942 3216 fando,
2978 3143 3178 3224 magis
3224 3143 3389 3207 relu-

299 3239 357 3300 in
386 3247 512 3304 toto
539 3241 870 3314 universo,
903 3248 965 3304 et
997 3247 1164 3304 totus
1212 3241 1277 3303 in
1319 3240 1606 3323 qualibet
1644 3241 1784 3322 ejus
1895 3251 2080 3306 ceant
2121 3242 2186 3304 in
2226 3243 2441 3305 anima
2484 3241 2775 3305 rationali
2819 3259 3013 3322 quam
3053 3241 3119 3303 in
3163 3241 3390 3322 angelo

297 3346 499 3420 parte3
531 3339 630 3402 sic
657 3340 874 3402 anima
903 3339 1228 3402 rationalis
1261 3347 1390 3404 tota
1420 3347 1518 3402 est
1548 3341 1614 3402 in
1655 3347 1786 3404 toto
1899 3356 2173 3404 summo.

1087 3785 1230 3870 DE
1305 3783 2015 3871 CONDITIONE
2083 3785 2581 3872 HOMINIS

645 4123 1168 4190 PROPOSITIO
1214 4123 1415 4188 XCV.
1882 4121 2124 4202 gelicae,
2168 4129 2233 4184 et
2274 4121 2460 4184 modo
2508 4120 2759 4184 colendi
2810 4121 3034 4196 Deum,
3074 4141 3147 4186 ac
3198 4141 3389 4187 causa

1806 4222 1857 4285 D
1885 4218 2067 4281 finali
2099 4239 2231 4282 suae
2261 4218 2601 4282 creationis
2633 4218 2756 4282 fuit
2794 4219 3143 4284 instructus
3183 4223 3386 4285 excel-

1885 4317 2140 4381 lentiori
2182 4317 2371 4381 modo
2420 4337 2612 4400 quam
2661 4319 2897 4400 conjux
2941 4319 3163 4401 ipsius.
3206 4321 3383 4384 Insu-

1884 4435 1998 4499 per
2043 4416 2241 4497 (sicut
2290 4424 2555 4480 testatur
2604 4418 2957 4500 Scriptura)
3004 4418 3171 4482 Deus
3230 4420 3385 4483 fecit
3436 4447 3674 4497 Ecclesu,

1883 4514 2213 4578 hominem
2254 4515 2335 4578 ab
2376 4516 2562 4579 initio
2600 4523 2845 4578 rectum
2879 4533 2893 4577 ε
2928 4517 3229 4597 quoniam
3260 4519 3381 4581 ori·
3412 4514 3478 4554 ³⁰·

1884 4612 2163 4694 ginalern
2193 4613 2505 4694 justitiam
2540 4612 2903 4676 concreavit
2928 4613 3385 4698 ambobuS,per

1889 4730 2080 4793 quam
2145 4729 2379 4795 corpus
2434 4711 2665 4774 animae
2713 4710 2839 4772 fuit
2883 4711 3269 4793 subjectum,
3322 4721 3385 4776 et

365 4315 672 4384 Primos
699 4315 1020 4396 generts
1046 4315 1379 4382 hnmani
1408 4317 1778 4396 parentes

296 4414 640 4480 condidit
676 4415 914 4494 Deus,
944 4428 1101 4480 non
1139 4413 1399 4480 solum
1433 4416 1520 4479 ln
1556 4415 1776 4480 natu-

296 4513 608 4590 rahbus,
650 4512 792 4578 sed
833 4513 918 4578 et
967 4513 1054 4578 111
1099 4510 1486 4590 gratuitis
1525 4512 1774 4580 donis,

369 4610 538 4683 Quod
580 4619 702 4684 est,
732 4611 886 4692 quia
923 4610 1025 4690 (ut
1067 4610 1134 4671 in
1177 4609 1405 4673 Genesi
1449 4610 1780 4692 recitatur)

167 4738 224 4768 ..2
265 4707 612 4773 ,hominem
665 4710 950 4792 primum
999 4715 1174 4772 extra
1223 4708 1588 4791 paradisum
1649 4711 1778 4793 pla-

79 4783 108 4830 ε’
127 4789 240 4830 Μ·
299 4808 614 4881 smavit,et
643 4805 938 4889 protinus
967 4806 1034 4868 in
1067 4805 1430 4888 paradisum
1455 4809 1779 4870 transtulit

299 4903 918 4986 illum3adduxitque
947 4921 1160 4968 coram
1189 4923 1266 4968 eo
1295 4907 1599 4969 animalia
1629 4927 1779 4970 cun-

297 5009 408 5076 eta,
437 5002 676 5086 quibus
719 5003 859 5085 ipse
897 5002 1344 5066 convenientia
1381 5004 1638 5068 illorum
1679 5025 1780 5068 na-

297 5102 444 5163 turis
499 5103 814 5184 imposuit
867 5101 1128 5164 nomina
1188 5118 1202 5164 :
1264 5120 1392 5184 quo
1449 5103 1776 5185 probatur,

299 5201 454 5280 quod
515 5199 910 5262 naturalium
978 5199 1312 5264 scientiam
1371 5200 1495 5264 sibi
1553 5200 1780 5264 habuit

299 5307 704 5362 concreatam.
739 5298 828 5361 De
871 5297 1056 5362 ruina
1094 5316 1353 5382 quoque
1397 5308 1636 5364 naturae
1671 5319 1777 5366 an-

1887 4809 2193 4872 sensitiva
2240 4828 2385 4892 pars
2434 4809 2686 4882 rationi,
2738 4827 2813 4870 ac
2860 4809 3021 4872 ratio
3068 4811 3196 4873 Deo
3238 4828 3252 4873 :
3297 4812 3385 4874 ita

1884 4906 2055 4989 quod
2107 4907 2160 4969 si
2214 4925 2393 4970 mens
2446 4906 2785 4968 mansisset
2829 4905 3156 4982 obedienS,
3208 4909 3382 4972 nulla

1885 5005 2153 5068 rebellio
2219 5012 2327 5067 aut
2397 5003 2755 5067 inordinata
2814 5005 3011 5068 motio
3069 5005 3381 5087 potuisset

1885 5121 2268 5184 consurgere
2298 5110 2407 5165 aut
2435 5101 2589 5164 oriri
2621 5101 2685 5164 in
2718 5119 2908 5164 carne
2948 5103 3379 5187 sensitivaque

1885 5210 2103 5283 parte;
2137 5201 2288 5264 hinc
2319 5202 2397 5264 de
2426 5219 2543 5264 sua
2572 5199 2857 5263 nuditate
2888 5217 3013 5264 non
3044 5202 3377 5268 erubesce·
3424 5206 3672 5278 Gen-,¹¹³⁵-

1883 5299 2057 5362 bant.
2091 5299 2267 5363 Unde
2310 5299 2377 5362 in
2420 5298 2865 5366 Ecclesiastico
2902 5299 3134 5383 legitur
3166 5319 3181 5364 ε
3216 5301 3379 5369 Deus
3410 5267 3675 5384 fiflfi'ssssfn'
