4300 6259
747 471 830 535 62
1410 491 1836 539 scansurum
1877 489 2337 538 rimosormca.
2384 508 2467 519 —
2506 490 2585 537 ns
2625 491 2827 539 anm
2868 492 3200 541 umorum

829 659 1175 736 Postremo,
1233 660 1454 744 opinio
1509 660 1620 727 illa
1674 661 2030 725 dicentium
2075 680 2254 723 eum-
2284 658 2337 725 A
2366 679 2617 726 morum
2656 661 2887 744 partim
2929 663 3317 727 conveniens
3356 660 3718 745 partimque
3747 658 3867 722 dif-

750 758 897 822 dem
947 777 1218 823 numero
1265 779 1404 824 esse
1453 761 1518 824 in
1577 762 1825 824 cunctis
1882 760 2255 823 hominibus

753 858 1176 933 intellectum,
1229 866 1360 922 tam
1408 859 1704 934 absurda,
1757 858 1934 921 rudis
1981 866 2046 922 et
2092 858 2255 921 falsa

750 963 867 1031 est,
901 957 1072 1039 quod
1113 959 1370 1022 credere
1409 976 1657 1040 nequeo
1693 956 2100 1021 Aristotelem
2129 958 2253 1021 hoc

747 1074 1027 1139 unquam
1058 1056 1352 1119 sensisse.
1372 1057 1440 1119 In
1473 1056 1656 1119 libris
1686 1074 1840 1119 vero
1870 1056 1948 1119 de
1978 1055 2252 1118 Secretis

749 1162 1140 1217 secretorum
1190 1162 1253 1217 et
1303 1155 1382 1218 de
1433 1155 1630 1219 Morte
1679 1162 1743 1217 et
1796 1172 2008 1237 pomo,
2065 1161 2128 1217 et
2185 1154 2250 1216 in

748 1252 1134 1334 quibusdam
1177 1252 1310 1316 suis
1349 1252 1662 1335 epistoliS,
1704 1252 2250 1317 immortalitatem

748 1350 978 1415 animae
1022 1349 1230 1414 fassus
1272 1359 1371 1415 est
1412 1351 1759 1415 evidenter.

1094 1562 1616 1629 PROPOSITIO
1662 1563 1906 1627 XLIX.

829 1748 1282 1815 Rationalis
1327 1749 1592 1815 anima
1645 1752 1767 1815 est
1814 1751 2044 1830 quas1
2091 1748 2251 1816 001-

749 1848 1063 1928 ligatio,
1113 1846 1447 1913 horizon
1495 1849 1580 1915 et
1629 1847 2002 1927 cingulus
2048 1849 2251 1914 ent1-
2284 1843 2332 1905 Β
2362 1866 2483 1909 nus
2540 1846 2877 1929 Dionysius
2935 1846 3025 1908 ait
3087 1863 3100 1907 :

749 1961 886 2011 um
933 1946 1240 2013 ordinis
1285 1947 1665 2014 universi.

830 2043 1006 2117 Quod
1039 2050 1155 2117 est,
1189 2044 1489 2126 quoniam
1519 2044 1733 2108 anima
1765 2044 2088 2107 rationalis
2119 2062 2251 2107 om-

751 2161 866 2205 nes
925 2142 1260 2205 inferiores
1318 2142 1555 2206 formas
1625 2144 1688 2205 in
1757 2163 1826 2207 se
1893 2144 2251 2207 virtualiter

752 2241 1260 2324 comprehendit,
1320 2249 1384 2303 et
1441 2262 1586 2305 cum
1645 2243 1948 2306 omnibus
2003 2242 2247 2324 aliquid

751 2339 943 2403 habet
986 2357 1346 2402 commune.
1389 2340 1571 2415 Nam,
1608 2361 1808 2424 quum
1843 2341 1997 2403 ordo
2032 2341 2114 2403 sit
2156 2342 2249 2403 in-

752 2438 950 2501 timus
995 2438 1209 2513 rebuS,
1255 2438 1376 2502 hoc
1421 2439 1486 2501 in
1530 2440 1704 2503 omni
1756 2458 1970 2502 rerum
2018 2457 2250 2519 genere

753 2537 1100 2611 invenitur,
1151 2537 1321 2619 quod
1369 2556 1406 2599 a
1452 2537 1712 2601 distanti
1762 2539 1826 2600 in
1875 2538 2118 2600 distans
2175 2536 2253 2601 fit

750 2636 1054 2698 transitus
1111 2643 1174 2698 et
1229 2636 1542 2699 connexio
1599 2637 1887 2719 quaedam
1949 2655 2063 2719 per
2123 2654 2251 2699 me-

750 2736 928 2798 dium
961 2736 1129 2817 quod
1161 2736 1672 2798 convenientiam
1721 2736 2064 2817 quamdam
2095 2754 2251 2817 prae-

751 2834 1008 2917 cipuam
1049 2833 1259 2907 habet,
1303 2840 1430 2897 tam
1472 2853 1618 2897 cum
1660 2852 1963 2917 supremo
1999 2834 2252 2917 generis

753 2932 1100 3006 inferioriS,
1159 2940 1222 2995 et
1280 2939 1487 2996 tamen
1539 2932 1694 2995 illud
1744 2933 1808 2995 in
1862 2933 2253 3015 perfectione

2363 760 2599 835 ferens,
2634 761 2779 843 plus
2822 760 3065 825 habens
3107 762 3187 825 de
3229 760 3597 824 actualitate
3638 766 3703 822 et
3746 758 3861 821 mi-

2365 878 2483 921 nus
2523 860 2602 921 de
2634 859 3095 942 potentialitate
3126 879 3319 943 quam
3361 858 3684 931 inferiora,
3718 856 3863 939 plus

2363 974 2617 1039 quoque
2647 957 2725 1020 de
2756 957 3219 1039 potentialitate
3248 965 3312 1021 et
3342 957 3556 1019 minus
3586 956 3664 1017 de
3694 963 3867 1017 actu-

2361 1053 2575 1117 alitate
2605 1074 2797 1137 quam
2830 1056 3178 1138 superiora.
3194 1056 3341 1120 Ideo
3370 1055 3619 1139 species
3648 1071 3863 1116 rerum

2361 1160 2787 1216 concatenatae
2828 1172 2901 1217 ac
2946 1154 3143 1217 instar
3186 1171 3601 1217 numerorum
3648 1171 3717 1215 se
3759 1152 3867 1213 ha-

2364 1250 2513 1315 bere
2556 1252 2860 1316 dicuntur
2906 1270 2921 1315 ε
2966 1252 3055 1315 ita
3096 1253 3266 1335 quod
3312 1253 3481 1317 sicut
3534 1251 3599 1313 in
3644 1269 3865 1314 nume-

2362 1350 2473 1424 ris,
2518 1350 2779 1413 unitatis
2817 1351 3056 1414 additio
3100 1352 3235 1414 sive
3276 1350 3627 1415 subtractio
3662 1349 3865 1412 variat

2362 1449 2669 1531 speciem,
2714 1450 2799 1511 ita
2850 1449 2913 1511 in
2964 1450 3222 1513 entibus
3270 1449 3579 1524 universi,
3620 1448 3863 1511 additio

2360 1554 2425 1611 et
2472 1548 2823 1611 subtractio
2875 1548 3234 1612 essentialis
3284 1547 3699 1631 perfectionis
3748 1566 3863 1609 seu

2360 1648 2613 1729 gradus,
2666 1646 3025 1711 intrinsecae
3084 1655 3147 1711 et
3198 1647 3635 1730 quidditativae
3692 1662 3862 1709 com-

2362 1746 2661 1829 pletionis
2710 1747 2992 1828 speciem
3048 1754 3269 1809 mutat.
3317 1746 3653 1828 Propterea
3700 1744 3864 1808 divi-

2364 1945 2527 2007 l'ines
2588 1946 2943 2028 primorum
2994 1945 3193 2008 nectit
3244 1943 3583 2026 principiis
3641 1961 3863 2005 secun-

2363 2044 2613 2117 dorum,
2667 2052 2821 2126 puta
2869 2043 3172 2106 infimum
3220 2042 3464 2107 ordinis
3513 2042 3862 2125 superioris

2364 2162 2509 2205 cum
2540 2160 2843 2225 supremo
2870 2143 3112 2207 ordinis
3146 2141 3489 2204 inferioris,
3524 2141 3600 2203 Et
3640 2159 3861 2203 rursus

2361 2242 2664 2305 disseruit
2718 2259 2731 2303 :
2785 2242 3169 2324 Supremum
3228 2240 3482 2322 generis
3540 2239 3861 2302 inferioris
3910 2266 4201 2311 0000„st

2362 2360 2510 2404 cum
2570 2340 2798 2404 inl'imo
2855 2340 3105 2422 generis
3164 2339 3513 2422 superioris
3562 2331 4169 2402 conveni-¹¹⁵⁶=·<=-11·

2363 2440 2599 2502 entiam
2644 2441 2949 2521 grandem
2994 2439 3278 2513 sortitur,
3312 2456 3441 2501 non
3482 2446 3693 2501 tamen
3727 2456 3864 2520 per-

2362 2538 2529 2602 fecte
2559 2538 2811 2621 attingit
2842 2538 3019 2601 illud.
3054 2538 3185 2601 Hoc
3215 2538 3281 2600 in
3324 2536 3625 2600 omnibus
3659 2544 3865 2619 potest

2366 2638 2696 2720 perpendi,
2731 2644 2883 2720 puta
2923 2637 2989 2699 in
3034 2636 3261 2699 infima
3295 2636 3512 2719 specie
3541 2635 3861 2707 animali3‚

2362 2755 2435 2799 ac
2476 2756 2775 2819 suprema
2814 2736 3028 2819 specie
3070 2736 3325 2818 plantae,
3370 2743 3487 2798 etc.
3523 2734 3683 2797 Hinc
3720 2734 3863 2796 Pro-

2365 2835 2501 2897 cius
2545 2841 2810 2898 testatur
2860 2852 2873 2897 :
2921 2833 3221 2898 Omnium
3268 2834 3633 2897 divinorum
3684 2850 3863 2895 orna-

2365 2942 2546 2996 tuum
2593 2953 2845 2997 summa
2885 2933 3132 2996 ultimis
3170 2932 3607 2995 assimilantur
3650 2950 3867 3014 super-

753 3031 1166 3105 transcendit,
1227 3050 1418 3114 quam
1489 3050 1634 3093 cum
1705 3030 1933 3095 infimo
2001 3032 2253 3115 generis
2286 3030 2329 3094 C
2366 3032 2738 3114 positorum.
2812 3033 2879 3094 ln
2948 3031 3111 3094 libro
3178 3049 3434 3113 quoque
3499 3030 3577 3092 de
3644 3028 3863 3091 Causis

753 3150 866 3193 seu
918 3129 1160 3193 ordinis
1207 3130 1578 3211 superioriS,
1627 3148 1664 3193 a
1712 3148 1840 3212 quo
1900 3130 2127 3194 infimo
2187 3131 2251 3194 in

755 3228 1147 3311 perfectione
1177 3227 1399 3291 deficit
1428 3235 1492 3292 et
1521 3228 1864 3292 occumbit.
1881 3228 1984 3292 Sic
2013 3229 2253 3312 quippe

753 3328 968 3391 anima
1023 3326 1348 3390 rationalis
1403 3346 1551 3390 cum
1611 3327 1834 3390 formis
1893 3328 2251 3402 brutorum,

753 3426 820 3488 in
870 3425 1106 3508 quibus
1154 3443 1406 3487 summa
1453 3425 1549 3487 vis
1593 3426 1912 3507 cognitiva
1954 3434 2050 3489 est
2091 3426 2256 3489 aesti-

755 3523 1013 3598 mativa,
1046 3524 1108 3585 in
1154 3523 1272 3586 hac
1316 3523 1456 3605 ipsa
1497 3524 1780 3605 potentia
1823 3525 2122 3588 convenit
2164 3533 2254 3587 at-

755 3640 880 3705 que
911 3622 976 3685 in
1008 3639 1082 3684 ea
1111 3621 1380 3684 excedit.
1417 3621 1591 3684 Unde
1623 3622 1687 3683 in
1717 3622 1932 3685 anima
1962 3622 2256 3686 rationali

757 3722 855 3784 vis
901 3720 1009 3783 illa
1053 3719 1410 3803 appellatur
1453 3720 1813 3801 cogitativa,
1847 3740 1988 3803 quae
2029 3740 2257 3804 appre-

759 3820 984 3883 hendit
1044 3827 1334 3881 naturam
1395 3826 1464 3881 ut
1522 3818 1586 3881 in
1639 3819 1758 3881 hoc
1819 3820 2182 3902 particulari
2235 3837 2252 3883 t

760 3924 1020 4001 propter
1049 3917 1219 3998 quod
1259 3916 1450 3979 etiam
1491 3917 1856 3979 nominatur
1895 3917 2256 3981 intellectus

759 4017 1070 4100 passivus,
1096 4016 1362 4097 Insuper
1393 4032 1538 4077 cum
1569 4015 1796 4096 angelo
1827 4034 1938 4077 seu
1969 4024 2257 4098 separata

757 4114 1112 4179 substantia
1153 4114 1453 4177 convenit
1493 4114 1708 4177 anima
1751 4114 1814 4175 in
1863 4114 2259 4177 intellectua-

2363 3130 2668 3193 asseritur
2700 3147 2714 3192 ε
2749 3130 2900 3192 Esse
2930 3130 3100 3213 quod
3130 3136 3226 3193 est
3266 3136 3407 3211 post
3444 3127 3861 3193 aeternitatem

2365 3237 2429 3293 et
2470 3248 2663 3311 supra
2704 3236 2981 3311 tempus,
3016 3236 3113 3291 est
3153 3228 3388 3302 anima,
3421 3226 3724 3310 quoniam
3766 3233 3864 3289 est

2366 3328 2431 3390 in
2476 3327 2800 3390 horizonte
2843 3326 3214 3391 aeternitatis
3249 3334 3312 3389 et
3350 3343 3542 3407 supra
3582 3332 3858 3407 tempuS.

2367 3427 2653 3508 Itemque
2697 3443 2711 3488 ε
2758 3426 2927 3488 Inter
2976 3443 3111 3487 rem
3162 3424 3349 3505 cujus
3398 3422 3752 3486 substantia
3798 3430 3863 3485 et

2364 3525 2531 3589 actio
2574 3532 2723 3587 sunt
2766 3524 2833 3587 in
2878 3532 3201 3587 momento
3243 3522 3632 3595 aeternitatiS‚
3666 3529 3729 3583 et
3774 3521 3865 3583 in-

2366 3631 2461 3686 ter
2499 3642 2635 3686 rem
2675 3622 2861 3705 cujus
2900 3620 3257 3685 substantia
3292 3629 3357 3684 et
3393 3620 3559 3683 actio
3604 3627 3755 3682 sunt
3796 3620 3861 3682 in

2369 3729 2692 3785 momento
2723 3721 3053 3803 temporiS‚
3077 3721 3391 3783 exsistens
3422 3726 3520 3782 est
3551 3718 3860 3793 medium,

2366 3829 2429 3884 et
2456 3828 2554 3883 est
2584 3819 2743 3882 illud
2774 3820 2959 3901 cujus
2990 3818 3343 3883 substantia
3364 3824 3462 3881 est
3492 3818 3555 3879 in
3581 3835 3864 3880 momen-

2367 3926 2431 3982 to
2460 3919 2854 3993 aeternitatis,
2886 3925 2950 3981 et
2978 3918 3141 3980 actio
3172 3918 3235 3979 in
3268 3923 3594 3979 momento
3621 3923 3864 3998 tempo-

2370 4018 2473 4080 ris».
2508 4017 2716 4091 Quum
2748 4016 2922 4080 enim
2954 4015 3349 4079 continuatio
3393 4034 3507 4077 seu
3549 4013 3863 4077 connexio

2365 4134 2493 4179 non
2526 4116 2609 4179 sit
2640 4116 2764 4177 nisi
2796 4115 2861 4177 in
2892 4114 3084 4177 rebus
3114 4113 3453 4188 similibus,
3475 4132 3738 4177 necesse
3766 4120 3863 4176 est

759 4213 956 4287 litate,
1008 4212 1073 4275 in
1121 4230 1249 4294 qua
1295 4210 1499 4273 nihilo
1548 4212 1762 4274 minus
1821 4211 2259 4294 imperfectior
2289 4212 2337 4275 D
2368 4223 2437 4278 ut
2469 4216 2636 4277 inter
2661 4221 2945 4277 extrema
2974 4213 3058 4276 sit
3086 4231 3187 4275 res
3218 4212 3405 4274 tertia
3438 4211 3665 4275 media.
3701 4210 3861 4273 Hinc

759 4320 857 4376 est
903 4312 1095 4375 etiam
1146 4309 1374 4373 infimo
1421 4309 1664 4390 angelo.
1719 4309 1879 4373 Hinc
1941 4310 2079 4393 ipsa
2137 4311 2256 4374 rite

759 4417 1024 4475 vocatur
1053 4410 1469 4490 ligamentum
1498 4426 1570 4470 ac
1611 4426 1812 4471 nexus
1851 4409 2254 4491 superiorum

760 4529 833 4573 ac
903 4508 1301 4580 inferiorum,
1360 4514 1552 4590 atque
1613 4506 1872 4569 horizon
1931 4526 2043 4570 seu
2101 4526 2259 4571 zona

760 4608 1054 4674 dividens
1115 4607 1281 4670 inter
1338 4626 1410 4670 ea
1463 4624 1476 4670 :
1529 4626 1676 4669 cum
1741 4614 2008 4689 utroque
2057 4615 2257 4671 extre·

2368 4314 2629 4377 demum
2660 4313 2725 4375 in
2756 4311 3090 4375 ordinibus
3122 4329 3359 4382 rerum,
3383 4309 3736 4374 secundum
3767 4308 3860 4372 di·

2368 4413 2534 4475 citur
2564 4412 2803 4475 factum
2838 4412 2902 4473 in
2936 4409 3164 4473 umbra
3196 4410 3411 4492 primi,
3433 4408 3735 4472 videlicet
3766 4409 3858 4471 in-

2368 4511 2719 4593 telligentia
2751 4511 2818 4574 in
2847 4510 3073 4573 umbra
3116 4527 3321 4573 causae
3352 4507 3600 4591 primae,
3634 4514 3697 4570 et
3724 4507 3857 4571 ani-

2370 4630 2473 4673 ma
2518 4608 2965 4672 intellectualis
3011 4608 3077 4670 in
3122 4607 3353 4669 umbra
3396 4605 3851 4687 intelligentiae.

3166 1844 3490 1928 Sapientia
3549 1843 3862 1908 Creatoris
3920 1857 3991 1900 ne
4032 1857 4198 1901 navia.

3889 1933 4001 1963 nom
4011 1955 4023 1964 .
4048 1934 4097 1963 c.
4120 1936 4199 1963 vu.
