4300 6259
997 548 1418 595 stanam-urio
1460 544 1920 593 ramosorch.
1967 562 2046 575 --
2089 545 2167 593 na
2208 546 2683 594 iurantium-rus
3312 526 3387 588 77

1247 976 1390 1059 DE
1468 973 2427 1061 INTELLIGENTIIS

655 1316 1178 1383 PROPOSITIO
1223 1316 1400 1379 LXI.
1805 1314 1856 1377 Α
1889 1318 2146 1393 tamque
2178 1309 2579 1383 excellenter,
2598 1309 3031 1373 indesinenter
3057 1328 3129 1373 ac
3160 1310 3391 1374 deifor-

1893 1408 2082 1471 miter
2109 1416 2227 1482 est,
2263 1408 2433 1489 viget
2460 1426 2535 1470 ac
2565 1408 2755 1471 floret
2786 1408 2849 1470 in
2882 1408 3061 1491 ipsiS,
3096 1408 3227 1472 imo
3259 1418 3387 1473 tam

360 1512 914 1591 Intelngentia
961 1511 1050 1576 in
1097 1508 1630 1575 universitate
1688 1520 1779 1573 ac
1887 1506 2213 1587 gaudiose,
2258 1514 2383 1567 tam
2430 1505 2705 1568 feliciter
2746 1513 2811 1569 et
2853 1506 3177 1589 praeclare,
3220 1507 3388 1589 quod

287 1614 562 1679 ordine
609 1611 1160 1676 creaturarum
1213 1609 1436 1673 tenet
1491 1607 1778 1687 prima·
1888 1604 2273 1667 abstractive
2304 1603 2739 1685 intelligentiae
2770 1606 3391 1687 nuncupantur:vel-

288 1714 484 1791 tum,
529 1711 908 1790 tanquam
949 1707 1162 1773 inter
1201 1707 1468 1772 creata
1501 1706 1782 1785 primm
1893 1710 1962 1764 ut
1991 1702 2042 1764 si
2075 1702 2221 1784 quis
2252 1710 2381 1764 tam
2414 1702 2669 1783 sapiens
2699 1710 2889 1775 esset,
2924 1704 3093 1785 quod
3136 1703 3391 1785 sapien-

287 1824 542 1876 oausoe
604 1807 976 1887 similior,
1035 1806 1474 1886 ceterisque
1532 1801 1782 1885 perse·
1890 1802 1977 1863 tia
2005 1801 2343 1863 diceretur.
2368 1800 2819 1863 Verumtamen
2852 1802 2917 1862 in
2950 1801 3107 1883 ipsis
3139 1802 3393 1865 realiter

288 1908 518 1975 otior.
1891 1898 2205 1961 differunt
2232 1898 2586 1961 substantia
2616 1906 2680 1960 et
2708 1898 3012 1981 operatio,
3046 1908 3109 1961 et
3153 1918 3291 1963 esse
3329 1908 3393 1963 et

361 2005 540 2080 Quod
571 2011 688 2077 est,
710 2002 1012 2085 quoniam
1045 2001 1253 2083 prima
1283 2019 1656 2082 causa,qua3
1687 2006 1782 2061 est
1891 2016 2094 2080 agere.
2151 1997 2393 2060 Idcirco
2450 1997 2529 2059 de
2586 1996 2743 2079 ipsis
2788 1998 3159 2061 Aristoteles
3208 2000 3389 2074 dixit,

287 2106 446 2167 Deus
509 2101 1016 2185 supergloriosus
1075 2108 1138 2163 et
1195 2100 1592 2173 benedictuS,
1645 2097 1782 2160 uni·
1893 2096 2061 2178 quod
2095 2104 2246 2158 sunt
2272 2096 2446 2158 entia
2474 2095 2818 2177 simplicia,
2851 2096 3159 2178 optimam
3194 2098 3391 2161 vitam

287 2222 466 2265 versa
511 2199 792 2263 instituit
829 2218 901 2261 ac
956 2198 1256 2282 produxit
1303 2205 1372 2259 ut
1419 2216 1534 2259 sua
1583 2195 1786 2277 perfe-
1893 2194 2215 2266 ducentia,
2249 2202 2313 2257 et
2352 2193 2429 2255 de
2474 2192 2607 2256 suis
2653 2193 3066 2257 sufficientia.

288 2302 406 2362 ctio
467 2308 536 2361 et
595 2298 893 2377 majestas
955 2296 1020 2357 in
1089 2296 1246 2377 ipsis
1314 2294 1778 2377 resplendeant.
1977 2292 2320 2365 Postremo,
2371 2290 2883 2373 superditissima
2940 2310 3131 2355 causa
3188 2292 3397 2375 prima

287 2400 622 2479 Quumque
671 2398 808 2479 ipse
853 2396 936 2457 sit
974 2413 1172 2477 purus
1211 2401 1392 2456 actus
1435 2402 1498 2455 et
1539 2392 1783 2475 simpli·
1897 2389 2271 2452 naturaliter
2308 2388 2472 2452 bona
2510 2408 2584 2451 ac
2628 2389 2879 2451 infinite
2921 2390 3391 2467 liberalissima,

289 2498 544 2559 cissima
605 2514 810 2567 mene,
861 2493 1414 2574 essentialiterque
1473 2492 1860 2574 sapientiaB
1899 2508 2070 2551 mere
2109 2487 2309 2569 gratis
2352 2506 2425 2551 ac
2470 2506 2629 2569 pura
2676 2487 3051 2551 liberalitate
3098 2490 3395 2553 universa

291 2596 424 2678 ipsa
453 2596 520 2657 in
554 2612 621 2657 se
653 2592 1032 2665 subsistenS,
1067 2591 1131 2653 in
1163 2610 1290 2673 qua
1320 2590 1575 2653 realiter
1616 2590 1784 2653 idem
1897 2588 2230 2649 constituit
2259 2594 2323 2649 et
2353 2587 2659 2661 causavit‚
2696 2596 2763 2649 ut
2793 2606 2973 2651 suam
3014 2588 3389 2663 bonitatem,

293 2702 436 2756 sunt
471 2692 774 2763 essentia,
810 2689 1196 2771 intelligenS‚
1241 2689 1632 2751 intellectiva
1681 2706 1787 2771 po·
1895 2686 2315 2769 opulentiam,
2382 2685 2866 2759 beatitudinem,
2933 2686 3391 2769 perfectionem

291 2793 483 2855 tentia
525 2798 589 2853 et
632 2789 983 2853 intellectio
1012 2787 1310 2866 actualis3
1341 2794 1588 2850 constat
1615 2787 1784 2869 quod
1897 2784 2088 2847 rebus
2119 2784 2618 2848 communicaret
2652 2802 2666 2845 :
2700 2792 2765 2846 et
2802 2784 2923 2847 hoc
2964 2784 3185 2867 utique
3224 2787 3390 2869 sapi-

291 2892 352 2952 in
383 2890 594 2973 primo
623 2888 847 2951 ordine
885 2905 960 2949 ac
1000 2903 1256 2949 summo
1293 2904 1526 2967 genere
1570 2904 1785 2948 rerum
1895 2891 2078 2945 enter
2123 2902 2197 2945 ac
2246 2883 2555 2955 ordinate,
2598 2902 2635 2945 a
2674 2901 2928 2946 summo
2978 2884 3237 2947 cardine
3285 2904 3393 2947 en·

277 2988 586 3081 produxit
633 2994 696 3049 et
745 2985 1078 3048 collocavit
1126 2983 1548 3047 substantiam
1607 3003 1785 3066 sepa·
1895 2982 2058 3043 tium
2089 2990 2155 3043 et
2183 3000 2220 3043 a
2250 2981 2462 3064 primo
2490 2988 2703 3045 creato
2734 3000 2935 3065 usque
2964 2982 3043 3045 ad
3074 2981 3389 3045 infimum.

291 3097 508 3161 ratam,
539 3084 1036 3148 intellectualem
1067 3102 1142 3145 ac
1173 3083 1558 3165 simplicem,
1583 3083 1786 3145 inces-
1897 3079 2337 3161 intelligentiae
2365 3098 2537 3162 ergo,
2556 3099 2695 3163 quae
2719 3080 2783 3142 in
2807 3080 3016 3164 primo
3044 3100 3119 3143 ac
3148 3098 3396 3144 summo

289 3186 574 3248 sabiliter
619 3182 1108 3264 intelligentem,
1157 3182 1260 3243 cui
1303 3182 1666 3245 concreavit
1713 3198 1786 3243 ac
1896 3196 2112 3241 rerum
2141 3179 2367 3241 ordine
2396 3186 2546 3241 sunt
2584 3179 2961 3253 constitutae,
2995 3198 3125 3261 prae
3164 3179 3393 3242 ceteris

291 3283 516 3345 indidit
547 3281 928 3364 sapientiam
958 3288 1148 3363 atque
1178 3280 1534 3342 scientiam.
1560 3280 1626 3342 ln
1661 3298 1786 3361 qua
1897 3276 2270 3351 bonitatem,
2292 3276 2687 3351 felicitatem,
2708 3277 3167 3359 perfectionem
3200 3286 3393 3360 atque

289 3381 637 3443 substantia
671 3397 798 3442 non
829 3387 979 3442 sunt
1007 3379 1132 3442 nisi
1165 3380 1332 3442 vires
1363 3378 1782 3453 intellectivae,
1895 3375 2148 3437 divitias
2217 3376 2433 3456 gloriae
2500 3376 3137 3459 supergloriosissimi
3212 3376 3393 3439 Crea-

290 3499 412 3543 non
457 3479 818 3559 sensitivae3
863 3486 927 3541 et
967 3498 1108 3560 quae
1153 3496 1278 3542 non
1325 3477 1565 3559 indiget
1604 3496 1786 3539 suam
1895 3472 2050 3535 toris
2109 3474 2651 3555 participaverunt
2708 3474 3131 3537 exuberanter
3178 3482 3243 3536 et
3290 3492 3395 3537 co-

293 3578 748 3661 perfectionem
791 3596 870 3640 ex
909 3576 1218 3640 creaturis
1255 3596 1370 3659 per
1407 3593 1640 3659 corpus
1677 3584 1787 3637 aut
1897 3570 2094 3653 piose.

294 3695 550 3739 sensum
591 3676 924 3758 acquirere
961 3693 975 3737 :
1011 3676 1142 3738 imo
1183 3675 1248 3737 in
1293 3693 1363 3738 se
1404 3674 1782 3747 subsistenti,
1815 3685 1860 3749 c

296 3794 330 3835 a
357 3774 456 3836 sui
485 3773 748 3836 exordio
779 3772 844 3834 in
875 3790 993 3836 suo
1021 3790 1256 3853 genere
1285 3778 1382 3834 est
1411 3770 1712 3854 perfecta.
2258 3781 2777 3847 PROPOSITIO
2824 3782 3034 3846 LXII,

375 3872 658 3954 Denique
687 3889 880 3933 omne
909 3889 1102 3953 agens
1141 3870 1438 3953 producit
1475 3869 1598 3931 sibi
1637 3887 1786 3931 con-

299 3970 502 4033 simile
565 3987 579 4031 :
641 3976 905 4052 propter
971 3969 1142 4053 quod
1213 3968 1488 4031 effectus
1552 3967 1788 4029 dicitur
1973 3964 2458 4032 Differentlae
2514 3966 3243 4045 intelligentiarum
3292 3966 3391 4033 ab

301 4069 666 4151 participata
708 4086 840 4130 suae
884 4086 1090 4129 causae
1135 4065 1532 4145 similitud0;
1575 4065 1785 4129 omnis
1894 4064 2245 4132 invicem
2306 4078 2547 4145 penes
2612 4064 2763 4130 hoo
2833 4066 3393 4146 attenduntur,

301 4184 546 4248 quoque
585 4174 874 4228 creatura
914 4164 1152 4227 dicitur
1193 4165 1408 4227 radius
1449 4164 1780 4227 Creatoris.
1892 4164 2099 4245 quod
2129 4164 2388 4243 mag-13
2407 4165 2549 4229 aut
2570 4162 2836 4229 minus
2863 4164 3173 4229 sortitoe
3202 4165 3392 4230 sunt

301 4264 628 4327 Causatum
659 4282 938 4346 namque
977 4262 1360 4345 praeexsistit
1389 4262 1454 4325 in
1487 4282 1602 4325 sua
1639 4282 1785 4325 cau·
1893 4264 1988 4329 de
2018 4265 2209 4329 actu
2249 4262 2391 4328 aut
2432 4262 2813 4343 potentla.

302 4382 388 4437 sa,
455 4382 570 4427 nec
637 4363 882 4445 aliquid
955 4362 1062 4425 dat
1135 4362 1341 4436 alteri,
1411 4361 1534 4424 nisi
1613 4362 1784 4444 quod
1974 4361 2147 4435 Quod
2195 4368 2312 4433 est,
2355 4360 2507 4443 quia
2553 4368 2624 4421 ut
2667 4360 2911 4422 dictum
2954 4368 3157 4424 estet
3198 4382 3391 4445 supra
3454 4399 3631 4443 propos.

303 4462 614 4543 praehabet
644 4463 708 4525 in
741 4480 810 4524 se·
851 4462 1010 4544 ipso.
1046 4460 1204 4523 Hinc
1247 4462 1548 4523 dixerunt
1591 4460 1785 4523 Plato·
1894 4460 2281 4543 expositum,
2334 4458 2468 4521 sola
2524 4457 2733 4540 prima
2788 4478 2980 4521 causa
3035 4466 3132 4522 est
3190 4480 3391 4542 purus
3443 4464 3585 4495 ¹¹¹¹¹¹

303 4560 450 4634 nici,
497 4561 659 4643 quod
709 4560 920 4624 omnis
979 4560 1302 4641 processio
1357 4560 1782 4623 secundorum
1893 4568 2092 4631 actus,
2126 4558 2218 4619 nil
2264 4576 2522 4639 prorsus
2562 4558 2639 4620 de
2680 4558 3165 4639 potentialitate‚
3200 4569 3391 4623 mate-

303 4678 338 4720 a
367 4661 586 4741 primo,
615 4669 679 4723 et
707 4660 1042 4723 conversio
1071 4657 1444 4721 eorumdem
1481 4658 1560 4721 ad
1601 4658 1782 4732 illud,
1893 4658 2163 4720 rialitate
2221 4664 2285 4719 et
2342 4654 2794 4718 limitabilitate
2852 4656 3092 4719 habens
3148 4659 3392 4722 admix-

305 4779 416 4841 per
440 4760 916 4823 similitudinem
945 4758 1232 4821 efficitur
1261 4766 1677 4841 utrorumque
1707 4759 1784 4820 ad
1893 4766 2050 4819 tum.
2085 4756 2305 4818 Omnis
2336 4772 2487 4818 vero
2518 4754 2955 4837 intelligentia,
2988 4774 3064 4819 eo
3095 4756 3233 4838 ipso
3264 4776 3392 4840 quo

305 4861 586 4923 invicem.
619 4861 782 4923 Hinc
815 4860 1022 4941 prima
1052 4866 1116 4922 et
1144 4859 1476 4941 superiora
1517 4858 1580 4919 in
1619 4876 1786 4921 crea·
1813 4863 1864 4926 D
1895 4862 2124 4927 creata,
2160 4853 2409 4935 passive
2441 4862 2505 4915 et
2542 4854 2977 4935 dependenter
3004 4874 3075 4917 ac
3110 4855 3393 4936 indigen-

307 4958 456 5019 turis
485 4960 732 5021 Creator
759 4959 1156 5039 omnipotens
1186 4958 1470 5020 decrevit
1499 4966 1562 5020 et
1591 4956 1788 5020 voluit
1896 4964 1990 5018 ter
2038 4973 2105 5017 se
2156 4953 2347 5015 habet
2400 4952 2477 5015 ad
2538 4971 2794 5015 causam
2854 4952 3150 5035 primam,
3204 4956 3391 5037 cujus

304 5055 424 5117 sibi
451 5074 582 5120 esse
611 5057 940 5119 similiora.
976 5057 1312 5137 Propterea
1339 5054 1784 5136 hujuscemodi
1897 5052 2377 5116 manutenentia
2415 5060 2479 5113 et
2527 5050 2867 5114 influentia
2906 5051 3150 5134 indiget
3189 5054 3391 5117 inces-

304 5164 608 5219 creaturas
637 5154 1038 5239 Peripatetici
1069 5154 1564 5217 nominaverunt
1607 5154 1787 5217 intel·
1899 5163 2130 5217 santer.
2153 5154 2387 5215 Verum
2418 5160 2657 5234 quanto
2688 5152 2961 5215 vicinior
2988 5172 3061 5215 ac
3092 5156 3391 5219 consimi-

309 5253 607 5335 ligentias,
631 5256 784 5337 quia
813 5271 938 5317 non
971 5254 1196 5317 vivunt
1229 5252 1350 5315 nisi
1383 5252 1514 5315 vita
1547 5252 1792 5316 intelle·
1901 5253 2020 5316 lior
2050 5260 2146 5314 est
2176 5270 2381 5314 causae
2412 5251 2655 5333 primae,
2688 5270 2801 5313 seu
2842 5252 3273 5317 immediatius
3310 5254 3392 5319 ab

311 5354 512 5429 ctuali,
551 5374 692 5439 quoe
731 5360 982 5416 tantum
1021 5352 1520 5436 praedominatur
1559 5352 1626 5415 in
1673 5352 1790 5429 eis,
1903 5352 2042 5435 ipsa
2072 5350 2445 5433 procedens,
2480 5368 2556 5413 eo
2594 5350 2739 5433 plus
2779 5350 2968 5413 habet
3010 5352 3089 5415 de
3130 5354 3391 5419 actuali·
