4300 6259
859 473 981 538 226
1371 555 1384 568 κ
1461 491 1882 539 namn-rulo
1919 490 2318 539 rnnonocms.
2364 509 2444 520 —
2485 491 2565 538 nn
2608 491 2787 539 noms
2830 491 3100 540 srmtrus
3143 491 3360 540 snm-ri

859 661 972 743 qui
1019 678 1148 725 non
1186 667 1428 746 peccet.
1471 659 1622 735 Quis
1657 660 1831 724 enim
1871 659 1952 723 ab
2001 659 2177 724 omni
2226 659 2351 723 dis·
2381 659 2599 723 Atum
2656 660 3110 743 perfectorum,
3158 661 3265 724 via
3321 659 3590 734 unitiva,
3638 661 3719 724 ad
3770 679 3971 743 quam

855 760 1167 824 tractione
1222 767 1286 823 et
1341 758 1727 841 negligentia
1787 778 1857 822 se
1914 758 2199 840 plenarie
2260 777 2355 820 re-

856 859 1090 943 primat
1119 859 1187 921 in
1213 857 1495 921 divinis?
1525 859 1787 931 Rursus,
1817 858 1896 920 ad
1928 865 2165 920 statum
2196 856 2353 918 inci-

852 957 1168 1039 pientium
1195 957 1300 1020 via
1329 955 1606 1038 pertinet
1633 955 2090 1039 purgativa3ad
2120 961 2354 1018 statum

852 1053 1356 1138 proficientium,
1405 1054 1512 1118 via
1567 1054 2036 1133 illuminativa3
2095 1054 2174 1116 ad
2233 1061 2354 1116 sta·

2462 760 2653 822 etiam
2694 760 2973 842 pertinet
3018 760 3289 842 mystica
3330 759 3669 841 theologia.
3706 758 3973 823 Consor-

2464 857 2674 928 miter,
2724 858 2803 920 ad
2850 857 3235 940 incipientes
3284 863 3533 940 spectat
3588 863 3787 919 status
3836 858 3975 920 ani·

2464 955 2689 1034 malis3
2734 956 2812 1017 ad
2862 955 3297 1038 proficientes,
3344 962 3545 1018 status
3592 955 3972 1035 rationalis3

2462 1055 2541 1117 ad
2586 1053 2925 1136 perfectos,
2960 1062 3161 1118 status
3202 1053 3579 1139 spiritualis.

1548 1503 1692 1586 DE
1781 1500 2129 1588 DONIS
2218 1500 2755 1588 SPIRITUS
2848 1499 3262 1586 SANCTI

1194 1841 1718 1908 PROPOSITIO
1763 1839 1987 1905 CLIV.

921 2036 1242 2116 Septem
1284 2035 1474 2100 sunt
1513 2032 1717 2099 dona
1759 2032 2110 2112 Spiritus
2155 2029 2337 2096 San-

840 2135 954 2201 ot1
983 2153 999 2200 ε
1030 2147 1206 2215 quae
1235 2133 1453 2197 inter
1481 2131 1808 2198 habitus
1844 2131 2130 2197 animae
2160 2128 2341 2209 post

836 2233 1188 2299 virtutes
1228 2229 1726 2307 theologicas
1768 2229 2208 2309 primatum
2251 2227 2336 2292 111

836 2329 1232 2410 d1gn1tate
1272 2328 1562 2394 sortita
1602 2328 1812 2394 sunt.

915 2428 1092 2502 Quod
1122 2435 1239 2502 est,
1273 2426 1426 2508 quia
1455 2444 1655 2507 quum
1686 2425 1942 2487 habitus
1973 2432 2035 2486 et
2065 2424 2333 2487 virtutes

833 2545 870 2588 a
913 2527 1047 2590 suis
1088 2525 1360 2606 objectis
1405 2523 1725 2605 accipiant
1765 2522 2165 2603 dignitatem,
2208 2522 2334 2584 vir-

833 2631 1001 2688 tutes
1050 2621 1446 2703 theologicae,
1488 2639 1630 2702 quae
1677 2619 1918 2683 habent
1966 2621 2167 2682 Deum
2215 2636 2335 2702 pro

833 2722 1204 2786 immediato
1250 2719 1526 2801 objecto,
1571 2717 1652 2780 ab
1701 2717 2002 2782 omnibus
2044 2736 2334 2780 asserun-

829 2829 938 2883 tur
964 2820 1148 2884 donis
1179 2818 1540 2900 ceterisque
1579 2816 1927 2880 virtutibus
1965 2815 2330 2897 digniores3

829 2919 1062 2982 deinde
1105 2918 1291 2990 dona,
1339 2935 1482 2998 quae
1525 2922 1676 2978 sunt
1723 2914 1980 2977 habitus
2029 2933 2332 2997 superna-

2365 1829 2414 1892 B
2451 1831 2649 1892 Deum
2690 1837 2751 1892 et
2791 1849 2865 1892 ea
2903 1851 3045 1914 quae
3073 1833 3187 1896 Dei
3226 1843 3379 1898 sunt
3416 1855 3533 1920 per
3567 1849 3831 1920 gustum
3869 1841 3969 1904 in-

2448 1935 2727 2004 ternum,
2768 1935 2831 1990 et
2878 1937 3050 1992 recte
3094 1930 3463 2010 judicamus
3512 1937 3591 2000 de
3631 1937 3789 2020 ipsis
3844 1959 3969 2021 per

2447 2027 3042 2089 connaturalitatem
3062 2035 3126 2090 et
3146 2030 3661 2098 conformitatem
3681 2035 3968 2102 affectus

2446 2124 2525 2186 ad
2563 2143 2657 2198 ea,
2692 2125 2784 2186 sic
2822 2126 2992 2206 quod
3034 2129 3313 2208 cognitio
3348 2130 3615 2196 affectui
3658 2142 3757 2198 est
3794 2153 3963 2199 con-

2447 2222 2671 2285 formis
2706 2240 2722 2285 τ
2753 2225 3297 2305 quemadmodum
3326 2229 3427 2292 vir
3466 2239 3678 2295 castus
3709 2241 3772 2296 et
3800 2253 3965 2299 con-

2446 2320 2657 2384 tinens
2700 2319 2948 2402 judicat
2986 2322 3149 2387 bene
3189 2325 3268 2388 de
3315 2327 3623 2392 castitate.
3666 2331 3964 2416 Denique

2444 2419 2761 2500 sapientia
2816 2419 2936 2482 ista
2993 2422 3239 2485 caritati
3290 2424 3803 2509 inseparabiliter
3860 2441 3965 2495 cst

2445 2517 2824 2598 conjuncta3
2856 2526 2921 2582 et
2960 2527 3201 2601 quanto
3230 2523 3376 2605 quis
3404 2526 3684 2608 amplius
3716 2533 3963 2594 crescit

2444 2614 2510 2676 in
2568 2615 2849 2690 caritate,
2900 2625 3077 2681 tanto
3124 2627 3189 2681 et
3237 2621 3303 2682 in
3349 2623 3678 2705 sapientiae
3725 2626 3955 2692 dono:

2443 2712 2572 2776 imo
2620 2721 2683 2776 et
2727 2714 2909 2795 juxta
2952 2715 3277 2799 triplicem
3335 2720 3615 2784 caritatis
3674 2725 3957 2805 gradum

2438 2811 2570 2891 jam
2616 2812 3031 2894 assignatum,
3077 2816 3311 2899 triplex
3352 2825 3452 2881 est
3492 2820 3725 2901 gradus
3774 2826 3957 2907 sapi·
3982 2859 4221 2902 ,ηομ-,αα

2440 2910 2629 2974 entiae
2668 2911 2886 2992 hujus,
2931 2932 3124 2994 quam
3174 2933 3366 2980 nemo
3413 2917 3481 2980 in
3530 2921 3784 2984 mortali
3836 2941 3956 2986 ex·

830 3017 1066 3080 turales
1117 3015 1316 3079 infusi
1364 3032 1480 3098 per
1525 3031 1684 3095 quos
1732 3013 1946 3075 anima
2003 3013 2329 3075 rationalis
2366 3012 2411 3076 C
2440 3008 2671 3072 sistens
2714 3017 2975 3092 peccato
3016 3011 3226 3074 habet.

829 3115 1118 3179 efficitur
1168 3113 1332 3177 bene
1379 3119 1444 3174 et
1487 3119 1782 3194 prompte
1831 3109 2112 3185 mobilis,
2159 3110 2329 3173 doci-

830 3214 980 3277 bilis
1021 3231 1096 3275 ac
1137 3209 1480 3292 dirigibilis
1522 3230 1560 3272 a
1601 3209 1845 3291 Spiritu
1887 3210 2134 3272 Sancto.
2184 3209 2331 3281 Quae

829 3312 1021 3376 etiam
1073 3311 1259 3383 dona,
1309 3314 1378 3370 ut
1420 3307 1745 3371 solennior
1785 3313 1960 3369 tenet
2007 3306 2249 3388 opinio,
2294 3325 2331 3368 a

831 3409 1176 3475 virtutibus
1225 3407 1481 3470 realiter
1526 3405 2051 3486 distinguuntur3
2101 3412 2167 3467 et
2224 3423 2329 3468 eas

829 3507 1202 3592 expediunt,
1253 3505 1318 3569 id
1374 3512 1492 3580 est,
1541 3505 1706 3567 dona
1763 3503 2112 3586 perficiunt
2161 3503 2331 3585 ipsas

829 3606 1115 3678 virtutes,
1135 3605 1222 3667 ita
1250 3603 1419 3686 quod
1450 3601 1720 3665 virtutes
1750 3601 1933 3664 donis
1961 3600 2196 3682 adjutae
2225 3619 2330 3663 ex·

831 3703 1111 3788 peditius
1153 3709 1516 3784 operantur.

900 3802 1091 3867 Porro
1113 3802 1425 3864 donorum
1459 3799 1727 3861 istorum
1753 3797 2036 3880 primum
2069 3803 2134 3860 et
2157 3816 2329 3861 sum-

829 3920 1007 3964 mum
1054 3907 1150 3963 est
1191 3897 1504 3982 sapientia
1552 3914 1567 3959 :
1612 3914 1742 3960 non
1787 3897 2006 3978 utique
2050 3895 2327 3978 philoso-

829 3999 1039 4081 phica,
1092 3996 1409 4070 informiS,
1450 3995 1759 4057 naturalis
1785 4011 1802 4074 ;
1848 4012 1965 4056 nec
2014 3994 2329 4076 sapientia

828 4104 1123 4179 spectans
1168 4096 1247 4159 ad
1290 4094 1456 4157 dona
1498 4093 1714 4174 gratiae
1757 4092 1954 4174 gratis
1995 4093 2179 4167 datae,
2212 4111 2327 4174 per

2518 3107 2807 3190 Insuper,
2854 3109 3020 3171 dono
3068 3110 3397 3194 sapientiai
3438 3116 3792 3181 associatur
3838 3121 3957 3184 do-

2439 3224 2596 3267 num
2656 3206 3041 3282 intellectus,
3099 3209 3221 3272 hoc
3278 3217 3377 3273 est
3432 3211 3689 3278 habitus
3756 3217 3955 3283 intel-

2440 3303 2711 3367 lectivus
2760 3305 3034 3380 infusuS,
3088 3307 3153 3368 in
3201 3310 3489 3390 potentia
3549 3311 3956 3380 intellectiva

2438 3402 2774 3477 exsistens,
2825 3410 2888 3465 et
2936 3421 3077 3466 eam
3128 3405 3481 3487 perficiens
3528 3409 3609 3472 ad
3654 3421 3827 3476 recte
3888 3425 3955 3479 et

2438 3501 2607 3562 clare
2664 3500 3154 3582 intelligendum
3211 3521 3287 3566 ea
3343 3524 3488 3587 quae
3542 3506 3700 3572 fidei
3766 3521 3951 3588 sunt,

2438 3606 2592 3682 puta
2651 3597 2790 3680 ipsa
2845 3599 3181 3674 credenda,
3230 3601 3651 3686 adspiciendo
3704 3609 3953 3672 articu-

2439 3698 2647 3760 lorum
2702 3697 2857 3760 fidei
2918 3699 3196 3762 rationes
3254 3707 3319 3763 et
3373 3713 3769 3784 argumenta,
3812 3710 3952 3771 sal-

2436 3803 2567 3858 tem
2599 3796 2924 3859 nonnulla.
2958 3797 3228 3860 Perfecti
3268 3800 3505 3864 etenim
3538 3802 3662 3866 viri
3702 3805 3953 3870 habent

2437 3895 2635 3957 fidem
2693 3894 3139 3970 certissimam,
3192 3915 3343 3960 cum
3404 3900 3761 3966 rationibus
3812 3923 3953 3968 cre·

2434 3993 2787 4055 dendorum
2856 3999 2920 4054 et
2990 3994 3349 4075 purificatae
3407 3998 3645 4062 mentis
3704 3999 3951 4067 intelli-

2433 4091 2664 4172 gentia.
2718 4090 2946 4165 Ceteri,
2998 4093 3293 4173 quamvis
3341 4094 3551 4158 adhuc
3599 4098 3825 4179 pusilli
3878 4109 3951 4164 et

827 4213 1020 4276 quam
1079 4212 1154 4256 ea
1209 4211 1352 4275 quae
1409 4191 1566 4254 fidei
1627 4199 1778 4253 sunt
1835 4191 2321 4272 persuadentur,
2353 4194 2405 4258 D
2436 4189 2818 4272 imperfecti,
2861 4188 3141 4272 aliquam
3186 4198 3403 4255 tamen
3445 4193 3687 4258 habent
3724 4215 3803 4261 ac
3846 4199 3949 4263 in-

828 4292 1232 4356 declarantur
1287 4308 1358 4352 ac
1415 4289 1870 4362 defenduntur,
1921 4290 1999 4351 de
2049 4308 2175 4371 qua
2224 4290 2326 4352 de·

532 4411 798 4467 icon-aus.
829 4389 1145 4474 prompsit
1208 4387 1570 4471 Apostolus,
1638 4387 1761 4448 Alii
1832 4405 1949 4469 per
2013 4387 2323 4468 Spiritum

827 4490 1014 4552 datur
1040 4503 1251 4550 sermo
1279 4485 1647 4567 sapientiae3
1679 4485 1788 4546 sed
1820 4484 2133 4567 sapientia
2163 4484 2327 4546 salu-

823 4588 978 4652 taris
1025 4586 1314 4658 formata,
1357 4602 1498 4665 quae
1536 4600 1676 4645 esse
1714 4599 1842 4644 non
1883 4590 2091 4664 potest
2129 4583 2324 4646 infor·

543 4707 793 4764 smnio.
825 4687 971 4761 miS,
1014 4687 1092 4749 de
1138 4703 1265 4766 qua
1307 4681 1634 4763 Scriptura
1677 4679 1911 4742 fatetur
1954 4697 1968 4742 :
2004 4679 2188 4742 Dedit
2228 4680 2323 4742 illi

823 4785 1158 4850 scientiam
1189 4789 1572 4846 sanctorum.
1595 4779 1867 4844 Jacobus
1897 4798 2153 4862 quoque
2182 4799 2326 4863 apo-

555 4905 707 4951 Jacob.
733 4921 792 4960 m,
822 4887 1022 4949 stolus
1073 4903 1086 4947 :
1129 4884 1276 4958 Quae
1321 4882 1657 4944 desursum
1703 4879 1972 4961 (inquit)
2017 4886 2114 4941 est
2160 4879 2325 4961 sapi-

531 4971 597 5014 ¹7.

821 4984 1015 5058 entia,
1049 4983 1332 5066 primum
1372 4980 1633 5062 quidem
1677 4978 1908 5060 pudica
1938 4984 2054 5052 est,
2087 4978 2319 5040 deinde

823 5081 1116 5166 pacifica,
1168 5081 1476 5152 modesta,
1537 5076 1888 5150 suasibilis,
1941 5076 2127 5139 bonis
2174 5095 2320 5141 con-

823 5182 1126 5256 sentiens,
1175 5181 1366 5263 plena
1407 5178 1842 5240 misericordia
1891 5185 1956 5238 et
1999 5177 2319 5240 fructibus

822 5280 1030 5344 bonis.
1076 5280 1193 5343 Per
1233 5279 1397 5340 hanc
1448 5275 1826 5357 sapientiam
1875 5276 2323 5355 cognoscimus

2432 4295 2694 4350 tuentur
2750 4288 3061 4351 rationem
3119 4307 3235 4352 cur
3292 4292 3583 4368 credunt,
3634 4295 3947 4361 videlicet

2432 4387 2536 4450 vel
2584 4394 2845 4470 propter
2893 4387 3223 4463 miracula,
3268 4398 3379 4452 aut
3421 4392 3573 4475 quia
3620 4393 3713 4458 sic
3766 4403 3945 4459 tenet

2434 4495 2498 4548 et
2555 4484 2757 4548 credit
2810 4493 2942 4548 tota
2988 4486 3294 4562 Ecclesia,
3346 4507 3460 4552 seu
3516 4491 3669 4573 quia
3719 4493 3943 4558 Sancti

2432 4585 2527 4647 sic
2568 4585 2941 4647 docuerunt.

2512 4682 2837 4756 Praeterea,
2869 4683 3211 4745 consilium
3240 4687 3597 4750 secundum
3628 4690 3800 4770 quod
3832 4691 3945 4755 do-

2433 4800 2612 4856 num,
2645 4781 2902 4844 denotat
2929 4781 3223 4845 habitum
3257 4787 3813 4866 supernaturalem
3846 4791 3945 4854 in·

2432 4879 2821 4952 fusum,non
2851 4888 3065 4941 actum
3096 4881 3453 4962 prudentias
3483 4885 3743 4950 moralis
3772 4887 3943 4970 poli·

2432 4978 2748 5059 ticaezquo
2777 4977 2997 5039 habitu
3025 4977 3103 5039 fit
3134 4997 3315 5042 mens
3344 4980 3703 5047 efficaciter
3730 5003 3939 5069 capax

2432 5076 2803 5139 directionis
2839 5075 3115 5157 Spiritus
3154 5076 3367 5140 Sancti
3408 5079 3474 5142 in
3511 5084 3933 5160 consulendo,

2432 5174 2785 5257 praesertim
2834 5174 2899 5236 in
2958 5174 3400 5258 spiritualibus
3458 5188 3524 5241 et
3570 5180 3807 5245 divinis
3854 5201 3935 5246 ac

2431 5273 3028 5336 transcendentibus
3078 5275 3389 5338 rationem
3438 5293 3452 5338 :
3501 5279 3654 5360 quia
3690 5281 3792 5360 (ut
3838 5282 3935 5346 ait
