4300 6259
804 425 920 494 134

1472 445 1897 496 amanum-10
1935 443 2334 494 ruaotoch.
2379 463 2461 478 -
2502 445 2581 492 nn
2621 445 2740 494 nno
2781 447 2901 494 uuo
2941 418 3018 494 nr
3055 447 3240 496 mmo

804 617 873 682 in
917 619 1009 682 eis
1056 619 1335 682 essentia
1380 619 1668 683 continet
1709 617 2041 694 unitatem,
2084 618 2309 682 relatio
2337 616 2387 681 A
2418 616 2656 699 quendi
2700 635 2828 701 quo
2869 617 3168 692 dicimuS,
3199 617 3372 699 Rogo
3411 623 3590 680 tuam
3633 615 3921 679 clemen-

805 718 1028 781 statuit
1064 718 1438 780 trinitatem.
1473 717 1633 780 Hinc
1670 716 2050 799 reprobatur
2089 717 2309 800 opinio

805 816 1160 881 dicentium
1206 816 1547 880 relationes
1579 815 1645 878 in
1677 816 1913 878 divinis
1944 823 2123 879 extra
2164 814 2308 877 affi-

806 934 917 978 xas
948 922 1011 978 et
1037 913 1438 989 adsistentes„
1461 931 1587 976 non
1619 912 2089 987 inexsistenteS‚
2122 913 2306 996 quasi

805 1013 936 1077 no'n
958 1031 1106 1077 vere
1136 1013 1266 1088 sint
1296 1013 1362 1074 in
1395 1013 1706 1095 personiS,
1741 1013 1851 1076 sed
1882 1011 2041 1075 foris
2082 1012 2309 1093 adjun-

807 1119 927 1175 ctae
954 1111 1409 1193 per-rationem
1446 1128 1460 1172 :
1495 1128 1623 1173 non
1656 1110 1827 1192 quod
1866 1109 2111 1191 aliquid
2153 1129 2308 1193 prae-

805 1215 904 1272 ter
931 1209 1132 1272 Deum
1164 1208 1357 1271 fuerit
1385 1208 1467 1271 ab
1496 1216 1755 1283 aeterne,
1790 1209 1900 1272 sed
1940 1209 2109 1290 quod
2150 1208 2308 1271 rela-

804 1307 1011 1370 tiones
1042 1324 1169 1369 non
1200 1316 1413 1370 essent
1440 1307 1596 1390 quid
1627 1306 1796 1370 reale
1828 1307 1892 1368 in
1924 1306 2309 1381 diviniS,sed

804 1405 1307 1486 superadderent
1339 1405 1625 1487 personis
1655 1412 1902 1468 tantum
1945 1412 2309 1486 respectum

804 1510 916 1566 aut
944 1502 1388 1565 habitudinem
1421 1503 1704 1566 rationis.
1739 1502 1943 1582 Hujus
1988 1502 2312 1584 opinionis

803 1599 929 1663 fuit
978 1599 1300 1663 Gilbertus
1347 1601 1724 1663 Porretanus
1774 1600 2138 1682 episcopus,
2201 1601 2311 1682 qui

807 1696 873 1760 in
924 1698 1221 1761 Remensi
1271 1698 1546 1761 concilio
1595 1699 1661 1760 in
1720 1698 2059 1781 praesentia
2109 1698 2308 1778 Euge-

2418 715 2596 790 tiam,
2644 716 2709 778 id
2759 724 2856 780 est
2901 723 2964 779 te
3014 715 3440 796 clementem3
3485 715 3718 778 melius
3766 729 3924 777 vero

2419 813 2720 876 dicuntur
2741 815 2894 897 ipsae
2914 813 3334 897 proprietates
3362 814 3600 896 quibus
3630 827 3926 894 personae

2421 913 2901 975 constituuntur
2946 931 3019 976 ac
3068 911 3572 994 distinguuntur,
3621 907 3926 994 quamvis

2423 1009 2486 1072 in
2531 1029 2598 1074 re
2641 1010 2771 1073 sint
2813 1011 2968 1093 ipsae
3011 1029 3323 1093 personoe.

2499 1108 2844 1184 Postremo,
2879 1116 3100 1173 contra
3128 1109 3500 1192 opinionem
3533 1107 3706 1170 illam
3749 1123 3926 1170 erro-

2421 1225 2630 1281 neam,
2664 1209 2836 1290 quod
2881 1226 3168 1290 personoe
3210 1226 3324 1289 per
3362 1206 3656 1270 absoluta
3695 1203 3928 1268 distin-

2421 1312 2537 1368 ctae
2568 1305 2716 1380 sint,
2741 1305 2827 1368 ita
2856 1305 3180 1387 arguitur:
3202 1305 3288 1368 Ea
3317 1323 3459 1387 quae
3491 1303 3625 1367 sola
3652 1303 3926 1374 ratione,

2421 1420 2548 1467 non
2581 1403 2850 1476 realiter,
2863 1402 2943 1465 ab
2976 1402 3252 1466 invicem
3281 1401 3782 1483 distinguuntur,
3795 1417 3930 1462 non

2421 1508 2573 1565 sunt
2602 1501 2760 1564 ratio
2793 1500 2980 1563 realis
3010 1518 3084 1562 ac
3115 1499 3529 1582 suppositalis
3569 1496 3930 1560 distinctio-

2425 1601 2524 1663 nis
2569 1600 2634 1662 in
2676 1599 2860 1678 aliis;
2895 1598 3315 1681 proprietates
3357 1603 3570 1660 autem
3615 1594 3932 1659 absolutae

2425 1699 2492 1760 in
2550 1698 2679 1760 Deo
2728 1715 2854 1760 non
2913 1697 3396 1778 distinguuntur
3443 1695 3719 1768 realiter,
3773 1711 3932 1774 ergo

806 1795 900 1858 nii
931 1796 1111 1878 Papae
1139 1802 1332 1877 atque
1366 1796 1431 1857 B.
1466 1795 1792 1870 Bernardi,
1827 1815 2017 1859 suum
2058 1813 2311 1858 revoca·
2349 1793 2395 1856 B
2425 1815 2542 1859 nec
2574 1813 2860 1878 personae
2890 1814 3004 1878 per
3034 1814 3158 1858 eas.
3194 1796 3522 1868 Praeterea,
3549 1793 3604 1856 si
3634 1812 3750 1876 per
3780 1810 3931 1875 pro-

808 1893 903 1955 vit
933 1911 1236 1956 errorem.
1272 1895 1343 1956 In
1374 1912 1567 1975 quem
1606 1893 1812 1957 nihilo
1859 1894 2073 1956 minus
2111 1893 2313 1974 aliqui

810 1998 1212 2073 posterorum
1264 1991 1567 2054 incidisse
1617 1999 1980 2065 censentur,
2027 1993 2315 2054 dicentes

812 2107 1115 2171 personas
1148 2089 1212 2151 in
1252 2089 1489 2152 divinis
1534 2107 1661 2152 non
1706 2090 2012 2171 distingui
2062 2109 2177 2173 per
2222 2109 2316 2152 re-

815 2186 1107 2258 lationes,
1170 2187 1281 2249 sed
1330 2205 1446 2269 per
1492 2187 1709 2268 aliqua
1754 2186 2063 2250 absoluta.
2118 2188 2315 2268 Cujus

814 2284 1208 2348 contrarium
1256 2285 1724 2348 sacratissimus
1769 2287 2107 2368 Dionysius
2154 2287 2316 2350 libro

814 2383 894 2444 de
954 2382 1201 2445 Divinis
1260 2382 1757 2458 characteribuS‚
1811 2384 1870 2445 S.
1922 2383 2316 2465 Augustinus

818 2480 983 2543 libro
1023 2481 1102 2543 de
1132 2480 1459 2555 Trinitate,
1492 2482 1747 2544 Boetius
1790 2500 2046 2564 quoque
2092 2483 2156 2544 in
2201 2501 2316 2545 suo

813 2580 893 2642 de
942 2569 1247 2642 Trinitate
1297 2585 1590 2652 tractatu,
1644 2581 2070 2643 Damascenus
2120 2581 2315 2644 etiam

814 2676 980 2741 libro
1011 2677 1243 2759 primo,
1278 2677 1563 2759 itemque
1604 2678 1919 2758 gloriosus
1958 2679 2316 2742 Ber-nardus

814 2774 978 2838 libro
1018 2775 1097 2838 de
1140 2775 1680 2849 consideratione,
1713 2777 1824 2838 sed
1869 2784 1934 2839 et
1975 2777 2315 2839 Anselmus

813 2873 979 2936 libro
1010 2873 1087 2936 de
1117 2873 1525 2937 Processione
1556 2875 1829 2957 Spiritus
1860 2875 2312 2956 Sancti,Hug0,

2423 1895 2723 1976 prietates
2752 1893 3075 1957 absolutas
3105 1892 3588 1974 distinguuntur
3618 1907 3934 1974 personae,

2420 1992 2540 2055 hoc
2591 1991 2923 2074 potissime
2981 1992 3102 2054 erit
3164 2010 3278 2073 per
3333 2009 3440 2054 eas
3499 2010 3639 2073 quae
3696 2007 3936 2072 appro-

2422 2091 2712 2173 priantur
2743 2090 3030 2173 personis
3061 2096 3124 2152 et
3153 2089 3245 2153 eis
3281 2089 3482 2169 magis
3512 2088 3934 2162 conveniunt,

2421 2189 2952 2271 quemadmodum
2972 2187 3134 2251 Patri
3155 2187 3607 2270 appropriatur
3629 2187 3932 2268 potentia,

2421 2287 2581 2350 Filio
2611 2287 2946 2370 sapientia,
2981 2286 3248 2369 Spiritui
3280 2286 3511 2349 Sancto
3540 2285 3931 2350 clementia:

2423 2405 2538 2469 per
2566 2405 2724 2468 quas
2764 2393 2978 2448 tamen
3019 2403 3146 2446 non
3186 2384 3691 2465 distinguuntur,
3724 2401 3932 2466 quum

2422 2484 2774 2566 unicuique
2851 2483 3084 2547 divinae
3155 2501 3439 2564 personae
3515 2481 3926 2545 conveniant.

2422 2582 2732 2664 Denique,
2785 2601 2986 2663 quum
3030 2588 3320 2644 auctores
3369 2580 3692 2663 opinionis
3737 2579 3930 2644 istius

2423 2698 2550 2743 non
2593 2679 2920 2762 proferant
2968 2699 3108 2761 quae
3156 2679 3285 2741 sint
3333 2679 3750 2761 proprietates
3794 2678 3929 2742 inae

2422 2778 2728 2842 absolutae
2759 2796 2874 2860 per
2919 2796 3075 2859 quas
3113 2777 3597 2858 distinguuntur
3633 2794 3930 2859 personae

2424 2877 2777 2940 secundum
2809 2893 2940 2950 eos,
2976 2875 3227 2938 videtur
3263 2892 3485 2939 eorum
3525 2874 3746 2957 opinio
3780 2893 3930 2938 esse

813 2970 1165 3034 Richardus
1232 2989 1307 3033 ac
1374 2972 1665 3034 doctores
1724 2971 2089 3035 scholastici
2150 2991 2315 3054 pene
2345 2971 2388 3035 C
2428 2974 2711 3052 ficticia;
2757 2974 2809 3036 si
2859 2981 3074 3036 autem
3123 2973 3338 3036 dicant
3385 2973 3555 3056 quod
3604 2973 3926 3054 ignorant,

814 3087 1061 3144 omneS‚
1107 3069 1508 3132 concorditer
1557 3070 1805 3132 docent.
1850 3070 2062 3133 Nihilo
2100 3071 2315 3132 minus

816 3166 1196 3230 Guillelmus
1226 3166 1597 3230 Parisiensis
1640 3166 1803 3230 libro
1843 3186 1959 3230 suo
1997 3168 2076 3230 de
2116 3168 2318 3231 Trini-

814 3273 940 3327 tate
998 3264 1285 3328 affirmat
1342 3283 1417 3328 ac
1480 3264 1751 3347 probare
1810 3273 2095 3338 conatur,
2147 3266 2316 3348 quod

814 3380 1103 3446 personae
1132 3363 1367 3426 divinae
1398 3362 1883 3443 distinguuntur
1914 3382 2029 3445 per
2065 3363 2316 3426 absolu-

813 3468 899 3535 ta,
933 3467 997 3522 et
1026 3462 1195 3543 quod
1238 3461 1460 3524 relatio
1505 3480 1624 3524 nec
1657 3462 1722 3523 in
1752 3460 1879 3524 Deo
1918 3480 2037 3524 nec
2079 3462 2143 3524 in
2184 3482 2316 3526 cre-

814 3559 1015 3621 aturis
1062 3559 1308 3641 aliquid
1356 3560 1441 3621 sit
1486 3559 1674 3622 reale.
1737 3559 1936 3633 Quem
1991 3561 2315 3624 doctorem

819 3657 1030 3731 laudo,
1059 3657 1170 3719 sed
1201 3657 1267 3719 in
1298 3657 1421 3720 hoc
1450 3675 1577 3719 non
1610 3657 1835 3720 laudo:
1862 3657 1994 3721 imo
2024 3657 2143 3722 hoc
2175 3659 2320 3721 ulti-

818 3773 995 3816 mum
1025 3753 1166 3836 ejus
1193 3754 1666 3837 verbum‚quod
1698 3755 1943 3819 scilicet
1973 3755 2197 3821 relatio
2227 3756 2318 3820 nil

818 3854 991 3917 dicat
1030 3852 1219 3925 reale,
1254 3861 1475 3916 contra
1518 3854 2005 3919 excellentiores
2044 3855 2320 3938 philoso—

823 3952 981 4035 phos
1003 3960 1101 4015 est
1118 3959 1309 4034 atque
1329 3952 1679 4033 theologoS,
1701 3961 1772 4014 ut
1792 3953 2048 4036 copiose
2070 3962 2133 4016 et
2151 3954 2319 4017 clare

558 4069 681 4125 ομ.
706 4067 792 4119 xx,
821 4058 1147 4114 ostensum
1180 4057 1277 4113 est
1313 4050 1489 4112 alibi.
1524 4050 1645 4112 Alii
1690 4058 1984 4114 asserunt
2023 4070 2319 4135 personas

528 4145 573 4238 ξ]
602 4131 796 4175 '¹⁴⁸²‘
822 4148 1128 4229 distingui
1180 4167 1295 4230 per
1351 4147 1724 4211 differentes
1774 4149 1995 4211 modos
2044 4148 2320 4212 habendi
2349 4152 2398 4214 D
2429 4152 2603 4214 niam
2635 4170 2829 4234 super
2860 4151 3143 4233 primum
3174 4151 3669 4226 Sententiarum,
3700 4151 3926 4214 distin-
4005 4168 4235 4224 enan.
4294 4169 4295 4218 ζ

822 4247 1162 4309 essentiam
1202 4263 1215 4307 :
1251 4247 1555 4327 quoniam
1587 4245 1767 4310 Pater
1795 4246 1988 4310 habet
2016 4265 2157 4309 eam
2187 4267 2224 4310 a
2253 4267 2320 4310 se

822 4344 1063 4427 ipso,id
1092 4351 1189 4406 est
1219 4359 1347 4406 non
1377 4342 1456 4405 ab
1486 4343 1857 4420 ali03Filius
1888 4363 1925 4406 a
1954 4344 2087 4407 solo
2116 4345 2316 4421 Patre,

818 4441 1093 4525 Spiritus
1124 4441 1389 4503 Sanctus
1420 4440 1501 4503 ab
1533 4448 1820 4522 utroque.
1841 4441 2073 4505 Verum
2107 4442 2189 4505 ab
2219 4444 2318 4506 his

816 4539 1297 4612 sciscitandum,
1331 4539 1486 4620 quid
1517 4539 1735 4601 dicant
1770 4557 1911 4602 esse
1950 4539 2065 4602 hos
2099 4542 2317 4605 modos

813 4635 1091 4700 habendi
1122 4636 1492 4712 essentiam,
1516 4656 1596 4699 an
1629 4637 1782 4719 quid
1814 4637 2202 4712 absolutum,
2236 4659 2316 4702 an

812 4735 1244 4818 respectivum
1290 4751 1305 4796 τ
1349 4735 1401 4796 si
1451 4735 1607 4817 quid
1653 4735 2035 4810 absolutum,
2083 4737 2317 4819 impro-

810 4833 999 4897 batur
1028 4833 1150 4896 hoc
1180 4832 1423 4896 dictum
1456 4833 1623 4896 sicut
1653 4841 2036 4915 praenarrata
2062 4835 2312 4916 opini03

810 4933 864 4996 si
899 4931 1671 5014 respectivum,coincidit
1701 4951 1849 4994 cum
1880 4951 2030 4994 vera
2059 4950 2313 5015 respon—

812 5031 1010 5094 sione.
1061 5029 1276 5112 Aliqui
1326 5047 1581 5112 quoque
1625 5029 1943 5104 dixerunt,
1996 5032 2166 5112 quod
2218 5050 2312 5094 re-

812 5129 1079 5192 lationes
1144 5134 1294 5190 sunt
1361 5128 1515 5208 ipsae
1588 5145 1893 5209 personae,
1962 5135 2176 5191 tamen
2245 5130 2310 5192 in

2427 3093 2545 3136 nec
2575 3072 2713 3135 sine
2743 3072 3128 3136 revelatione
3167 3080 3404 3154 queant
3444 3072 3723 3154 agnosci,
3754 3089 3931 3154 quae-

2425 3172 2588 3234 ritur
2629 3171 2798 3233 unde
2841 3171 2963 3253 ipsi
3008 3170 3301 3233 noverint
3345 3188 3451 3233 eas
3491 3178 3602 3232 aut
3639 3187 3780 3232 esse
3820 3188 3930 3233 co-

2425 3277 2754 3351 gnoscant,
2795 3287 2994 3350 quum
3041 3286 3249 3350 neque
3292 3288 3369 3331 ex
3412 3268 3780 3350 ScripturiS,
3813 3287 3928 3330 ne-

2427 3386 2554 3450 que
2597 3385 2674 3429 ex
2718 3365 2952 3428 sanctis
2997 3365 3373 3429 Ductoribus
3421 3385 3602 3428 suam
3650 3365 3932 3448 probent

2430 3463 2823 3546 opinionem,
2885 3464 3017 3526 imo
3073 3483 3149 3526 ex
3209 3463 3558 3545 Scripturis
3614 3469 3678 3526 et
3733 3463 3930 3527 dictis

2428 3564 2803 3627 Sanctorum
2835 3561 3140 3644 probetur
3176 3563 3567 3644 oppositum,
3599 3581 3718 3626 nec
3757 3561 3931 3625 inni-

2427 3668 2645 3724 tantur
2694 3660 2818 3722 nisi
2871 3659 3394 3742 persuasionibus
3443 3660 3716 3744 propriae
3775 3661 3930 3722 rati-

2429 3759 2570 3823 onis
2628 3765 2692 3822 et
2746 3758 3311 3822 adinventionibus
3357 3758 3930 3838 argumentationis

2429 3857 2725 3920 humanae
2759 3874 2774 3918 ε
2809 3856 2978 3938 quod
3011 3856 3076 3919 in
3107 3855 3374 3920 materia
3401 3855 3559 3920 fidei
3596 3855 3780 3919 valde
3823 3874 3931 3920 ca-

2431 3956 2711 4019 vendum
2753 3961 2868 4018 est.

2509 4054 2682 4117 Hanc
2738 4053 3235 4135 disputationem
3285 4053 3390 4116 hic
3435 4062 3722 4136 amputo,
3773 4071 3930 4135 quo·

2429 4249 2639 4313 ctione
2682 4249 2988 4313 vicesima
3029 4257 3226 4325 sexta,
3269 4248 3506 4313 diffuse
3549 4257 3925 4332 prosecutus

2429 4368 2571 4412 sum
2616 4367 2780 4412 eam.

2741 4557 3259 4622 PROPOSITIO
3305 4557 3588 4622 XXVII.

2505 4741 2599 4807 In
2637 4739 3363 4820 sapei-beatissimis
3399 4743 3759 4822 personis
3795 4748 3921 4812 est

2423 4839 2684 4904 omnis
2712 4836 3062 4919 perfecta
3091 4851 3182 4904 ao
3210 4840 3486 4905 sancta
3515 4841 3722 4906 ratio
3750 4857 3923 4909 mu·

2422 4937 2585 5004 tuae
2651 4936 3106 5002 dilectionis
3174 4937 3496 5016 penitus
3558 4938 3920 5020 infinitae,

2422 5035 2718 5100 mutuae
2777 5047 3084 5114 quoque
3141 5035 3734 5115 complacentiae
3791 5053 3922 5105 su-

2423 5131 3068 5212 perdulotssimae‚
3112 5145 3205 5198 ao
3245 5135 3550 5200 mutuae
3592 5133 3919 5215 perfrm-

812 5224 1129 5289 abstracto
1186 5223 1621 5307 proferuntur,
1666 5224 1849 5305 juxta
1905 5227 2167 5291 modum
2227 5227 2309 5292 lo·
2416 5230 2664 5298 tionis
2699 5228 3874 5311 interminabiliter-gaudiosae.

3957 4245 4010 4285 p.
4031 4232 4236 4274 sistra

3955 4307 4000 4338 ε.
4294 4311 4295 4322 ³
