<?xml version="1.0" encoding="UTF-8"?>
<!DOCTYPE html PUBLIC "-//W3C//DTD XHTML 1.0 Transitional//EN"
    "http://www.w3.org/TR/xhtml1/DTD/xhtml1-transitional.dtd">
<html xmlns="http://www.w3.org/1999/xhtml" xml:lang="en" lang="en">
 <head>
  <title>
</title>
<meta http-equiv="Content-Type" content="text/html;charset=utf-8" />
  <meta name='ocr-system' content='tesseract 3.04.00' />
  <meta name='ocr-capabilities' content='ocr_page ocr_carea ocr_par ocr_line ocrx_word'/>
</head>
<body>
  <div class='ocr_page' id='page_1' title='image "./doctorisecstati05unkngoog_0541.png"; bbox 0 0 4300 6259; ppageno 0'>
   <div class='ocr_carea' id='block_1_1' title="bbox 918 491 2798 550">
    <p class='ocr_par' dir='ltr' id='par_1_1' title="bbox 918 491 2798 550">
     <span class='ocr_line' id='line_1_1' title="bbox 918 491 2798 550; baseline 0.001 -12"><span class='ocrx_word' id='word_1_1' title='bbox 918 492 999 538; x_wconf 67' lang='lat' dir='ltr'>DE</span> <span class='ocrx_word' id='word_1_2' title='bbox 1038 491 1265 540; x_wconf 66' lang='lat' dir='ltr'>munta</span> <span class='ocrx_word' id='word_1_3' title='bbox 1306 491 1689 540; x_wconf 73' lang='lat' dir='ltr'>cmusnANAE</span> <span class='ocrx_word' id='word_1_4' title='bbox 1730 491 2035 550; x_wconf 73' lang='lat' dir='ltr'>Tnnonffl,</span> <span class='ocrx_word' id='word_1_5' title='bbox 2078 492 2255 540; x_wconf 72' lang='lat' dir='ltr'>LIBER</span> <span class='ocrx_word' id='word_1_6' title='bbox 2296 493 2360 540; x_wconf 83' lang='lat' dir='ltr'>n.</span> <span class='ocrx_word' id='word_1_7' title='bbox 2405 511 2486 524; x_wconf 88' lang='grc'>--</span> <span class='ocrx_word' id='word_1_8' title='bbox 2527 493 2668 540; x_wconf 78' lang='lat' dir='ltr'>ART.</span> <span class='ocrx_word' id='word_1_9' title='bbox 2717 492 2798 540; x_wconf 86' lang='lat' dir='ltr'>cn</span> 
     </span>
    </p>
   </div>
   <div class='ocr_carea' id='block_1_2' title="bbox 3287 477 3407 540">
    <p class='ocr_par' dir='ltr' id='par_1_2' title="bbox 3287 477 3407 540">
     <span class='ocr_line' id='line_1_2' title="bbox 3287 477 3407 540; baseline 0 0"><span class='ocrx_word' id='word_1_10' title='bbox 3287 477 3407 540; x_wconf 74' lang='lat'>513</span> 
     </span>
    </p>
   </div>
   <div class='ocr_carea' id='block_1_3' title="bbox 306 660 3411 744">
    <p class='ocr_par' dir='ltr' id='par_1_3' title="bbox 306 660 3411 744">
     <span class='ocr_line' id='line_1_3' title="bbox 306 660 3411 744; baseline 0.001 -21"><span class='ocrx_word' id='word_1_11' title='bbox 306 667 406 723; x_wconf 87' lang='lat' dir='ltr'>est</span> <span class='ocrx_word' id='word_1_12' title='bbox 432 661 547 743; x_wconf 89' lang='lat' dir='ltr'>qui</span> <span class='ocrx_word' id='word_1_13' title='bbox 578 661 785 744; x_wconf 85' lang='lat' dir='ltr'>ipsam</span> <span class='ocrx_word' id='word_1_14' title='bbox 816 661 1079 724; x_wconf 90' lang='lat' dir='ltr'>daturus</span> <span class='ocrx_word' id='word_1_15' title='bbox 1108 668 1206 725; x_wconf 85' lang='lat' dir='ltr'>est</span> <span class='ocrx_word' id='word_1_16' title='bbox 1238 679 1251 724; x_wconf 92' lang='lat'><strong>:</strong></span> <span class='ocrx_word' id='word_1_17' title='bbox 1284 661 1579 744; x_wconf 85' lang='lat' dir='ltr'>quamvis</span> <span class='ocrx_word' id='word_1_18' title='bbox 1607 660 1807 726; x_wconf 88' lang='lat' dir='ltr'>Rabbi</span> <span class='ocrx_word' id='word_1_19' title='bbox 1836 661 1885 724; x_wconf 87' lang='lat' dir='ltr'>A</span> <span class='ocrx_word' id='word_1_20' title='bbox 1917 661 1981 724; x_wconf 86' lang='lat' dir='ltr'>di</span> <span class='ocrx_word' id='word_1_21' title='bbox 2024 667 2121 724; x_wconf 91' lang='lat' dir='ltr'>est</span> <span class='ocrx_word' id='word_1_22' title='bbox 2162 661 2400 744; x_wconf 84' lang='lat' dir='ltr'>duplex</span> <span class='ocrx_word' id='word_1_23' title='bbox 2447 680 2462 724; x_wconf 78' lang='grc' dir='ltr'><strong><em>ε</em></strong></span> <span class='ocrx_word' id='word_1_24' title='bbox 2511 681 2638 726; x_wconf 89' lang='lat' dir='ltr'>una</span> <span class='ocrx_word' id='word_1_25' title='bbox 2679 663 3034 724; x_wconf 90' lang='lat' dir='ltr'>secundum</span> <span class='ocrx_word' id='word_1_26' title='bbox 3081 661 3275 742; x_wconf 87' lang='lat' dir='ltr'>hujus</span> <span class='ocrx_word' id='word_1_27' title='bbox 3317 663 3411 725; x_wconf 86' lang='lat' dir='ltr'>vi-</span> 
     </span>
    </p>
   </div>
   <div class='ocr_carea' id='block_1_4' title="bbox 305 758 1808 1824">
    <p class='ocr_par' dir='ltr' id='par_1_4' title="bbox 305 758 1616 840">
     <span class='ocr_line' id='line_1_4' title="bbox 305 758 1616 840; baseline -0.001 -19"><span class='ocrx_word' id='word_1_28' title='bbox 305 758 553 840; x_wconf 73' lang='lat' dir='ltr'>Moyses</span> <span class='ocrx_word' id='word_1_29' title='bbox 582 759 753 822; x_wconf 89' lang='lat' dir='ltr'>dicat</span> <span class='ocrx_word' id='word_1_30' title='bbox 782 759 977 823; x_wconf 87' lang='lat' dir='ltr'>coelos</span> <span class='ocrx_word' id='word_1_31' title='bbox 1006 777 1133 822; x_wconf 91' lang='lat' dir='ltr'>non</span> <span class='ocrx_word' id='word_1_32' title='bbox 1166 759 1616 822; x_wconf 80' lang='lat' dir='ltr'>immutandos,</span> 
     </span>
    </p>

    <p class='ocr_par' dir='ltr' id='par_1_5' title="bbox 306 855 1808 1824">
     <span class='ocr_line' id='line_1_5' title="bbox 386 855 1807 938; baseline 0.001 -19"><span class='ocrx_word' id='word_1_33' title='bbox 386 856 455 919; x_wconf 91' lang='lat' dir='ltr'>Si</span> <span class='ocrx_word' id='word_1_34' title='bbox 494 865 801 938; x_wconf 66' lang='lat' dir='ltr'>praeterea</span> <span class='ocrx_word' id='word_1_35' title='bbox 839 857 1035 929; x_wconf 80' lang='lat' dir='ltr'>dicaS‚</span> <span class='ocrx_word' id='word_1_36' title='bbox 1078 855 1369 919; x_wconf 80' lang='lat' dir='ltr'>ordinem</span> <span class='ocrx_word' id='word_1_37' title='bbox 1406 863 1471 918; x_wconf 91' lang='lat' dir='ltr'>et</span> <span class='ocrx_word' id='word_1_38' title='bbox 1510 857 1807 920; x_wconf 82' lang='lat' dir='ltr'>decorem</span> 
     </span>
     <span class='ocr_line' id='line_1_6' title="bbox 308 955 1807 1038; baseline 0.001 -21"><span class='ocrx_word' id='word_1_39' title='bbox 308 955 597 1017; x_wconf 85' lang='lat' dir='ltr'>universi</span> <span class='ocrx_word' id='word_1_40' title='bbox 654 955 719 1017; x_wconf 92' lang='lat' dir='ltr'>in</span> <span class='ocrx_word' id='word_1_41' title='bbox 778 955 1119 1038; x_wconf 87' lang='lat' dir='ltr'>speciebus</span> <span class='ocrx_word' id='word_1_42' title='bbox 1185 955 1409 1017; x_wconf 90' lang='lat' dir='ltr'>mundi</span> <span class='ocrx_word' id='word_1_43' title='bbox 1476 955 1807 1038; x_wconf 88' lang='lat' dir='ltr'>potissime</span> 
     </span>
     <span class='ocr_line' id='line_1_7' title="bbox 309 1052 1807 1126; baseline 0.001 -12"><span class='ocrx_word' id='word_1_44' title='bbox 309 1052 635 1116; x_wconf 84' lang='lat' dir='ltr'>constitui.</span> <span class='ocrx_word' id='word_1_45' title='bbox 697 1053 961 1126; x_wconf 76' lang='lat' dir='ltr'>Rursu8‚</span> <span class='ocrx_word' id='word_1_46' title='bbox 1020 1053 1335 1116; x_wconf 87' lang='lat' dir='ltr'>naturalia</span> <span class='ocrx_word' id='word_1_47' title='bbox 1398 1053 1643 1116; x_wconf 90' lang='lat' dir='ltr'>entium</span> <span class='ocrx_word' id='word_1_48' title='bbox 1704 1054 1807 1116; x_wconf 90' lang='lat' dir='ltr'>de-</span> 
     </span>
     <span class='ocr_line' id='line_1_8' title="bbox 307 1150 1807 1234; baseline 0.001 -22"><span class='ocrx_word' id='word_1_49' title='bbox 307 1150 543 1213; x_wconf 87' lang='lat' dir='ltr'>sideria</span> <span class='ocrx_word' id='word_1_50' title='bbox 572 1151 1039 1233; x_wconf 89' lang='lat' dir='ltr'>protenduntur</span> <span class='ocrx_word' id='word_1_51' title='bbox 1065 1150 1145 1213; x_wconf 90' lang='lat' dir='ltr'>ad</span> <span class='ocrx_word' id='word_1_52' title='bbox 1174 1169 1430 1234; x_wconf 83' lang='lat' dir='ltr'>semper</span> <span class='ocrx_word' id='word_1_53' title='bbox 1456 1168 1625 1214; x_wconf 89' lang='lat' dir='ltr'>esse:</span> <span class='ocrx_word' id='word_1_54' title='bbox 1646 1171 1807 1213; x_wconf 91' lang='lat' dir='ltr'>nun·</span> 
     </span>
     <span class='ocr_line' id='line_1_9' title="bbox 308 1247 1807 1332; baseline 0.001 -22"><span class='ocrx_word' id='word_1_55' title='bbox 308 1267 504 1331; x_wconf 87' lang='lat' dir='ltr'>quam</span> <span class='ocrx_word' id='word_1_56' title='bbox 563 1249 757 1330; x_wconf 83' lang='lat' dir='ltr'>igitur</span> <span class='ocrx_word' id='word_1_57' title='bbox 809 1249 1076 1312; x_wconf 91' lang='lat' dir='ltr'>omnino</span> <span class='ocrx_word' id='word_1_58' title='bbox 1128 1247 1555 1331; x_wconf 80' lang='lat' dir='ltr'>disperibunt,</span> <span class='ocrx_word' id='word_1_59' title='bbox 1604 1268 1807 1332; x_wconf 90' lang='lat' dir='ltr'>quum</span> 
     </span>
     <span class='ocr_line' id='line_1_10' title="bbox 308 1347 1801 1412; baseline 0 -2"><span class='ocrx_word' id='word_1_60' title='bbox 308 1347 599 1410; x_wconf 86' lang='lat' dir='ltr'>naturale</span> <span class='ocrx_word' id='word_1_61' title='bbox 638 1347 1029 1411; x_wconf 88' lang='lat' dir='ltr'>desiderium</span> <span class='ocrx_word' id='word_1_62' title='bbox 1073 1347 1364 1412; x_wconf 85' lang='lat' dir='ltr'>frustrari</span> <span class='ocrx_word' id='word_1_63' title='bbox 1407 1366 1533 1411; x_wconf 94' lang='lat' dir='ltr'>non</span> <span class='ocrx_word' id='word_1_64' title='bbox 1578 1348 1801 1412; x_wconf 85' lang='lat' dir='ltr'>valeat.</span> 
     </span>
     <span class='ocr_line' id='line_1_11' title="bbox 306 1445 1805 1529; baseline 0.001 -21"><span class='ocrx_word' id='word_1_65' title='bbox 306 1445 421 1508; x_wconf 89' lang='lat' dir='ltr'>llla</span> <span class='ocrx_word' id='word_1_66' title='bbox 484 1446 729 1529; x_wconf 88' lang='lat' dir='ltr'>quippe</span> <span class='ocrx_word' id='word_1_67' title='bbox 786 1447 853 1508; x_wconf 91' lang='lat' dir='ltr'>in</span> <span class='ocrx_word' id='word_1_68' title='bbox 911 1447 1135 1509; x_wconf 89' lang='lat' dir='ltr'>mundi</span> <span class='ocrx_word' id='word_1_69' title='bbox 1204 1446 1613 1510; x_wconf 84' lang='lat' dir='ltr'>innovatione</span> <span class='ocrx_word' id='word_1_70' title='bbox 1678 1464 1805 1510; x_wconf 93' lang='lat' dir='ltr'>non</span> 
     </span>
     <span class='ocr_line' id='line_1_12' title="bbox 308 1542 1808 1627; baseline 0.001 -23"><span class='ocrx_word' id='word_1_71' title='bbox 308 1549 557 1606; x_wconf 87' lang='lat' dir='ltr'>tantum</span> <span class='ocrx_word' id='word_1_72' title='bbox 608 1561 738 1606; x_wconf 91' lang='lat' dir='ltr'>non</span> <span class='ocrx_word' id='word_1_73' title='bbox 787 1542 1111 1626; x_wconf 86' lang='lat' dir='ltr'>peribunt,</span> <span class='ocrx_word' id='word_1_74' title='bbox 1164 1563 1305 1627; x_wconf 83' lang='lat' dir='ltr'>quae</span> <span class='ocrx_word' id='word_1_75' title='bbox 1356 1543 1577 1604; x_wconf 89' lang='lat' dir='ltr'>mundi</span> <span class='ocrx_word' id='word_1_76' title='bbox 1628 1561 1808 1606; x_wconf 89' lang='lat' dir='ltr'>orna-</span> 
     </span>
     <span class='ocr_line' id='line_1_13' title="bbox 310 1641 1807 1724; baseline 0 -20"><span class='ocrx_word' id='word_1_77' title='bbox 310 1649 523 1704; x_wconf 88' lang='lat' dir='ltr'>menta</span> <span class='ocrx_word' id='word_1_78' title='bbox 566 1648 739 1716; x_wconf 86' lang='lat' dir='ltr'>sunt,</span> <span class='ocrx_word' id='word_1_79' title='bbox 770 1641 881 1705; x_wconf 87' lang='lat' dir='ltr'>sed</span> <span class='ocrx_word' id='word_1_80' title='bbox 930 1641 1281 1706; x_wconf 88' lang='lat' dir='ltr'>manebunt</span> <span class='ocrx_word' id='word_1_81' title='bbox 1323 1641 1535 1724; x_wconf 91' lang='lat' dir='ltr'>potius</span> <span class='ocrx_word' id='word_1_82' title='bbox 1572 1643 1673 1722; x_wconf 89' lang='lat' dir='ltr'>(ut</span> <span class='ocrx_word' id='word_1_83' title='bbox 1716 1643 1807 1706; x_wconf 89' lang='lat' dir='ltr'>vi-</span> 
     </span>
     <span class='ocr_line' id='line_1_14' title="bbox 309 1741 1807 1824; baseline 0.001 -21"><span class='ocrx_word' id='word_1_84' title='bbox 309 1741 525 1819; x_wconf 82' lang='lat' dir='ltr'>detur)</span> <span class='ocrx_word' id='word_1_85' title='bbox 577 1759 770 1823; x_wconf 90' lang='lat' dir='ltr'>quam</span> <span class='ocrx_word' id='word_1_86' title='bbox 828 1741 972 1804; x_wconf 92' lang='lat' dir='ltr'>alia.</span> <span class='ocrx_word' id='word_1_87' title='bbox 1032 1741 1153 1804; x_wconf 87' lang='lat' dir='ltr'>Sed</span> <span class='ocrx_word' id='word_1_88' title='bbox 1210 1741 1577 1815; x_wconf 88' lang='lat' dir='ltr'>dicendum,</span> <span class='ocrx_word' id='word_1_89' title='bbox 1636 1742 1807 1824; x_wconf 89' lang='lat' dir='ltr'>quod</span> 
     </span>
    </p>
   </div>
   <div class='ocr_carea' id='block_1_5' title="bbox 1913 759 3414 1824">
    <p class='ocr_par' dir='ltr' id='par_1_6' title="bbox 1913 759 3414 1726">
     <span class='ocr_line' id='line_1_15' title="bbox 1915 759 3412 838; baseline -0.002 -14"><span class='ocrx_word' id='word_1_90' title='bbox 1915 767 1994 824; x_wconf 77' lang='lat' dir='ltr'>tae</span> <span class='ocrx_word' id='word_1_91' title='bbox 2026 759 2391 823; x_wconf 78' lang='lat' dir='ltr'>instabilem</span> <span class='ocrx_word' id='word_1_92' title='bbox 2434 761 2839 838; x_wconf 85' lang='lat' dir='ltr'>discursum3</span> <span class='ocrx_word' id='word_1_93' title='bbox 2873 760 3152 822; x_wconf 90' lang='lat' dir='ltr'>secunda</span> <span class='ocrx_word' id='word_1_94' title='bbox 3189 778 3412 822; x_wconf 89' lang='lat' dir='ltr'>secun·</span> 
     </span>
     <span class='ocr_line' id='line_1_16' title="bbox 1916 856 3413 938; baseline 0.001 -20"><span class='ocrx_word' id='word_1_95' title='bbox 1916 856 2067 919; x_wconf 91' lang='lat' dir='ltr'>dum</span> <span class='ocrx_word' id='word_1_96' title='bbox 2100 857 2382 920; x_wconf 87' lang='lat' dir='ltr'>futuram</span> <span class='ocrx_word' id='word_1_97' title='bbox 2423 858 2899 920; x_wconf 84' lang='lat' dir='ltr'>renovationem</span> <span class='ocrx_word' id='word_1_98' title='bbox 2937 875 2951 918; x_wconf 79' lang='lat' dir='ltr'>t</span> <span class='ocrx_word' id='word_1_99' title='bbox 2985 857 3172 938; x_wconf 84' lang='lat' dir='ltr'>cujus</span> <span class='ocrx_word' id='word_1_100' title='bbox 3213 864 3413 920; x_wconf 90' lang='lat' dir='ltr'>status</span> 
     </span>
     <span class='ocr_line' id='line_1_17' title="bbox 1916 954 3414 1038; baseline 0.001 -22"><span class='ocrx_word' id='word_1_101' title='bbox 1916 954 2228 1036; x_wconf 79' lang='lat' dir='ltr'>perfectio</span> <span class='ocrx_word' id='word_1_102' title='bbox 2269 957 2334 1018; x_wconf 91' lang='lat' dir='ltr'>iu</span> <span class='ocrx_word' id='word_1_103' title='bbox 2368 955 2968 1038; x_wconf 87' lang='lat' dir='ltr'>incorruptibilibus</span> <span class='ocrx_word' id='word_1_104' title='bbox 3013 955 3220 1017; x_wconf 84' lang='lat' dir='ltr'>solum</span> <span class='ocrx_word' id='word_1_105' title='bbox 3266 973 3414 1018; x_wconf 92' lang='lat' dir='ltr'>con-</span> 
     </span>
     <span class='ocr_line' id='line_1_18' title="bbox 1915 1052 3412 1135; baseline 0.001 -21"><span class='ocrx_word' id='word_1_106' title='bbox 1915 1054 2113 1115; x_wconf 87' lang='lat' dir='ltr'>sistet.</span> <span class='ocrx_word' id='word_1_107' title='bbox 2136 1053 2296 1114; x_wconf 88' lang='lat' dir='ltr'>Hinc</span> <span class='ocrx_word' id='word_1_108' title='bbox 2327 1072 2542 1115; x_wconf 91' lang='lat' dir='ltr'>rerum</span> <span class='ocrx_word' id='word_1_109' title='bbox 2573 1052 3026 1135; x_wconf 88' lang='lat' dir='ltr'>corruptibiles</span> <span class='ocrx_word' id='word_1_110' title='bbox 3057 1052 3305 1134; x_wconf 87' lang='lat' dir='ltr'>species</span> <span class='ocrx_word' id='word_1_111' title='bbox 3333 1053 3412 1115; x_wconf 91' lang='lat' dir='ltr'>ad</span> 
     </span>
     <span class='ocr_line' id='line_1_19' title="bbox 1914 1152 3412 1236; baseline 0 -22"><span class='ocrx_word' id='word_1_112' title='bbox 1914 1152 2377 1234; x_wconf 85' lang='lat' dir='ltr'>perfectionem</span> <span class='ocrx_word' id='word_1_113' title='bbox 2425 1153 2633 1234; x_wconf 88' lang='lat' dir='ltr'>primo</span> <span class='ocrx_word' id='word_1_114' title='bbox 2681 1153 2870 1215; x_wconf 91' lang='lat' dir='ltr'>modo</span> <span class='ocrx_word' id='word_1_115' title='bbox 2917 1152 3152 1215; x_wconf 89' lang='lat' dir='ltr'>dictam</span> <span class='ocrx_word' id='word_1_116' title='bbox 3202 1153 3412 1236; x_wconf 90' lang='lat' dir='ltr'>requi-</span> 
     </span>
     <span class='ocr_line' id='line_1_20' title="bbox 1914 1250 3410 1332; baseline 0.001 -20"><span class='ocrx_word' id='word_1_117' title='bbox 1914 1258 2166 1324; x_wconf 79' lang='lat' dir='ltr'>matur,</span> <span class='ocrx_word' id='word_1_118' title='bbox 2181 1268 2307 1312; x_wconf 91' lang='lat' dir='ltr'>non</span> <span class='ocrx_word' id='word_1_119' title='bbox 2337 1258 2550 1313; x_wconf 86' lang='lat' dir='ltr'>autem</span> <span class='ocrx_word' id='word_1_120' title='bbox 2583 1250 2662 1312; x_wconf 91' lang='lat' dir='ltr'>ad</span> <span class='ocrx_word' id='word_1_121' title='bbox 2694 1250 3152 1332; x_wconf 86' lang='lat' dir='ltr'>perfectionem</span> <span class='ocrx_word' id='word_1_122' title='bbox 3186 1250 3410 1314; x_wconf 90' lang='lat' dir='ltr'>mundi</span> 
     </span>
     <span class='ocr_line' id='line_1_21' title="bbox 1913 1348 3408 1431; baseline -0.001 -19"><span class='ocrx_word' id='word_1_123' title='bbox 1913 1349 2196 1412; x_wconf 89' lang='lat' dir='ltr'>secundo</span> <span class='ocrx_word' id='word_1_124' title='bbox 2255 1349 2442 1412; x_wconf 90' lang='lat' dir='ltr'>modo</span> <span class='ocrx_word' id='word_1_125' title='bbox 2497 1356 2845 1431; x_wconf 83' lang='lat' dir='ltr'>acceptam.</span> <span class='ocrx_word' id='word_1_126' title='bbox 2899 1348 3218 1411; x_wconf 82' lang='lat' dir='ltr'>Naturalia</span> <span class='ocrx_word' id='word_1_127' title='bbox 3265 1367 3408 1431; x_wconf 88' lang='lat' dir='ltr'>pro-</span> 
     </span>
     <span class='ocr_line' id='line_1_22' title="bbox 1916 1445 3407 1528; baseline 0.002 -21"><span class='ocrx_word' id='word_1_128' title='bbox 1916 1445 2062 1508; x_wconf 84' lang='lat' dir='ltr'>inde</span> <span class='ocrx_word' id='word_1_129' title='bbox 2108 1446 2626 1528; x_wconf 91' lang='lat' dir='ltr'>corruptibilium</span> <span class='ocrx_word' id='word_1_130' title='bbox 2667 1446 2984 1508; x_wconf 90' lang='lat' dir='ltr'>desideria</span> <span class='ocrx_word' id='word_1_131' title='bbox 3021 1446 3184 1508; x_wconf 88' lang='lat' dir='ltr'>ultra</span> <span class='ocrx_word' id='word_1_132' title='bbox 3221 1445 3407 1510; x_wconf 90' lang='lat' dir='ltr'>coele-</span> 
     </span>
     <span class='ocr_line' id='line_1_23' title="bbox 1913 1544 3408 1608; baseline -0.001 0"><span class='ocrx_word' id='word_1_133' title='bbox 1913 1551 2041 1608; x_wconf 88' lang='lat' dir='ltr'>stes</span> <span class='ocrx_word' id='word_1_134' title='bbox 2100 1553 2309 1608; x_wconf 90' lang='lat' dir='ltr'>motus</span> <span class='ocrx_word' id='word_1_135' title='bbox 2371 1562 2496 1606; x_wconf 91' lang='lat' dir='ltr'>non</span> <span class='ocrx_word' id='word_1_136' title='bbox 2557 1544 3010 1606; x_wconf 89' lang='lat' dir='ltr'>distenduntur</span> <span class='ocrx_word' id='word_1_137' title='bbox 3069 1563 3082 1606; x_wconf 92' lang='lat'><strong>:</strong></span> <span class='ocrx_word' id='word_1_138' title='bbox 3142 1545 3222 1606; x_wconf 91' lang='lat' dir='ltr'>ab</span> <span class='ocrx_word' id='word_1_139' title='bbox 3281 1545 3408 1607; x_wconf 88' lang='lat' dir='ltr'>illis</span> 
     </span>
     <span class='ocr_line' id='line_1_24' title="bbox 1914 1643 3064 1726; baseline -0.001 -21"><span class='ocrx_word' id='word_1_140' title='bbox 1914 1662 2193 1726; x_wconf 88' lang='lat' dir='ltr'>namque</span> <span class='ocrx_word' id='word_1_141' title='bbox 2221 1643 2584 1726; x_wconf 90' lang='lat' dir='ltr'>dependent</span> <span class='ocrx_word' id='word_1_142' title='bbox 2613 1651 2677 1705; x_wconf 87' lang='lat' dir='ltr'>et</span> <span class='ocrx_word' id='word_1_143' title='bbox 2705 1650 3064 1705; x_wconf 90' lang='lat' dir='ltr'>causantur.</span> 
     </span>
    </p>

    <p class='ocr_par' dir='ltr' id='par_1_7' title="bbox 1994 1742 3411 1824">
     <span class='ocr_line' id='line_1_25' title="bbox 1994 1742 3411 1824; baseline 0.001 -20"><span class='ocrx_word' id='word_1_144' title='bbox 1994 1742 2139 1804; x_wconf 84' lang='lat' dir='ltr'>Haec</span> <span class='ocrx_word' id='word_1_145' title='bbox 2187 1760 2339 1823; x_wconf 86' lang='lat' dir='ltr'>ergo</span> <span class='ocrx_word' id='word_1_146' title='bbox 2390 1743 2513 1804; x_wconf 88' lang='lat' dir='ltr'>erit</span> <span class='ocrx_word' id='word_1_147' title='bbox 2553 1742 2776 1805; x_wconf 91' lang='lat' dir='ltr'>mundi</span> <span class='ocrx_word' id='word_1_148' title='bbox 2818 1742 3230 1804; x_wconf 89' lang='lat' dir='ltr'>consistentia</span> <span class='ocrx_word' id='word_1_149' title='bbox 3268 1750 3411 1824; x_wconf 90' lang='lat' dir='ltr'>post</span> 
     </span>
    </p>
   </div>
   <div class='ocr_carea' id='block_1_6' title="bbox 310 1838 3410 1924">
    <p class='ocr_par' dir='ltr' id='par_1_8' title="bbox 310 1838 3410 1924">
     <span class='ocr_line' id='line_1_26' title="bbox 310 1838 3410 1924; baseline 0 -22"><span class='ocrx_word' id='word_1_150' title='bbox 310 1840 546 1922; x_wconf 86' lang='lat' dir='ltr'>duplex</span> <span class='ocrx_word' id='word_1_151' title='bbox 574 1841 933 1921; x_wconf 83' lang='lat' dir='ltr'>assignatur</span> <span class='ocrx_word' id='word_1_152' title='bbox 970 1839 1279 1924; x_wconf 79' lang='lat' dir='ltr'>perfectio</span> <span class='ocrx_word' id='word_1_153' title='bbox 1316 1839 1599 1902; x_wconf 89' lang='lat' dir='ltr'>hominis</span> <span class='ocrx_word' id='word_1_154' title='bbox 1632 1857 1646 1902; x_wconf 73' lang='grc' dir='ltr'><strong><em>ε</em></strong></span> <span class='ocrx_word' id='word_1_155' title='bbox 1682 1859 1809 1904; x_wconf 86' lang='lat' dir='ltr'>una</span> <span class='ocrx_word' id='word_1_156' title='bbox 1839 1842 1887 1906; x_wconf 95' lang='lat' dir='ltr'><strong>B</strong></span> <span class='ocrx_word' id='word_1_157' title='bbox 1918 1839 2111 1902; x_wconf 83' lang='lat' dir='ltr'>finale</span> <span class='ocrx_word' id='word_1_158' title='bbox 2139 1839 2458 1920; x_wconf 85' lang='lat' dir='ltr'>judicium</span> <span class='ocrx_word' id='word_1_159' title='bbox 2481 1840 2606 1901; x_wconf 88' lang='lat' dir='ltr'>:sie</span> <span class='ocrx_word' id='word_1_160' title='bbox 2637 1839 2811 1902; x_wconf 90' lang='lat' dir='ltr'>enim</span> <span class='ocrx_word' id='word_1_161' title='bbox 2843 1838 3158 1921; x_wconf 87' lang='lat' dir='ltr'>disponet,</span> <span class='ocrx_word' id='word_1_162' title='bbox 3192 1839 3297 1901; x_wconf 89' lang='lat' dir='ltr'>cui</span> <span class='ocrx_word' id='word_1_163' title='bbox 3328 1841 3410 1903; x_wconf 90' lang='lat' dir='ltr'>sit</span> 
     </span>
    </p>
   </div>
   <div class='ocr_carea' id='block_1_7' title="bbox 310 1938 1808 2021">
    <p class='ocr_par' dir='ltr' id='par_1_9' title="bbox 310 1938 1808 2021">
     <span class='ocr_line' id='line_1_27' title="bbox 310 1938 1808 2021; baseline 0 -19"><span class='ocrx_word' id='word_1_164' title='bbox 310 1939 518 2021; x_wconf 86' lang='lat' dir='ltr'>quoad</span> <span class='ocrx_word' id='word_1_165' title='bbox 548 1938 691 2020; x_wconf 85' lang='lat' dir='ltr'>ejus</span> <span class='ocrx_word' id='word_1_166' title='bbox 732 1939 1243 2018; x_wconf 84' lang='lat' dir='ltr'>institutionem3</span> <span class='ocrx_word' id='word_1_167' title='bbox 1276 1938 1557 2001; x_wconf 88' lang='lat' dir='ltr'>secunda</span> <span class='ocrx_word' id='word_1_168' title='bbox 1598 1940 1808 2021; x_wconf 89' lang='lat' dir='ltr'>quoad</span> 
     </span>
    </p>
   </div>
   <div class='ocr_carea' id='block_1_8' title="bbox 313 2037 1809 2121">
    <p class='ocr_par' dir='ltr' id='par_1_10' title="bbox 313 2037 1809 2121">
     <span class='ocr_line' id='line_1_28' title="bbox 313 2037 1809 2121; baseline 0.001 -23"><span class='ocrx_word' id='word_1_169' title='bbox 313 2037 513 2121; x_wconf 87' lang='lat' dir='ltr'>ipsius</span> <span class='ocrx_word' id='word_1_170' title='bbox 550 2038 1106 2119; x_wconf 80' lang='lat' dir='ltr'>glorificationem.</span> <span class='ocrx_word' id='word_1_171' title='bbox 1140 2037 1241 2101; x_wconf 88' lang='lat' dir='ltr'>Sic</span> <span class='ocrx_word' id='word_1_172' title='bbox 1281 2038 1591 2120; x_wconf 85' lang='lat' dir='ltr'>perfectio</span> <span class='ocrx_word' id='word_1_173' title='bbox 1628 2057 1809 2101; x_wconf 89' lang='lat' dir='ltr'>mun-</span> 
     </span>
    </p>
   </div>
   <div class='ocr_carea' id='block_1_9' title="bbox 1916 1938 3410 2102">
    <p class='ocr_par' dir='ltr' id='par_1_11' title="bbox 1916 1938 3410 2102">
     <span class='ocr_line' id='line_1_29' title="bbox 1916 1938 3410 2020; baseline 0.001 -18"><span class='ocrx_word' id='word_1_174' title='bbox 1916 1939 2127 2002; x_wconf 90' lang='lat' dir='ltr'>omnis</span> <span class='ocrx_word' id='word_1_175' title='bbox 2171 1938 2374 2003; x_wconf 91' lang='lat' dir='ltr'>honor</span> <span class='ocrx_word' id='word_1_176' title='bbox 2421 1947 2485 2001; x_wconf 84' lang='lat' dir='ltr'>et</span> <span class='ocrx_word' id='word_1_177' title='bbox 2519 1939 2744 2020; x_wconf 80' lang='lat' dir='ltr'>gloria,</span> <span class='ocrx_word' id='word_1_178' title='bbox 2789 1939 2956 2002; x_wconf 86' lang='lat' dir='ltr'>Deus</span> <span class='ocrx_word' id='word_1_179' title='bbox 3004 1938 3302 2002; x_wconf 88' lang='lat' dir='ltr'>sublimis</span> <span class='ocrx_word' id='word_1_180' title='bbox 3345 1947 3410 2004; x_wconf 89' lang='lat' dir='ltr'>et</span> 
     </span>
     <span class='ocr_line' id='line_1_30' title="bbox 1917 2038 2570 2102; baseline -0.002 -2"><span class='ocrx_word' id='word_1_181' title='bbox 1917 2038 2313 2102; x_wconf 85' lang='lat' dir='ltr'>benedictus.</span> <span class='ocrx_word' id='word_1_182' title='bbox 2345 2039 2570 2101; x_wconf 89' lang='lat' dir='ltr'>Amen.</span> 
     </span>
    </p>
   </div>
   <div class='ocr_carea' id='block_1_10' title="bbox 850 3219 2866 3278">
    <p class='ocr_par' dir='ltr' id='par_1_12' title="bbox 850 3219 2866 3278">
     <span class='ocr_line' id='line_1_31' title="bbox 850 3219 2866 3278; baseline 0.002 -6"><span class='ocrx_word' id='word_1_183' title='bbox 850 3223 1038 3274; x_wconf 80' lang='lat' dir='ltr'><strong>FINIS</strong></span> <span class='ocrx_word' id='word_1_184' title='bbox 1086 3219 1496 3272; x_wconf 78' lang='lat' dir='ltr'>TRACTATUS</span> <span class='ocrx_word' id='word_1_185' title='bbox 1547 3220 1641 3270; x_wconf 78' lang='lat' dir='ltr'>DE</span> <span class='ocrx_word' id='word_1_186' title='bbox 1676 3221 1953 3274; x_wconf 79' lang='lat' dir='ltr'>LUulNE</span> <span class='ocrx_word' id='word_1_187' title='bbox 2002 3223 2457 3276; x_wconf 79' lang='lat' dir='ltr'>CHRISTIANAE</span> <span class='ocrx_word' id='word_1_188' title='bbox 2507 3227 2866 3278; x_wconf 84' lang='lat' dir='ltr'>THEORIAE.</span> 
     </span>
    </p>
   </div>
   <div class='ocr_carea' id='block_1_11' title="bbox 571 5423 739 5476">
    <p class='ocr_par' dir='ltr' id='par_1_13' title="bbox 571 5423 739 5476">
     <span class='ocr_line' id='line_1_32' title="bbox 571 5423 739 5476; baseline -0.012 0"><span class='ocrx_word' id='word_1_189' title='bbox 571 5423 636 5476; x_wconf 89' lang='grc' dir='ltr'>Τ.</span> <span class='ocrx_word' id='word_1_190' title='bbox 662 5423 739 5475; x_wconf 78' lang='grc'>33.</span> 
     </span>
    </p>
   </div>
   <div class='ocr_carea' id='block_1_12' title="bbox 3097 5428 3160 5478">
    <p class='ocr_par' dir='ltr' id='par_1_14' title="bbox 3097 5428 3160 5478">
     <span class='ocr_line' id='line_1_33' title="bbox 3097 5428 3160 5478; baseline 0.016 -1"><span class='ocrx_word' id='word_1_191' title='bbox 3097 5428 3160 5478; x_wconf 82' lang='grc'>33</span> 
     </span>
    </p>
   </div>
  </div>
 </body>
</html>
