4300 6259
879 501 1000 565 260

1471 521 1552 566 DE
1593 518 1820 566 LUMINE
1863 515 2247 565 CHRISTIANAE
2286 515 2589 571 THEORIAE,
2632 514 2811 560 mmm
2852 516 2893 560 1.
2939 534 3019 544 —
3060 516 3201 562 ΛΒΤ.
3246 518 3396 562 xxvl

881 689 1030 752 inde
1075 689 1490 771 gubernetur,
1542 688 1894 752 se'cundum
1953 685 2378 750 Aristotelem.
2407 683 2460 746 A
2491 685 2645 746 ordo
2701 693 2767 746 et
2822 684 3177 749 essentialis
3235 685 3677 748 subordinatio
3724 685 3966 767 disperi-

877 787 1096 871 Itaque
1146 788 1213 850 in
1256 787 1478 850 ordine
1522 787 1688 849 entis
1730 793 1794 848 et
1840 785 2012 858 boni,
2056 784 2234 847 omni
2278 802 2384 844 en-

878 885 1058 948 titate
1115 893 1178 948 et
1236 884 1519 947 bonitate
1578 883 2054 966 imperfectiora
2117 882 2195 943 ad
2258 881 2383 965 pri—

881 1002 1061 1046 mum
1120 991 1184 1046 et
1239 983 1532 1046 divinum
1591 1001 1704 1045 ens
1765 978 2050 1044 converti
2117 997 2379 1042 necesse

881 1081 1136 1164 penitus
1172 1088 1290 1154 est,
1323 1081 1562 1162 alioqui
1601 1098 1728 1143 non
1766 1080 1888 1142 erit
1927 1079 2080 1141 ordo
2119 1077 2230 1140 ille
2273 1096 2378 1139 ne-

879 1179 1193 1242 cessarius
1227 1197 1240 1240 :
1280 1179 1437 1241 ordo
1473 1178 1714 1261 quippe
1748 1196 1960 1240 rerum
1990 1176 2254 1239 omnino
2286 1175 2379 1236 in-

878 1277 1272 1340 dissolubilis
1319 1284 1432 1340 est.
1487 1276 1794 1358 Denique,
1843 1293 2033 1338 omne
2081 1274 2253 1356 quod
2300 1273 2377 1334 ad

875 1375 1049 1438 aliud
1109 1375 1470 1438 necessario
1527 1374 1941 1446 convertitur,
2004 1371 2381 1452 indispergi-

876 1473 1072 1536 bilem
1119 1474 1197 1536 ad
1238 1475 1450 1556 ipsum
1492 1473 1953 1536 connexionem
1987 1469 2249 1542 habenS,
2286 1471 2377 1531 in-

877 1571 1050 1653 diget
1079 1590 1156 1635 eo
1180 1589 1193 1633 :
1217 1571 1353 1634 haec
1385 1589 1662 1653 namque
1694 1568 2027 1633 conversio
2057 1567 2378 1651 appetitus

875 1677 1003 1749 est3
1034 1670 1356 1751 appetitus
1386 1687 1539 1732 vero
1571 1667 1966 1731 necessitatis
1997 1673 2061 1729 et
2093 1666 2380 1746 indigen-

873 1767 979 1830 tiae
1035 1774 1150 1829 est.
1208 1766 1434 1830 Omnia
1490 1784 1641 1846 ergo
1701 1765 2009 1846 indigent,
2053 1771 2115 1826 et
2159 1781 2376 1825 neces-

2490 781 2668 844 bunt.
2704 783 2767 844 Si
2801 801 2951 846 vero
2981 783 3197 846 otiosae
3227 791 3435 856 erunt,
3466 790 3823 866 sequuntur
3848 801 3966 846 om-

2490 881 2595 944 nia
2638 900 2780 963 quae
2817 883 2949 963 jam
2995 883 3387 964 praeinducta
3428 889 3579 945 sunt
3621 882 3967 944 inconveni-

2489 980 2980 1061 entialnsuper,
3000 979 3305 1062 possibile
3334 981 3455 1042 erit
3487 989 3744 1042 naturas
3774 998 3967 1042 rerum

2489 1084 2550 1139 et
2598 1095 2759 1150 esse,
2812 1083 2875 1138 et
2921 1077 3153 1140 otiosas
3212 1095 3351 1140 esse
3405 1097 3520 1139 seu
3570 1077 3733 1140 nihil
3778 1095 3965 1157 agere.

2488 1175 2769 1238 Primum
2820 1174 2994 1237 enim
3043 1193 3236 1256 agens
3284 1175 3605 1237 influxum
3659 1195 3841 1236 suum
3884 1175 3970 1236 eis

2490 1272 2862 1334 subtrahere
2907 1281 3135 1356 potest,
3180 1292 3379 1355 quum
3434 1273 3519 1335 sit
3568 1292 3763 1354 agens
3811 1281 3971 1334 extra

2490 1390 2690 1452 genus
2739 1377 2803 1432 et
2852 1370 3149 1442 liberum,
3202 1379 3271 1432 ut
3331 1373 3647 1453 posterius
3708 1371 3971 1434 introdu-

2489 1477 2687 1532 cetur.
2732 1469 2860 1531 Hoc
2899 1486 3088 1551 porro
3124 1468 3315 1542 facto,
3355 1470 3565 1531 adhuc
3605 1477 3841 1532 naturae
3884 1486 3971 1531 se·

2490 1567 2841 1630 cundorum
2876 1566 3351 1629 indissolubiles
3382 1575 3777 1649 permanent,
3792 1585 3971 1648 quum

2492 1665 2995 1746 independenter
3024 1671 3085 1726 et
3115 1683 3192 1727 ex
3224 1683 3291 1727 se
3322 1664 3695 1738 subsistant,
3734 1684 3969 1726 causam

2488 1780 2615 1825 non
2660 1762 2984 1825 habentes,

875 1865 1105 1926 sariam
1157 1864 1650 1945 dependentiam
1693 1862 1932 1924 habent
1968 1862 2045 1923 ad
2092 1861 2375 1942 primum
2404 1857 2451 1919 B
2566 1861 2879 1943 AmpliuS,
2937 1860 3105 1942 quod
3152 1859 3244 1922 rei
3296 1879 3411 1942 per
3458 1879 3525 1924 se
3574 1868 3639 1923 et
3686 1860 3972 1923 essentia-

875 1981 1007 2024 ens.
1044 1961 1480 2025 Secundorum
1516 1962 1730 2044 itaque
1761 1959 2070 2043 perfectio
2099 1978 2136 2020 a
2168 1957 2375 2040 primo

874 2067 1020 2122 ente
1050 2059 1385 2140 dependet.
1408 2058 1528 2121 Sed
1560 2059 1640 2120 ab
1671 2058 1896 2120 eodem
1930 2056 2119 2118 habet
2154 2075 2251 2117 res
2284 2074 2376 2116 es-

873 2173 941 2216 se
970 2162 1034 2216 et
1066 2154 1228 2216 bene
1259 2172 1398 2217 esse
1433 2172 1446 2216 :
1480 2154 1784 2236 quoniam
1829 2152 1910 2214 ab
1955 2153 2178 2214 eodem
2226 2157 2375 2212 sunt

870 2261 1048 2314 actus
1093 2253 1340 2334 primus
1385 2260 1448 2314 et
1491 2260 1670 2314 actus
1710 2251 2068 2328 secundus;
2111 2250 2369 2324 iterum,

870 2350 1015 2432 quia
1043 2350 1125 2411 ab
1155 2350 1370 2412 eodem
1400 2348 1592 2411 habet
1621 2366 1805 2411 omne
1837 2367 1949 2410 ens
1981 2367 2118 2410 esse
2150 2356 2214 2409 et
2240 2365 2377 2427 age·

869 2465 978 2527 re3
1023 2467 1266 2521 rursus,
1314 2447 1616 2530 quoniam
1656 2446 1840 2508 nulla.
1877 2453 2100 2508 natura
2143 2463 2372 2526 expers

869 2555 966 2608 est
996 2546 1268 2608 naturali
1296 2546 1569 2620 actione,
1604 2553 1772 2607 esset
1804 2544 1974 2607 enim
2017 2543 2253 2605 frustra
2280 2542 2371 2604 :si

869 2645 1064 2726 igitur
1094 2644 1355 2707 haberet
1384 2665 1420 2706 a
1450 2662 1518 2707 se
1557 2663 1696 2706 esse
1736 2651 1800 2706 et
1838 2660 1966 2705 non
2007 2642 2170 2704 bene
2209 2660 2369 2716 esse,

869 2751 1037 2806 esset
1078 2744 1430 2806 secundum
1473 2761 1540 2805 se
1588 2743 1850 2805 omnino
1899 2741 2136 2804 frustra
2171 2747 2235 2802 et
2282 2740 2379 2801 in-

869 2861 1006 2904 ane.
1046 2841 1344 2905 Omnium
1377 2842 1586 2905 denuo
1618 2842 1845 2904 horum
1889 2840 2048 2902 ratio
2078 2846 2176 2900 est
2200 2855 2212 2899 :
2234 2856 2372 2900 esse

870 2958 1146 3021 namque
1208 2939 1731 3002 formalissimum
1791 2946 1908 3010 est,
1961 2945 2025 3000 et
2080 2936 2371 2999 omnium

2489 1959 2634 2021 liter
2691 1959 3009 2033 convenit,
3070 1959 3333 2022 omnino
3402 1958 3821 2041 inseparabile
3884 1966 3973 2020 est

2488 2063 2551 2118 et
2600 2063 3001 2138 perpetuum.
3054 2055 3117 2118 Si
3168 2073 3317 2136 ergo
3374 2056 3588 2138 aliqua
3644 2057 3802 2118 citra
3856 2056 3971 2137 pri-

2488 2172 2664 2216 mum
2711 2153 3104 2236 principium
3150 2152 3388 2215 habent
3430 2155 3783 2216 increatum
3818 2173 3966 2225 esse,

2486 2253 2564 2314 ad
2597 2251 2769 2313 illius
2810 2250 3118 2314 fixionem
3160 2251 3338 2314 nullo
3376 2260 3565 2332 egent
3603 2253 3965 2315 extrinseco.

2485 2351 2610 2411 Aut
2664 2367 2814 2430 ergo
2872 2348 3111 2411 habent
3165 2369 3203 2411 a
3258 2350 3623 2432 semetipsis
3680 2351 3969 2412 virtutem

2485 2448 2708 2528 agendi
2762 2454 2825 2509 et
2875 2447 3034 2510 bene
3083 2466 3244 2522 esse,
3291 2455 3401 2509 aut
3445 2466 3591 2511 non.
3642 2447 3705 2510 Si
3749 2447 3973 2510 habent

2485 2566 2521 2607 a
2564 2565 2631 2608 se
2678 2546 2856 2628 ipsis,
2894 2546 3158 2608 omnino
3202 2545 3445 2607 nullam
3491 2545 3729 2608 habent
3770 2565 3973 2608 neces-

2485 2644 2734 2708 sitatem
2786 2645 2979 2726 primi
3028 2645 3217 2720 entis,
3268 2652 3332 2707 et
3379 2645 3590 2707 omnis
3640 2647 3795 2709 ordo
3840 2665 3970 2708 cau-

2483 2762 2696 2805 sarum
2728 2751 2791 2805 et
2821 2750 3241 2817 causatorum,
3268 2744 3663 2806 moventium
3694 2754 3759 2806 et
3787 2753 3973 2807 moto-

2482 2861 2619 2904 rum
2654 2841 2891 2923 peribit
2914 2859 2930 2920 ;
2953 2850 3062 2904 aut
3094 2849 3263 2904 certe
3294 2841 3559 2905 omnino
3588 2842 3972 2905 dissolubilis

2483 2947 2545 3002 et
2590 2948 2978 3022 spontaneus
3028 2941 3169 3012 erit,
3214 2959 3341 3003 non
3390 2940 3733 3003 exsistente
3778 2942 3973 3023 primo

871 3037 1296 3100 secundorum
1346 3036 1792 3108 substantifica
1846 3036 2044 3106 radix.
2099 3034 2163 3096 Si
2224 3050 2373 3114 ergo
2405 3032 2449 3097 C
2484 3039 2587 3100 cui
2620 3057 2879 3101 necesse
2910 3038 2994 3100 sit
3022 3037 3283 3100 obedire
3315 3038 3631 3102 secundae.
3666 3039 3731 3102 Si
3770 3047 3969 3102 autem

870 3133 1062 3196 habet
1110 3134 1352 3215 aliquid
1397 3153 1434 3195 a
1477 3152 1545 3195 se
1589 3134 1729 3217 ipso
1779 3134 1899 3196 hoc
1951 3133 2122 3215 quod
2168 3139 2375 3194 actua-

872 3231 1188 3294 lissimum
1221 3239 1338 3304 est,
1372 3232 1616 3294 scilicet
1655 3251 1815 3306 esse,
1849 3230 2173 3313 quomodo
2212 3228 2373 3309 fingi

871 3337 1078 3412 potest
1109 3331 1320 3413 ipsum
1352 3348 1477 3393 non
1509 3330 1744 3394 habere
1774 3350 1811 3392 a
1839 3349 1906 3392 se
1946 3329 2116 3412 quod
2159 3328 2373 3390 minus

870 3427 1224 3509 perfectum
1259 3429 1760 3511 estfpraesertim
1793 3446 1994 3511 quum
2026 3425 2237 3488 omnis
2270 3444 2375 3487 na-

869 3533 1008 3588 tura
1055 3534 1118 3590 et
1163 3528 1409 3609 species
1454 3528 1806 3589 secundum
1855 3525 2228 3607 dignitatem
2273 3522 2373 3584 sui

871 3643 1012 3688 esse
1050 3625 1132 3688 sit
1171 3624 1444 3688 fecunda
1487 3627 1565 3688 ad
1607 3625 1895 3707 proprias
1941 3631 2004 3686 et
2044 3621 2373 3704 generales

872 3723 1346 3806 perfectiones:
1391 3724 1746 3807 proprietas
1795 3723 1967 3786 enim
2021 3722 2112 3783 rei
2161 3741 2197 3782 a
2254 3718 2374 3781 dif-

871 3822 1144 3886 ferentia
1201 3822 1369 3885 fluit.
1433 3823 1839 3905 Relinquitur
1895 3822 2090 3902 igitur
2148 3837 2375 3881 unum·

871 3921 1170 4006 quodque
1212 3920 1293 3983 ab
1339 3938 1413 3982 eo
1458 3919 1692 3983 habere
1736 3938 1898 3992 esse,
1933 3920 2013 3981 ad
2055 3918 2228 4000 quod
2270 3918 2373 3980 de-

872 4019 1106 4101 pendet
1163 4018 1228 4080 in
1287 4018 1385 4081 sui
1443 4037 1582 4080 esse
1644 4017 1922 4079 bonitate
1983 4023 2044 4078 et
2101 4015 2373 4078 naturali

873 4115 1284 4199 perfectione.
1331 4116 1668 4197 Quumque
1710 4115 1787 4177 ad
1830 4115 2113 4196 primum
2160 4114 2375 4176 omnia

2482 3154 2607 3199 non
2660 3136 2897 3198 habent
2944 3156 2981 3198 a
3030 3155 3097 3199 se
3146 3136 3310 3199 bene
3358 3155 3522 3212 esse,
3572 3144 3729 3200 tunc
3790 3157 3865 3200 ex
3912 3156 3973 3200 se

2479 3234 2808 3297 habebunt
2846 3233 3339 3317 possibilitatem
3380 3241 3448 3296 ut
3487 3234 3617 3297 sint
3659 3235 3800 3298 sine
3837 3253 3973 3318 ope·

2482 3333 2747 3407 ratione,
2782 3332 3018 3395 frustra
3047 3332 3348 3395 videlicet
3377 3341 3441 3396 et
3470 3333 3711 3396 otiose:
3748 3334 3973 3396 habent

2481 3430 2655 3493 enim
2706 3449 2783 3492 ex
2837 3449 2904 3492 se
2952 3430 3397 3493 necessitatem
3446 3430 3524 3492 ad
3574 3449 3735 3506 esse,
3782 3431 3972 3495 omni-

2482 3529 2735 3591 modam
2777 3547 2929 3591 vero
2969 3528 3469 3610 contingentiam
3508 3529 3587 3591 ad
3628 3531 3971 3593 naturalem

2482 3627 2964 3708 perfectionem.
2999 3627 3127 3689 Hoc
3157 3635 3371 3689 autem
3402 3635 3499 3690 est
3531 3628 3927 3710 impossibile
3958 3646 3971 3690 :

2484 3727 2574 3787 sic
2619 3727 2791 3788 enim
2838 3725 3145 3788 haberent
3183 3743 3260 3788 ex
3301 3744 3368 3787 se
3410 3727 3855 3790 necessitatem
3892 3746 3976 3789 es-

2482 3825 2685 3898 sendi,
2717 3832 2782 3887 et
2811 3824 3301 3906 possibilitatem
3330 3824 3409 3886 ad
3450 3842 3578 3887 non
3616 3843 3777 3888 esse.
3810 3826 3973 3899 Quod

2483 3940 2759 4004 namque
2791 3941 2867 3984 ex
2896 3940 2963 3984 se
2995 3921 3301 4005 possibile
3332 3930 3430 3984 est
3460 3923 3694 4004 privari
3730 3923 3977 4005 propria

2482 4020 2731 4083 actione
2776 4029 2841 4082 et
2886 4019 3303 4102 perfectione,
3350 4037 3426 4083 eo
3477 4021 3617 4103 ipso
3659 4041 3789 4102 quo
3837 4022 3973 4094 tale,

2484 4117 2791 4201 possibile
2840 4125 2938 4180 est
2986 4134 3111 4180 non
3162 4135 3325 4191 esse,
3378 4137 3577 4199 quum
3636 4119 3727 4181 nil
3789 4120 3977 4201 possit

872 4221 1322 4277 convertantur
1378 4221 1441 4276 et
1500 4212 2031 4275 indissolubiliter
2078 4212 2375 4274 ordinen·
2404 4215 2453 4276 D
2484 4236 2622 4279 esse
2663 4216 2917 4279 frustra.
2954 4216 3081 4278 Hoc
3121 4223 3333 4278 autem
3376 4224 3475 4278 est
3516 4216 3774 4289 frustra,
3816 4217 3975 4300 quod

869 4320 996 4386 tur,
1050 4329 1310 4374 necesse
1371 4318 1468 4373 est
1524 4311 1813 4372 omnium
1871 4328 2010 4372 esse
2069 4328 2104 4372 a
2165 4310 2373 4391 primo

871 4409 1276 4493 profluxisse.

950 4508 1277 4580 Praeterea,
1311 4507 1363 4569 si
1409 4507 1834 4568 secundorum
1879 4506 2092 4587 aliqua
2135 4506 2372 4568 habent

871 4608 1226 4669 increatum
1284 4623 1444 4680 esse,
1507 4605 1886 4685 investigare
1946 4611 2189 4666 rectum
2250 4613 2365 4679 est,

870 4713 1084 4768 utrum
1129 4704 1354 4766 talium
1405 4710 1646 4765 naturae
1690 4704 2040 4765 secundum
2087 4720 2155 4763 se
2200 4702 2369 4784 ipsas

869 4804 1302 4876 consideratae,
1347 4809 1412 4864 et
1460 4801 1669 4883 primo
1711 4808 1856 4863 ente
1901 4819 2014 4882 per
2056 4801 2366 4863 rationem

869 4902 1196 4984 paulisper
1227 4908 1472 4964 semoto
1511 4899 1591 4962 ab
1637 4900 1873 4974 animo,
1908 4905 2096 4962 erunt
2125 4898 2364 4975 otiosae,

869 5001 967 5063 vel
997 5000 1349 5063 secundum
1383 4999 1887 5062 convenientiam
1919 4998 2192 5080 propriae
2224 4997 2367 5060 sub·

869 5098 1172 5161 sistentiae
1221 5104 1575 5180 operantes,
1632 5097 1694 5159 Si
1745 5096 1952 5158 adhuc
2003 5103 2157 5157 tunc
2217 5113 2366 5178 ope-

869 5197 1202 5270 rabuntur,
1264 5214 1390 5259 non
1449 5196 1808 5258 necessario
1866 5195 2232 5277 dependent
2286 5196 2363 5257 ad

868 5296 1150 5378 primum
1181 5294 1387 5380 quoad
1419 5293 1582 5355 bene
1614 5311 1790 5356 esse:
1825 5293 2038 5376 itaque
2068 5293 2362 5356 omnium

2482 4316 2683 4376 finem
2747 4331 2871 4376 non
2924 4313 3115 4376 habet
3167 4332 3369 4395 neque
3419 4313 3483 4376 in
3536 4314 3773 4377 bonum
3822 4315 3977 4378 ordi-

2484 4420 2688 4474 natur.
2724 4411 2898 4485 Quod
2931 4429 3082 4474 vero
3112 4411 3251 4473 sine
3280 4411 3529 4474 actione
3560 4419 3654 4475 est
3684 4412 3971 4486 naturali,

2482 4509 2927 4591 hujuscemodi
2973 4515 3090 4583 est,
3131 4509 3434 4591 quoniam
3478 4510 3975 4593 unumquodque

2482 4627 2596 4690 per
2626 4608 3058 4690 operationem
3092 4606 3423 4689 proprium
3463 4606 3663 4669 finem
3704 4608 3969 4689 attingit,

2480 4715 2552 4767 ut
2580 4706 2646 4768 in
2680 4704 2842 4768 libro
2881 4705 2959 4766 de
2990 4704 3162 4767 Coelo
3201 4704 3477 4766 ostendit
3506 4704 3923 4789 Philosophus
3952 4723 3967 4766 z

2482 4805 2632 4879 imo,
2677 4811 2747 4864 ut
2796 4804 2964 4865 idem
3014 4803 3123 4876 ait,
3166 4801 3441 4864 felicitas
3494 4803 3556 4863 in
3610 4804 3969 4885 operatione

2479 4901 2788 4963 consistit.
2823 4901 3065 4981 Nempe
3096 4899 3539 4962 necessitatem
3588 4901 3839 4963 essendi
3872 4902 3969 4963 ha-

2478 4997 2585 5060 bet
2626 4998 2867 5080 aliquid
2890 4985 2981 5060 'eo
3012 4997 3152 5078 ipso
3195 5013 3322 5078 quo
3367 4996 3742 5060 increatum.
3780 4999 3967 5060 Habe·

2474 5105 2572 5159 ret
2600 5114 2750 5178 ergo
2781 5115 2857 5158 ex
2890 5115 2956 5158 se
2988 5093 3431 5157 necessitatem
3454 5096 3531 5157 ad
3554 5114 3717 5170 esse,
3740 5105 3806 5160 et
3832 5115 3965 5179 pos-

2474 5195 2842 5258 sibilitatem
2893 5195 2971 5256 ad
3020 5181 3149 5256 non
3199 5212 3339 5256 esse
3385 5210 3398 5254 :
3446 5194 3616 5276 quod
3661 5195 3962 5278 implicat.

2554 5293 2617 5357 Si
2666 5293 2926 5369 dixeriS‚
2971 5299 3043 5354 ut
3083 5291 3343 5374 quidam
3393 5291 3638 5365 dicunt,
3686 5295 3963 5376 primum
