4300 6259
928 514 1008 561 DE
1047 512 1276 560 Lmtmn
1315 509 1700 558 cunisTIANAE
1741 509 2043 568 rmum,
2087 508 2265 556 Lmssn
2306 509 2347 556 1.
2393 525 2475 540 -
2514 510 2653 557 Am.
2698 510 2829 558 xvu

408 688 524 751 Per
547 685 663 749 has
691 687 908 772 itaque
945 685 1260 750 bonitates
1297 691 1364 746 et
1398 682 1826 747 secundorum
1854 683 1907 748 A

333 785 778 868 perfectiones,
825 804 966 868 quae
1013 791 1303 846 naturam
1352 782 1579 845 dicunt
1623 800 1659 843 a
1717 780 1824 842 de—

328 884 774 949 terminatione
806 881 1086 946 materiae
1115 881 1486 954 liberam,et
1511 881 1590 942 ad
1621 877 1824 962 speci·

330 983 492 1046 alem
529 983 820 1046 ordinem
859 1001 974 1046 seu
1011 981 1294 1064 speciem
1339 981 1822 1052 incontractam‚

330 1089 516 1164 atque
575 1083 928 1146 secundum
987 1079 1374 1144 differentias
1429 1077 1821 1140 additionem

332 1179 700 1261 perfectam,
733 1178 1146 1244 nominabilis
1176 1185 1275 1240 est
1302 1177 1490 1249 Deus,
1523 1176 1824 1257 quemad-

333 1277 588 1340 modum
645 1277 924 1340 dicimus
979 1278 1180 1340 Deum
1235 1274 1532 1348 formam,
1581 1280 1819 1346 actum,

333 1373 721 1436 intellectum
779 1383 845 1437 et
892 1373 1110 1436 lumen
1161 1389 1176 1434 t
1229 1371 1296 1434 in
1343 1370 1446 1433 his
1495 1370 1669 1434 enim
1727 1376 1825 1433 631

333 1471 666 1534 sublimior
711 1471 914 1535 divini
964 1489 1104 1534 6336
1145 1469 1516 1533 relucentia.
1565 1467 1659 1532 Ob
1700 1467 1822 1530 1106

333 1589 560 1652 nempe
615 1569 900 1652 plurium
957 1569 1316 1652 specierum
1375 1567 1638 1630 nomina
1693 1566 1822 1630 Deo

330 1667 758 1742 attribuimuS,
809 1686 1082 1750 quorum
1132 1685 1365 1748 genera
1412 1665 1634 1728 divino
1679 1683 1820 1728 esse

331 1765 601 1828 adscribi
671 1774 1021 1849 nequeunt,
1082 1773 1148 1828 et
1213 1763 1588 1828 econtrario.
1650 1763 1821 1826 Inest

3307 489 3425 554 251

2307 741 2795 808 ARTICULUS
2840 741 3058 806 XVII.

1960 894 2056 953 De
2103 891 2919 966 incircumscriptibilitate
2963 899 3025 950 et
3070 888 3405 968 infinitate

2473 981 2697 1040 divini
2739 1000 2889 1041 esse.

2073 1174 2320 1239 UPLlCl
2362 1176 2659 1259 equidem
2703 1177 3046 1240 exsistente
3085 1173 3427 1247 infinitate,

2098 1273 2219 1338 hac
2248 1274 2497 1338 scilicet
2526 1276 2891 1358 molis,quae
2922 1273 3257 1358 quantitati
3288 1289 3430 1335 con-

1930 1372 2122 1452 gruit,
2170 1372 2288 1435 hac
2336 1391 2489 1436 vero
2534 1373 2970 1456 perfectioniS,
3021 1392 3163 1455 quae
3208 1371 3431 1435 formae

1931 1470 2239 1552 competit
2287 1477 2351 1533 61
2398 1471 2592 1544 116161,
2642 1472 2707 1534 id
2756 1471 2875 1534 hoc
2924 1471 3135 1544 modo,
3184 1468 3433 1532 scilicet

1929 1567 2215 1630 secundo
2264 1568 2473 1643 modo,
2526 1569 2846 1633 infinitum
2896 1568 3195 1640 dicimus,
3244 1567 3431 1648 cujus

1930 1664 2243 1748 perfectio
2289 1667 2369 1728 ad
2418 1667 2669 1730 nullum
2725 1667 3075 1730 terminum
3133 1664 3431 1728 determi-

1931 1771 2078 1826 nata
2124 1772 2239 1827 est.
2293 1765 2601 1839 Quoniam
2651 1765 2845 1846 igitur
2889 1784 3063 1828 6666
3120 1762 3435 1827 multifor-

331 1882 600 1946 namquc
655 1864 786 1927 Deo
839 1863 1156 1947 sapientia
1211 1869 1274 1925 et
1339 1861 1629 1936 scientia,
1691 1878 1818 1923 non
1857 1864 1906 1926 B
1933 1863 2122 1926 miter
2164 1863 2665 1926 demonstratum
2712 1871 2829 1936 est,
2862 1863 3153 1926 divinum
3197 1881 3311 1924 663
3347 1859 3429 1923 ob

330 1970 536 2026 autem
593 1963 886 2044 qualitas.
951 1961 1029 2024 Et
1085 1979 1306 2024 rursus
1361 1961 1598 2023 dicitur
1653 1961 1820 2023 Deus

332 2069 566 2124 naturas
607 2060 1082 2134 intellectualis,
1125 2077 1252 2122 606
1295 2067 1512 2122 autem
1555 2057 1822 2121 rationa-

333 2158 422 2220 lis.
483 2159 632 2232 Qum
689 2159 864 2222 enim
923 2157 1274 2221 actualitati
1322 2157 1647 2238 derogant,
1691 2156 1822 2219 Deo

331 2273 448 2318 non
479 2256 883 2319 conveniunt.
900 2256 1148 2338 Quippe
1179 2256 1244 2318 in
1274 2253 1658 2336 quibusdam
1688 2253 1824 2316 uni-

329 2352 648 2416 versalitas
690 2361 788 2416 est
825 2353 1240 2436 perfectionis
1269 2371 1481 2425 causa,
1515 2351 1819 2433 quoniam

330 2450 766 2514 universalitas
802 2451 914 2514 illa
949 2458 1045 2514 est
1084 2451 1168 2514 ob
1207 2449 1574 2514 distantiam
1613 2469 1650 2512 a
1691 2469 1822 2512 ma-

327 2549 478 2611 teria
518 2557 584 2613 et
623 2549 1348 2613 communicabilitatem
1393 2547 1616 2612 formae
1663 2565 1676 2610 t
1723 2548 1818 2611 sic

327 2667 594 2731 namque
623 2667 786 2724 esse,
819 2648 1036 2714 vivere
1066 2655 1131 2710 et
1165 2664 1580 2728 conregnare,
1603 2653 1815 2710 actua-

327 2744 580 2809 lissimae
616 2752 767 2808 sunt
801 2752 867 2809 61
904 2744 1448 2808 communissima>
1479 2743 1812 2807 bonitates,

325 2843 389 2906 In
435 2844 578 2906 aliis
633 2851 848 2906 autem
909 2843 1354 2906 universalitas
1414 2841 1817 2926 imperfectio

327 2949 558 3006 naturae
597 2950 716 3015 est,
757 2943 1058 3024 quoniam
1100 2941 1526 3004 communitas
1569 2941 1680 3003 illa
1720 2948 1818 3003 est

1933 1960 1996 2023 id
2054 1960 2438 2042 simpliciter
2496 1961 2855 2044 perfectum
2915 1961 3071 2034 fore,
3129 1960 3279 2042 quia
3339 1977 3431 2022 se—

1931 2059 2213 2120 cundum
2243 2077 2501 2122 omnem
2542 2061 2793 2124 essendi
2835 2059 3299 2144 plenitudinem
3338 2065 3429 2120 to·

1929 2163 2185 2240 tamque
2216 2157 2627 2239 perfectionis
2656 2157 2859 2241 ipsius
2890 2175 3029 2220 esse
3058 2163 3429 2240 potestatem

1931 2254 2289 2336 perfectum
2338 2263 2475 2334 est3
2520 2263 2767 2320 constat
2812 2257 2982 2339 quod
3020 2255 3252 2318 divinae
3290 2272 3429 2337 per-

1932 2353 2229 2418 fectionis
2285 2354 2439 2418 finis
2496 2355 2713 2419 nullus
2779 2363 2893 2419 631.
2954 2353 3431 2419 Incircumscri-

1931 2452 2179 2535 ptibilis
2231 2460 2328 2516 est
2378 2471 2529 2535 ergo
2575 2454 2793 2518 divina
2841 2454 3117 2518 essentia
3172 2460 3235 2516 et
3289 2452 3429 2533 ejus

1928 2568 2068 2613 6336
2098 2549 2165 2613 in
2196 2549 2546 2614 infinitum.
2583 2552 2909 2626 Praeterea,
2932 2553 3100 2614 Deus
3126 2558 3226 2614 est
3251 2558 3431 2614 actus

1927 2666 2128 2730 purus
2178 2665 2304 2710 non
2354 2657 2649 2730 receptus
2698 2666 2715 2712 τ
2769 2649 3063 2713 infinitus
3112 2655 3209 2712 est
3255 2665 3423 2728 ergo.

1925 2745 2172 2820 Adhuc,
2204 2746 2498 2810 divinum
2540 2766 2681 2810 esse
2726 2767 2935 2831 neque
2979 2767 3093 2832 per
3129 2746 3429 2809 differen-

1925 2843 2080 2906 tiam
2132 2863 2337 2926 neque
2385 2865 2500 2928 per
2548 2847 2897 2928 potentiam
2941 2845 3427 2910 determinabile

1925 2948 2022 3005 est
2056 2959 2070 3004 :
2104 2943 2409 3025 quoniam
2440 2943 2811 3007 differentia
2854 2952 3145 3008 naturam
3174 2944 3427 3025 generis

328 3047 580 3120 propter
617 3039 1023 3113 differentias,
1057 3058 1198 3120 quae
1239 3038 1644 3102 essentialem
1677 3058 1815 3121 per·
1852 3037 1896 3102 C
1925 3039 2006 3102 ad
2053 3040 2539 3104 determinatam
2584 3041 3045 3124 perfectionem
3088 3041 3425 3116 contrahit,

327 3134 658 3200 fectionem
717 3137 1005 3218 largitur,
1055 3136 1548 3200 abstractionem
1601 3153 1616 3198 τ
1673 3136 1816 3199 ideo

323 3252 514 3315 genus
561 3233 974 3317 potentialius
1018 3241 1114 3297 est
1162 3233 1420 3316 specie;
1456 3240 1519 3296 et
1556 3234 1815 3314 derogat

325 3333 532 3398 divino
563 3333 732 3396 actui
763 3333 989 3396 talium
1018 3350 1325 3414 generum
1357 3349 1610 3396 nomen.

395 3432 528 3495 Jam
581 3449 730 3514 ergo
781 3431 991 3514 palam
1039 3439 1156 3504 est,
1206 3430 1380 3512 quod
1425 3430 1668 3512 duplici
1719 3449 1815 3492 ra-

323 3528 486 3592 tione
513 3530 938 3613 quarumdam
969 3528 1435 3612 perfectionum
1465 3536 1818 3592 creatarum

325 3626 688 3690 nominibus
737 3627 952 3709 potius
999 3645 1192 3710 quam
1251 3644 1368 3708 per
1422 3626 1579 3690 alias
1637 3625 1818 3690 honi-

325 3731 472 3788 tates
501 3733 766 3798 creatas,
800 3725 1092 3788 divinum
1125 3744 1238 3788 663
1267 3724 1628 3808 appellatur
1658 3742 1671 3787 :
1705 3731 1818 3787 aut

327 3823 466 3904 quia
507 3823 826 3886 bonitates
871 3823 996 3886 illae
1039 3829 1189 3886 sunt
1232 3822 1506 3886 fontanae
1551 3822 1662 3886 Dei
1707 3823 1814 3886 bo-

325 3921 493 3984 nitati
552 3921 1070 4004 propinquiores,
1131 3928 1432 4004 tanquam
1493 3921 1816 3984 universa-

327 4018 502 4082 liores
545 4019 614 4082 in
657 4019 1065 4102 semetipsis3
1105 4027 1216 4082 aut
1256 4018 1408 4100 quia
1451 4027 1600 4082 sunt
1640 4026 1812 4083 actu-

324 4117 538 4181 aliores
601 4126 666 4181 et
731 4117 1186 4190 distinctioreS,
1255 4133 1381 4181 non
1450 4124 1662 4180 tamen
1732 4117 1812 4180 ad

1926 3138 2301 3221 specificam
2341 3139 2801 3221 perfectionem
2853 3140 3091 3203 finiens
3116 3158 3133 3218 ;
3176 3139 3319 3202 ideo
3367 3139 3425 3203 ei

1926 3236 2096 3316 quod
2156 3236 2603 3300 universaliter
2658 3236 3015 3319 perfectum
3084 3245 3203 3312 est,
3265 3237 3425 3299 ratio

1924 3332 2311 3398 differentiae
2388 3335 2653 3398 omnino
2729 3342 3060 3418 repugnat.
3143 3335 3427 3399 Potentia

1925 3448 2183 3513 quoque
2232 3432 2432 3495 multo
2476 3433 2690 3494 minus
2734 3433 2801 3494 in
2844 3450 3007 3516 puro
3048 3439 3189 3495 actu
3234 3432 3419 3495 cadit.

1927 3531 2094 3592 Deus
2154 3529 2349 3611 igitur
2404 3531 2669 3594 omnino
2726 3531 3022 3594 infinitus
3070 3537 3183 3594 est.
3235 3531 3425 3594 Porro

1926 3635 2070 3691 ante
2121 3627 2461 3709 probatum
2510 3636 2626 3703 est,
2678 3628 3173 3692 intellectualem
3231 3647 3422 3711 appe·

1925 3726 2114 3788 titum
2155 3725 2437 3787 finaliter
2474 3724 2625 3788 ferri
2659 3725 2723 3788 in
2754 3726 3081 3790 infinitum
3126 3725 3365 3790 honum
3403 3742 3418 3788 t

1924 3822 2050 3886 alio
2097 3823 2274 3886 enim
2325 3821 2492 3886 bono
2540 3840 2667 3885 non
2718 3824 3003 3906 repletur
3048 3824 3189 3904 eJus
3240 3843 3421 3906 capa-

1923 3923 2103 3994 citaS‚
2135 3921 2439 4002 quoniam
2471 3921 3011 4003 quemadmodum
3054 3921 3229 3984 omni
3274 3921 3421 3984 fini-

1921 4027 1988 4082 to
2019 4019 2189 4081 bono
2220 4018 2579 4082 intellectus
2608 4018 2799 4081 altius
2838 4019 3077 4082 bonum
3116 4019 3418 4101 concipit,

1923 4117 2017 4180 sic
2065 4124 2130 4180 et
2177 4116 2471 4180 voluntas
2525 4118 2787 4200 appetit.
2834 4119 3000 4180 Deus
3050 4117 3263 4200 igitur,
3308 4118 3417 4200 qui

325 4218 592 4298 speciem
633 4216 1165 4300 specialissimam
1213 4217 1513 4279 limitatae.
1547 4217 1810 4279 Verum·
1845 4219 1898 4285 D
1923 4222 2022 4278 est
2069 4215 2359 4278 omnium
2404 4216 2579 4290 finis,
2630 4216 3200 4300 incircumscriptio
3242 4216 3421 4280 boni-

325 4321 522 4378 tamen
571 4315 634 4378 in
677 4314 981 4379 omnibus
1023 4314 1146 4388 his,
1190 4315 1312 4378 etsi
1355 4331 1588 4378 nomen
1637 4315 1808 4377 idem

324 4421 432 4484 631,
469 4421 696 4476 natura
732 4419 950 4476 tamen
999 4431 1115 4495 per
1163 4413 1376 4495 ipsum
1425 4411 1809 4494 significata,

324 4511 663 4574 secundum
694 4510 1008 4574 rationem
1039 4529 1234 4573 unam
1265 4509 1394 4574 Deo
1421 4517 1488 4573 et
1514 4511 1814 4573 secundis

325 4627 440 4672 non
485 4608 804 4673 convenit.
861 4609 1316 4671 Verumtamen
1364 4607 1514 4671 licet
1571 4616 1812 4673 naturae

323 4715 378 4769 61
431 4707 853 4789 perfectiones
909 4725 1069 4790 quas
1137 4706 1400 4770 nomina
1465 4707 1586 4769 ista
1651 4707 1814 4770 desi·

319 4813 522 4884 gnant,
567 4822 696 4867 non
737 4803 870 4866 sint
912 4803 1184 4866 univoce
1227 4803 1292 4865 in
1339 4803 1469 4866 Deo
1510 4811 1574 4866 et
1623 4811 1813 4887 prout

323 4901 382 4964 in
427 4911 712 4966 nostrum
762 4901 1161 4964 intellectum
1212 4901 1470 4976 cadunt,
1524 4910 1675 4964 sunt
1722 4911 1812 4964 ta—

323 5019 459 5063 men
499 5001 716 5064 verius
756 5001 824 5063 16
864 5001 994 5064 Deo
1031 5019 1226 5082 quam
1267 5001 1331 5063 in
1374 5000 1632 5064 entibus
1675 5019 1810 5065 cre-

319 5099 451 5174 atis,
497 5099 852 5162 secundum
903 5100 1358 5182 proprietatem
1409 5106 1474 5162 et
1531 5099 1808 5181 comple-

321 5205 596 5261 mentum
625 5198 733 5261 rei.
768 5197 892 5261 Sed
921 5197 1000 5261 de
1029 5197 1150 5261 boc
1181 5196 1347 5261 infra
1375 5197 1649 5280 amplior
1687 5197 1812 5262 erit

321 5295 686 5378 explanatio.

1923 4313 2069 4376 tatis
2127 4322 2245 4377 est.
2298 4315 2558 4388 lterum,
2610 4314 2762 4396 quia
2819 4324 3275 4398 praeostensum
3327 4321 3423 4379 est

1923 4412 2124 4473 Deum
2166 4430 2305 4474 esse
2347 4413 2410 4474 id
2448 4431 2577 4494 quo
2614 4411 2707 4474 611
2747 4412 3095 4495 perfectius
3132 4414 3421 4494 majusve

1923 4509 2194 4591 intelligi
2246 4517 2475 4592 potest,
2520 4510 2862 4574 innotescit
2908 4511 3109 4573 Deum
3159 4512 3421 4574 omnino

1923 4608 2255 4671 infinitum
2307 4610 2461 4672 fore.
2516 4609 2804 4691 Insuper,
2856 4617 2999 4691 post
3053 4609 3422 4672 ostendetur

1921 4705 2122 4770 finitae
2190 4705 2412 4768 virtuti
2481 4723 2607 4768 non
2668 4722 2853 4787 posse
2920 4713 3283 4788 competere
3352 4714 3420 4768 ut

1923 4811 2134 4882 creet3
2187 4803 2405 4866 divina
2459 4811 2673 4865 autem
2721 4803 2925 4866 virtus
2974 4803 3416 4867 universorum

1920 4909 2017 4963 631
2060 4901 2332 4963 creatrix
2376 4917 2390 4962 t
2435 4900 2691 4962 infinita
2734 4906 2830 4964 est
2866 4918 3034 4982 ergo.
3079 4901 3422 4964 Enimvero

1920 4999 2213 5061 divinum
2243 5017 2381 5061 esse
2412 4997 2966 5079 simplicissimum
2998 5007 3134 5077 est3
3168 4999 3287 5061 1106
3315 5018 3422 5061 au·

1919 5105 2051 5159 tem
2081 5096 2253 5179 quod
2282 5095 2839 5178 simplicissimum
2870 5105 2983 5172 est,
3015 5097 3295 5161 totaliter
3324 5105 3421 5160 est

1921 5195 2317 5278 ubicumque
2372 5200 2470 5258 est
2529 5209 2544 5255 t
2607 5194 2770 5258 611111
2828 5195 3003 5258 enim
3058 5195 3161 5258 sui
3227 5196 3422 5260 habet

1922 5301 2098 5358 extra
2141 5312 2231 5369 se,
2278 5312 2487 5377 neque
2530 5292 2827 5377 partibile
2870 5300 2985 5356 est.

3452 3649 3536 3689 art.
3559 3657 3647 3688 vui.

3452 4335 3627 4380 ibidem.
