4300 6259
949 531 1028 580 DE
1067 529 1296 578 mmm:
1336 529 1718 578 cuntS'rlANAE
1755 529 2058 586 THEORIAE,
2100 529 2279 576 unna
2321 531 2361 576 1.
2406 549 2487 560 —-
2528 531 2666 578 ΛΒΤ.
2713 531 2875 577 Lxxx

3342 514 3465 580 329

361 705 482 769 atis
509 713 726 769 autem
754 704 1048 768 videmus
1077 703 1412 766 distinctas
1443 700 1860 784 proprietates
1886 698 1940 764 A
1965 701 2198 784 operis.
2232 701 2569 764 Intendere
2596 719 2750 765 vero
2778 709 2841 764 et
2868 710 3169 786 appetere
3198 702 3464 778 bonum,

361 812 426 867 et
461 803 738 867 effectus
775 802 1110 867 distinctos
1146 820 1186 866 a
1219 799 1554 883 principiis
1593 798 1858 862 causali-

362 901 480 964 bus
505 901 857 965 formaliter
884 898 1332 962 differentibus
1362 915 1687 976 emanare3
1709 897 1858 960 hinc

363 1000 646 1062 causales
716 1017 930 1062 rerum
1004 1004 1362 1061 creatarum
1433 996 1859 1080 perfectiones

359 1099 580 1162 divino
636 1116 776 1161 esse
823 1096 944 1161 sub
991 1097 1268 1180 quadam
1316 1095 1498 1178 quasi
1545 1095 1859 1158 distincti-

358 1215 478 1260 one
513 1196 950 1260 attribuimus.
969 1195 1424 1257 Verumtamen
1464 1194 1606 1276 ipso
1643 1212 1858 1255 rerum

357 1295 580 1358 ordine
617 1293 876 1366 eruditi,
908 1301 972 1356 et
1009 1293 1244 1356 divinae
1284 1291 1715 1375 simplicitatis
1749 1309 1860 1353 no·

355 1394 598 1456 tionem
631 1393 961 1466 habentes,
989 1391 1232 1453 scimus
1263 1389 1710 1471 hujuscemodi
1740 1389 1862 1451 dis-

361 1491 734 1554 tinctionem
769 1491 833 1552 in
853 1490 982 1552 Deo
1013 1507 1140 1552 non
1171 1507 1312 1552 esse
1342 1489 1465 1550 nisi
1506 1488 1860 1550 secundum

357 1589 670 1651 rationem
702 1595 768 1651 et
807 1587 1069 1650 modum
1109 1593 1342 1650 nostrae
1384 1586 1636 1649 mentis.
1673 1585 1862 1667 Equi·

357 1689 502 1750 dem
547 1687 942 1750 voluntatem
989 1693 1054 1750 et
1097 1685 1494 1748 intellectum
1537 1684 1860 1747 cernimus

357 1804 644 1848 summas
689 1803 900 1847 rerum
945 1791 1302 1847 creatarum
1344 1783 1482 1846 fore
1527 1782 1860 1866 perfectio—

1969 808 2118 862 sunt
2161 800 2405 884 proprii
2445 808 2623 863 actus
2662 801 3031 876 voluntatiS,
3067 803 3253 883 cujus
3294 802 3470 883 obje-

1969 905 2143 961 ctum
2193 908 2290 961 est
2338 899 2579 962 bonum
2627 899 3102 983 apprehensum
3152 919 3167 962 :
3214 917 3341 962 non
3396 900 3472 963 fit

1969 1014 2118 1078 ergo
2148 996 2475 1060 exsecutio
2504 997 2716 1080 operis
2746 999 2868 1061 nisi
2913 1016 3027 1081 per
3055 998 3467 1073 voluntatem,

1969 1096 2071 1158 cui
2104 1095 2405 1158 convenit
2430 1095 2586 1159 ferri
2617 1096 2681 1158 in
2713 1096 2947 1160 bonum
2973 1097 3467 1180 apprehensum.

1967 1194 2046 1258 At
2089 1213 2241 1258 vero
2285 1195 2452 1258 Deus
2496 1213 2563 1258 se
2606 1195 2819 1276 ipsum
2864 1195 3291 1279 conspicienS,
3326 1215 3470 1260 con·

1969 1294 2316 1375 templatur
2372 1311 2441 1356 se
2502 1312 2729 1376 puram
2776 1312 2849 1356 ac
2899 1294 3467 1376 incircumscripti-

1968 1391 2163 1454 bilem
2212 1391 2345 1454 fore
2396 1391 2743 1454 bonitatem
2793 1409 2808 1454 z
2857 1393 3026 1456 unde
3074 1400 3139 1454 et
3184 1393 3471 1474 agnoscit

1968 1509 2036 1554 se
2093 1509 2346 1552 summe
2400 1491 3005 1554 communicabilem
3061 1491 3291 1573 suique
3347 1491 3469 1553 dif-

1968 1588 2253 1651 fusivum
2286 1607 2445 1652 esse.
2482 1589 2572 1651 Ex
2614 1589 2977 1670 cognitione
3012 1598 3227 1653 autem
3266 1589 3471 1652 oritur

1967 1704 2166 1750 amor.
2220 1686 2406 1750 Amat
2462 1705 2611 1769 ergo
2669 1705 2737 1750 se
2794 1688 2962 1750 sicut
3017 1687 3349 1750 infinitum
3406 1695 3471 1750 et

1969 1786 2069 1847 sui
2122 1785 2398 1849 maxime
2446 1786 2828 1849 diffusivum
2878 1786 3140 1849 bonum.
3194 1786 3271 1848 Et
3318 1803 3471 1868 quo·

357 1903 518 1948 nes:
555 1885 728 1947 unde
775 1883 1072 1946 elicimus
1123 1902 1228 1946 eas
1279 1882 1486 1964 primo
1539 1881 1858 1965 principio
1897 1879 1942 1941 B
1970 1883 2142 1945 niam
2196 1900 2320 1945 non
2366 1884 2744 1947 necessitate
2788 1891 3031 1948 naturae
3079 1891 3298 1946 causat
3344 1903 3465 1958 reS,

357 1984 568 2046 inesse
627 1989 940 2064 oportere.
993 1980 1350 2044 Voluntatis
1408 1987 1622 2043 autem
1679 1988 1858 2042 actus

356 2090 527 2155 sunt,
569 2081 953 2154 desiderare,
1003 2099 1218 2144 amare
1267 2089 1331 2142 et
1379 2080 1726 2163 imperare3
1766 2079 1862 2140 in-

355 2179 652 2243 tellectus
699 2197 870 2252 vero,
914 2197 1277 2261 agnoscere,
1323 2196 1546 2260 sapere
1587 2185 1652 2240 et
1692 2176 1858 2240 ordi·

357 2297 526 2341 nare.
551 2279 772 2360 Ipsum
805 2296 956 2359 ergo
985 2277 1279 2340 divinum
1308 2295 1471 2352 esse,
1497 2276 1859 2339 intellectus

355 2375 614 2448 dicitur,
657 2376 810 2458 quia
846 2375 1062 2438 omnia
1111 2373 1601 2457 contemplatur,
1640 2372 1860 2436 distin—

357 2474 496 2554 guit
523 2481 590 2536 et
621 2473 889 2536 ordinat.
925 2473 1200 2536 Rursum
1240 2472 1532 2534 voluntas
1572 2478 1855 2544 vocatur,

359 2571 670 2652 quoniam
709 2589 778 2632 se
809 2570 1020 2652 ipsum
1051 2578 1116 2633 et
1151 2570 1368 2632 omnia
1403 2587 1546 2651 quae
1577 2567 1862 2630 condidit

357 2675 551 2742 amat,
610 2676 674 2731 et
729 2676 960 2731 cuncta
1015 2667 1218 2731 libere
1275 2667 1588 2749 producit.
1639 2665 1858 2730 Osten-

123 2789 332 2828 ωαψς.
357 2785 502 2828 sum
552 2785 790 2847 nempe
835 2775 932 2830 est
975 2773 1144 2839 ante,
1190 2765 1662 2849 processionem
1711 2763 1858 2826 uni-

358 2865 526 2928 versi
575 2884 614 2928 a
665 2866 874 2946 primo
917 2871 1142 2946 agente
1187 2863 1457 2928 'liberam
1499 2871 1562 2926 et
1609 2863 1858 2946 sapien-

355 2963 574 3026 tialem
623 2962 780 3026 fore.

1969 1981 2208 2044 idcirco
2236 1981 2375 2043 vult
2402 2001 2471 2044 se
2499 1980 2883 2044 diffundere.
2910 1982 3219 2056 Quoniam
3250 1988 3461 2044 autem

1967 2081 2102 2143 haec
2149 2080 2445 2142 voluntas
2492 2079 2887 2162 sapientialis
2935 2089 3051 2156 est,
3105 2081 3355 2144 ordinat
3405 2087 3469 2142 et

1965 2177 2300 2259 distinguit
2342 2178 2679 2261 operanda.

2312 2441 2801 2508 ARTICULUS
2848 2442 3127 2508 LXXX.

1963 2583 2076 2644 An
2135 2601 2361 2642 rerum
2410 2584 2811 2642 universitas
2867 2603 2908 2642 α
2958 2583 3180 2658 primo
3236 2591 3468 2659 ayente

2368 2673 2568 2730 simul
2600 2673 2927 2746 producta
2967 2672 3073 2730 sit.

2098 2865 2155 2928 X
2204 2866 2614 2948 praeinductis
2661 2866 2903 2949 quippe
2950 2866 3160 2949 palam
3203 2874 3299 2930 est
3342 2867 3463 2949 pri-

2129 2982 2309 3026 mum
2359 2964 2751 3046 principium
2800 2983 2901 3026 res
2952 2964 3303 3046 producere
3352 2983 3465 3046 per

433 3062 524 3124 Ex
567 3061 670 3123 his
708 3068 920 3124 autem
968 3061 1280 3143 perpendi
1325 3066 1551 3143 potest,
1585 3060 1859 3142 qualiter
1889 3063 1932 3126 C
1969 3061 2361 3124 intellectum
2392 3069 2694 3144 tanquam
2730 3081 2843 3144 per
2864 3061 3297 3144 exemplarem
3320 3081 3462 3124 cau-

353 3159 786 3222 diversimode
827 3159 1103 3222 dicimus
1142 3159 1343 3221 Deum
1383 3177 1568 3239 agere
1607 3177 1722 3240 per
1760 3157 1857 3220 in-

355 3258 688 3320 tellectum
747 3266 811 3320 et
866 3276 982 3341 per
1036 3257 1448 3320 voluntatem.
1501 3257 1616 3320 Per
1674 3256 1856 3318 intel—

357 3355 594 3418 lectum
671 3357 914 3438 quippe
977 3373 1170 3418 causa
1237 3355 1493 3429 dicitur,
1553 3355 1856 3437 quoniam

355 3454 579 3517 omnia
611 3453 678 3516 in
709 3471 778 3516 se
811 3454 950 3536 ipso
978 3453 1314 3534 distinguit
1343 3461 1405 3516 et
1435 3453 1684 3517 ordinat
1704 3471 1718 3514 ε
1737 3453 1856 3516 sic—

355 3561 424 3614 ut
481 3559 548 3616 et
605 3551 835 3615 artifex
891 3553 1130 3615 dicitur
1189 3553 1470 3634 practico
1528 3552 1854 3615 intellectu

356 3669 548 3713 causa
591 3650 936 3713 artificiati.
979 3651 1096 3714 Per
1137 3651 1528 3715 voluntatem
1573 3669 1726 3714 vero
1767 3650 1858 3713 di-

355 3750 524 3812 citur
551 3767 766 3822 causa,
799 3750 1152 3812 secundum
1194 3749 1364 3831 quod
1404 3749 1568 3812 hanc
1606 3749 1850 3812 entium

355 3853 866 3928 praeconceptam
897 3847 1364 3911 ordinationem
1397 3847 1714 3929 imperiali
1747 3866 1856 3930 po-

353 3952 582 4008 testate
629 3945 1022 4027 exsequitur,
1063 3963 1204 4008 eam
1255 3963 1478 4007 amans
1524 3953 1590 4008 et
1637 3963 1856 4008 manu-

353 4051 599 4107 tenens.
620 4044 926 4106 Praeterea
954 4063 1122 4126 saepe
1155 4043 1488 4125 probatum
1520 4053 1636 4117 est,
1651 4044 1854 4108 Deum

352 4143 648 4204 omnium
695 4160 952 4205 causam
1002 4141 1140 4206 fore
1180 4141 1600 4216 efficientem,
1646 4161 1852 4206 exem-

1967 3178 2118 3233 sam,
2153 3167 2217 3222 et
2256 3177 2369 3241 per
2414 3159 2809 3222 voluntatem
2850 3161 3017 3222 sicut
3055 3178 3170 3243 per
3207 3178 3463 3223 causam

1965 3258 2353 3320 effectivam.
2388 3259 2724 3341 Quumque
2768 3266 2977 3340 pateat
3006 3258 3205 3322 Deum
3250 3261 3465 3322 omnia

1965 3356 2159 3418 simul
2203 3363 2267 3418 et
2315 3356 2671 3437 intelligere
2712 3365 2774 3419 et
2814 3357 3001 3432 velle,
3046 3377 3247 3440 quum
3288 3358 3463 3420 nulla

1966 3472 2225 3537 prorsus
2256 3454 2338 3516 sit
2370 3455 2433 3517 in
2464 3471 2539 3517 eo
2570 3454 2967 3529 vicissitude,
2999 3455 3307 3518 elucescit
3334 3474 3464 3518 om-

1964 3553 2070 3615 nia
2099 3553 2290 3615 simul
2324 3553 2491 3616 facta
2520 3571 2681 3616 esse.
2718 3554 2881 3616 Dum
2912 3561 3125 3617 autem
3159 3555 3304 3618 dico
3333 3574 3464 3618 om-

1963 3652 2091 3726 nia,
2143 3670 2271 3715 non
2322 3653 2611 3734 intelligo
2657 3653 2875 3716 omnia
2933 3654 3288 3716 secundum
3347 3675 3461 3716 nu-

1963 3770 2238 3824 merum,
2266 3752 2376 3814 sed
2406 3753 2760 3814 secundum
2794 3753 3097 3834 speciem.
3132 3753 3457 3826 Praeterea,

1963 3849 2098 3912 haec
2139 3856 2431 3931 quatuor,
2480 3849 2919 3930 intelligentia,
2965 3849 3161 3924 orbiS,
3206 3857 3461 3932 tempus

1962 3954 2027 4009 et
2083 3948 2369 4021 materia,
2410 3947 2501 4031 ab
2549 3948 2849 4010 omnibus
2908 3947 3306 4030 philosophis
3355 3967 3461 4030 po—

1963 4053 2205 4109 nuntur
2234 4047 2685 4129 coaequaeva,id
2718 4054 2815 4108 est
2842 4046 3035 4108 simul
3064 4047 3457 4110 exsistentia.
3565 4131 3571 4137 .

1962 4144 2273 4218 Quoniam
2302 4151 2515 4206 autem
2555 4153 2827 4226 quatuor
2866 4145 3001 4208 haec
3041 4154 3249 4208 creata
3290 4153 3458 4220 sunt,

353 4241 598 4322 piarem
640 4248 704 4303 et
741 4239 1023 4303 finalem.
1068 4240 1178 4304 Est
1213 4248 1428 4303 autem
1469 4241 1852 4324 exemplaris
1885 4240 1936 4303 D
1962 4249 2209 4306 constat
2238 4261 2312 4304 ea
2341 4243 2533 4304 simul
2566 4242 2730 4305 facta
2756 4261 2918 4306 esse.
2953 4243 3088 4306 Non
3120 4252 3218 4307 est
3245 4253 3455 4308 autem

353 4357 544 4400 causa
587 4339 655 4400 in
697 4356 774 4401 eo
818 4339 988 4421 quod
1039 4338 1290 4420 singula
1339 4340 1615 4421 propriis
1664 4340 1851 4402 ratio-

349 4436 546 4498 nibus
593 4435 814 4498 condit
866 4453 880 4498 :
933 4435 1053 4499 boc
1102 4454 1256 4498 vero
1303 4436 1581 4519 pertinet
1627 4437 1705 4499 ad
1757 4437 1850 4499 in-

347 4534 706 4606 tellectum,
755 4541 824 4595 ut
871 4533 956 4595 ita
1003 4541 1262 4616 operata
1313 4534 1844 4616 praedeterminet.

349 4630 456 4693 Est
485 4632 704 4713 itaque
725 4631 892 4694 Deus
920 4649 1036 4714 per
1063 4631 1458 4694 intellectum
1491 4633 1850 4714 producens

347 4730 567 4793 omnia
594 4729 662 4791 in
697 4738 1010 4812 quantum
1049 4730 1432 4813 exemplaris
1472 4748 1702 4808 causa;
1735 4749 1850 4812 per

346 4828 744 4891 voluntatem
788 4835 1026 4902 autem,
1071 4829 1424 4892 secundum
1471 4829 1641 4910 quod
1690 4829 1846 4892 effe-

344 4925 590 4989 ctivum
649 4925 1065 5008 principium.
1116 4925 1432 5008 AmpliuS,
1485 4925 1848 4990 intellectus

343 5023 434 5085 nil
467 5023 767 5106 producit
791 5023 872 5086 ad
901 5031 1078 5086 extra
1108 5023 1230 5086 nisi
1264 5042 1378 5106 per
1407 5023 1799 5088 voluntatem
1827 5043 1842 5088 ε

344 5121 648 5203 quoniam
693 5119 788 5182 nil
827 5119 982 5182 facit
1019 5120 1380 5183 intellectus
1419 5121 1544 5183 nisi
1587 5131 1846 5205 propter

345 5219 566 5284 finem.
597 5221 668 5282 In
713 5220 892 5284 omni
933 5237 1084 5302 ergo
1113 5237 1230 5283 suo
1267 5237 1460 5303 opere
1490 5223 1842 5285 transeunti

343 5320 622 5385 intendit
665 5327 734 5384 et
777 5320 1024 5404 appetit
1071 5319 1310 5386 bonum
1360 5327 1432 5384 ut
1485 5319 1688 5384 finem
1741 5321 1842 5384 sui

1965 4341 2270 4424 possibile
2338 4342 2692 4403 secundum
2765 4342 3260 4424 philosophiam,
3320 4363 3459 4406 esse

1965 4439 2296 4501 materiam
2356 4439 2495 4501 sine
2553 4439 2780 4514 forma,
2841 4448 2953 4503 aut
3008 4448 3263 4524 tempus
3320 4442 3458 4505 sine

1959 4537 2311 4618 generabili
2370 4544 2432 4600 et
2487 4538 2892 4620 corruptibili
2941 4558 2957 4601 ε
3008 4559 3263 4623 semper
3309 4559 3459 4621 ergo

1962 4635 2085 4698 fuit
2129 4636 2390 4699 materia
2434 4635 2627 4717 hujus
2673 4637 2895 4699 mundi
2942 4637 3300 4701 informata.
3333 4639 3459 4700 Aut

1959 4751 2110 4814 ergo
2147 4733 2353 4797 forma
2392 4735 2597 4809 mixti,
2631 4743 2741 4797 aut
2778 4736 3081 4798 elementi
3115 4754 3129 4798 τ
3164 4737 3217 4799 si
3250 4737 3454 4810 mixti,

1957 4850 2109 4913 ergo
2158 4840 2468 4914 praeerant
2514 4833 2831 4896 elementa
2880 4834 3233 4897 secundum
3291 4836 3455 4898 ordi-

1957 4949 2105 4992 nem
2166 4937 2404 4993 naturae
2460 4938 2523 4993 et
2580 4931 2867 5011 originis.
2920 4931 2985 4994 Si
3035 4950 3188 4995 vero
3234 4933 3457 4996 babuit

1956 5034 2207 5090 tantum
2250 5028 2517 5091 formam
2558 5028 2882 5100 elementi,
2918 5030 3208 5111 sequitur
3247 5031 3459 5094 incon·

1955 5127 2242 5188 veniens.
2288 5127 2489 5189 Motus
2534 5127 2707 5189 enim
2752 5126 3030 5190 coelestis
3074 5127 3226 5190 facit
3267 5147 3452 5210 gene-

1953 5223 2263 5287 rationem
2310 5232 2374 5286 et
2414 5225 2889 5307 corruptionem
2924 5224 2989 5287 in
3028 5225 3149 5288 hoc
3181 5228 3451 5308 mundo;

1952 5339 2076 5386 non
2115 5329 2331 5386 autem
2372 5330 2581 5407 potest
2614 5339 2919 5406 generare
2958 5323 3241 5408 perfecta
3282 5327 3453 5390 entia
