4300 6259
853 475 972 539 192

1525 490 1947 538 namuurum
1989 486 2387 536 'mmmmm-
2433 503 2514 516 -
2553 485 2633 534 ΒΕ
2674 486 2942 534 ΡΕΟΒΑΤΟ
2981 486 3293 534 catenum

851 661 1040 724 steris
1088 661 1442 743 imputatur
1499 668 1570 722 ut
1616 659 1873 743 ipsimet
1918 657 2090 728 Adae,
2141 675 2350 739 neque
2384 656 2435 719 A
2464 662 2527 717 et
2556 655 2765 718 carnis
2791 655 3041 718 infectae
3084 655 3309 718 dicunt
3345 655 3623 718 animam
3650 652 3966 736 originale

852 766 923 821 ut
967 758 1225 840 propria
1263 767 1327 822 et
1362 759 1635 822 actualia
1671 775 1892 821 eorum
1934 763 2212 838 peccata.
2249 755 2350 817 Et-

848 855 1025 918 enim
1063 855 1266 919 Adam
1307 856 1416 918 illa
1464 854 1990 936 transgressione,
2043 860 2349 934 tanquam

847 954 1080 1018 actuali
1112 955 1888 1038 peccato,damnationem
1921 951 2156 1014 meruit
2186 968 2349 1012 sem-

851 1054 1190 1137 piternam,
1224 1053 1388 1115 sicut
1432 1061 1496 1116 et
1527 1052 1764 1135 posteri
1810 1048 2171 1112 actualibus
2216 1047 2349 1111 suis

853 1151 1129 1234 peccatis
1188 1150 1587 1214 mortalibus,
1638 1148 1877 1212 Posteri
1937 1154 2150 1209 autem
2200 1146 2348 1208 Adae

851 1247 964 1310 illo
1004 1247 1295 1329 originali
1338 1255 1598 1331 peccato
1641 1265 1768 1309 non
1810 1250 2183 1308 meruerunt
2226 1241 2351 1324 pri-

853 1345 984 1408 vari
1029 1364 1238 1427 neque
1277 1345 1609 1427 privantur
1638 1344 1854 1426 aliquo
1884 1342 2052 1404 bono
2083 1347 2345 1414 naturae,

852 1445 1099 1508 donove
1168 1443 1385 1524 gratiae
1457 1450 1566 1506 aut
1633 1441 1851 1523 gloriae
1912 1440 2005 1503 eis
2065 1459 2144 1501 ex
2205 1455 2349 1521 pro-

851 1542 992 1625 pria
1022 1550 1248 1604 natura
1280 1549 1391 1603 aut
1420 1541 1636 1624 specie
1667 1539 1903 1612 debito,
1939 1539 2048 1600 sed
2090 1537 2351 1619 quibus-

850 1641 997 1704 dam
1027 1638 1624 1722 supernaturalibus
1670 1638 1876 1710 boniS,
1909 1655 2050 1719 quae
2095 1653 2173 1698 ex
2216 1634 2349 1697 sola

852 1738 1166 1802 Creatoris
1211 1737 1492 1800 bonitate
1535 1745 1597 1799 et
1645 1734 2024 1798 liberalitate
2076 1732 2348 1794 fuissent

2463 761 2798 836 peccatum
2858 754 3249 817 contrahere.
3301 754 3493 816 Porro
3550 752 3969 816 materialiter

2461 861 2796 935 peccatum
2828 853 2995 916 istud
3027 852 3433 936 plurificatur
3472 860 3535 916 et
3567 853 3755 936 plura
3788 870 3966 915 com·

2462 954 2783 1036 plectitur,
2834 962 3054 1036 utpote
3101 962 3373 1036 quatuor
3419 959 3685 1016 vulnera
3727 950 3965 1016 animm

2461 1068 2539 1113 ex
2593 1051 2701 1115 illo
2750 1059 2987 1126 secuta,
3039 1070 3181 1133 quae
3228 1057 3379 1113 sunt
3427 1067 3441 1113 ε
3490 1049 3845 1131 ignorantia
3894 1047 3964 1110 in

2461 1149 2725 1223 ratione,
2760 1150 3004 1213 malitia
3033 1149 3098 1211 in
3130 1149 3477 1222 voluntate,
3502 1148 3965 1232 concupiscen-

2461 1248 2546 1310 tia
2583 1247 2648 1309 in
2693 1248 2755 1309 vi
2795 1246 3284 1330 concupiscibili
3329 1246 3653 1320 sensitiva,
3687 1244 3965 1308 infirmi-

2459 1351 2555 1406 tas
2614 1344 2681 1406 in
2747 1343 3052 1406 irascibili
3121 1342 3419 1406 sensuali.
3482 1343 3629 1416 Quae
3688 1349 3967 1424 quatuor

2460 1440 2723 1504 vulnera
2777 1449 2927 1504 sunt
2984 1441 3195 1523 potius
3252 1441 3540 1522 quaedam
3609 1439 3968 1502 habitualia

2462 1541 2627 1602 mala
2676 1548 2738 1602 et
2783 1540 3089 1622 peccandi
3132 1540 3401 1613 radices,
3447 1558 3639 1621 quam
3684 1536 3967 1600 actualia

2460 1647 2719 1721 peccata
2770 1657 2784 1700 :
2832 1647 2903 1701 ut
2949 1639 3191 1701 malitia
3238 1637 3627 1719 intelligatur
3674 1637 3967 1720 pronitas

2460 1738 2538 1799 ad
2596 1720 2761 1799 mala
2818 1737 3063 1819 culpae3
3124 1735 3664 1818 concupiscentia,
3724 1734 3968 1817 procli·

851 1835 1079 1909 sortiti,
1140 1835 1195 1898 si
1262 1835 1456 1918 primi
1523 1841 1817 1917 parentes
1887 1850 2012 1895 non
2075 1829 2350 1892 fuissent
2388 1827 2433 1891 B
2463 1836 2623 1899 vitas
2688 1835 3031 1918 appetendi
3102 1834 3508 1913 inordinate;
3577 1833 3963 1915 ignorantia,

849 1934 1227 2016 transgressi
1275 1950 1288 1995 ε
1336 1934 1573 2016 quibus
1616 1940 1679 1996 et
1720 1951 1793 1995 ea
1836 1931 2201 1995 conditione
2251 1949 2351 1991 su-

854 2031 1282 2114 pernaturalia
1323 2031 1432 2094 illa
1477 2030 1641 2094 bona
1685 2031 1964 2114 praestita
2010 2036 2192 2091 erant
2238 2047 2351 2090 seu

852 2132 1180 2215 promissa,
1227 2131 1397 2212 quod
1447 2138 1513 2192 et
1559 2131 1829 2212 posteris
1878 2135 2350 2212 praestarentur,

853 2231 906 2293 si
951 2229 1075 2312 ipsi
1121 2236 1415 2312 parentes
1454 2228 1566 2291 Dei
1613 2235 2004 2310 praeceptum
2048 2243 2177 2288 non
2221 2225 2353 2288 vio-

856 2329 1076 2392 larent.
1129 2329 1372 2390 Idcirco
1422 2327 1487 2389 in
1546 2327 1666 2388 ista
1720 2324 2046 2406 originalis
2106 2324 2350 2407 peccati

856 2426 1278 2510 imputatione
1329 2433 1392 2489 et
1438 2424 1868 2487 transfusione
1914 2424 1993 2485 ad
2039 2429 2347 2504 posteros,

854 2526 1032 2588 nulla
1078 2542 1336 2607 prorsus
1395 2523 1668 2607 posteris
1727 2523 2041 2603 irrogatur
2091 2519 2346 2602 injuria.

854 2625 1050 2705 Cujus
1092 2631 1316 2707 aptum
1358 2623 1718 2704 assignatur
1759 2619 2147 2703 exemplum.
2186 2619 2261 2681 Ut
2297 2619 2353 2681 si

854 2740 965 2785 rex
1009 2730 1120 2786 aut
1166 2722 1466 2805 princeps
1516 2728 1806 2782 terrenus
1856 2724 2111 2801 praestet
2156 2716 2351 2779 alicui

856 2821 1045 2884 militi
1078 2828 1356 2883 castrum
1388 2827 1499 2881 aut
1538 2818 1777 2881 bonum
1819 2815 2092 2889 feudale‚
2125 2815 2351 2896 hujus-

854 2919 1102 2983 cemodi
1147 2925 1352 3001 pacto,
1395 2918 1566 3000 quod
1614 2914 2006 2978 beneficium
2049 2913 2208 2975 illud
2247 2913 2349 2975 de·

2464 1934 2745 2016 pronitas
2795 1934 3090 1997 deviandi
3148 1952 3185 1995 a
3241 1950 3393 1996 vero
3451 1931 3689 1995 salubri
3716 1950 3735 2012 ;
3786 1931 3969 1995 infir·

2463 2032 2671 2105 mitaS,
2722 2031 3019 2096 debilitas
3068 2030 3405 2095 resistendi
3459 2031 3701 2113 iniquo.
3750 2031 3967 2113 Atque

2462 2131 2582 2194 hoc
2614 2130 2801 2194 modo
2830 2130 3034 2193 fertur
3065 2138 3395 2212 peccatum
3426 2129 3733 2211 originale
3760 2128 3967 2192 situm

2463 2229 2529 2291 in
2578 2237 2851 2310 quatuor
2897 2228 3146 2291 viribus
3192 2229 3443 2302 animae,
3490 2246 3633 2309 quae
3672 2234 3826 2289 sunt
3868 2227 3968 2289 vi·

2461 2328 2697 2390 tiorum
2728 2334 2793 2389 et
2829 2327 3141 2389 virtutum
3182 2326 3493 2407 subjecta,
3525 2324 3829 2389 videlicet
3862 2344 3967 2387 ra-

2460 2427 2550 2488 tio
2592 2434 2656 2488 et
2700 2425 2992 2489 voluntas
3032 2443 3105 2486 ac
3144 2432 3415 2506 uterque
3456 2425 3779 2506 appetitus
3822 2443 3971 2486 sen-

2461 2525 2689 2588 sitivus
2735 2524 3234 2606 praenominatus
3279 2540 3292 2584 τ
3336 2523 3430 2585 sic
3473 2523 3713 2586 etenim
3755 2540 3969 2585 unum

2460 2631 2558 2686 est
2595 2623 2777 2705 quasi
2830 2621 3248 2703 aggregative,
3288 2629 3593 2703 tanquam
3644 2620 3969 2684 malorum

2462 2721 2810 2803 congeries,
2864 2721 3039 2783 Unde
3089 2720 3166 2782 de
3226 2719 3367 2802 ipso
3413 2719 3503 2784 ait
3558 2718 3893 2782 psalmista
3946 2736 3965 2780 ε

2460 2820 2621 2882 Ecce
2652 2819 2826 2882 enim
2853 2818 2917 2880 in
2944 2817 3391 2900 iniquitatibus
3420 2823 3769 2900 conceptus
3791 2837 3962 2880 sum.
3994 2838 4079 2882 1²2.
4106 2840 4197 2890 m.
4289 2865 4291 2904 ÷

2460 2917 2834 3000 Specialiter
2872 2934 3125 2998 quoque
3163 2915 3260 2979 vis
3298 2915 3823 2998 concupiscibilis
3862 2925 3970 2980 est

829 3006 1146 3082 'volvatur
1201 3017 1280 3079 ad
1340 3024 1625 3099 posteros
1689 3014 1934 3088 militis,
1997 3012 2346 3076 dummodo
2378 3012 2421 3077 C
2462 3016 2717 3090 infecta,
2768 3014 2989 3097 visque
3033 3015 3397 3096 generativa
3442 3031 3457 3077 :
3503 3015 3674 3077 unde
3721 3022 3787 3076 et
3832 3035 3971 3080 ma-

855 3117 1042 3179 miles
1099 3117 1237 3199 ipse
1299 3114 1578 3198 principi
1647 3129 1762 3174 suo
1828 3111 2134 3175 manserit
2199 3108 2346 3172 sub-

851 3216 1022 3278 ditus
1071 3233 1146 3277 ac
1193 3213 1406 3276 fidelis
1455 3230 1469 3274 :
1515 3211 1754 3293 alioqui
1799 3218 1930 3272 tam
1975 3210 2111 3292 ipse
2155 3226 2347 3291 quam

851 3314 994 3395 ejus
1049 3312 1384 3396 posteritas
1441 3311 1608 3374 dono
1657 3308 1768 3371 illo
1814 3308 2118 3390 privetur.
2172 3305 2348 3379 Quod

850 3413 906 3476 si
967 3411 1152 3475 miles
1210 3410 1318 3473 ille
1378 3416 1635 3492 pactum
1701 3405 2224 3486 transgrediatur,
2286 3410 2349 3468 et

850 3510 1163 3594 principis
1193 3510 1291 3572 sui
1321 3505 1702 3572 adversariis
1732 3502 2347 3586 injuriatoribusque

849 3609 1224 3681 consentiat,
1276 3607 1446 3670 haud
1493 3604 1764 3667 dubium
1812 3602 1970 3685 quin
2027 3609 2158 3665 tam
2210 3601 2347 3683 ipse

848 3727 1042 3791 quam
1092 3726 1207 3770 sua
1253 3704 1590 3788 posteritas
1637 3699 1958 3765 beneficio
2002 3699 2174 3780 juste
2223 3699 2348 3781 pri-

847 3814 1080 3870 ventur
1123 3804 1349 3868 collato
1383 3820 1397 3866 :
1432 3802 1674 3884 quippe
1717 3798 1886 3881 quod
1931 3816 2047 3860 nec
2087 3797 2347 3881 proprio

846 3907 942 3969 eis
986 3905 1152 3987 jure,
1204 3903 1314 3966 sed
1363 3902 1499 3964 solo
1545 3899 1821 3982 gratuito
1871 3896 2183 3979 principis
2242 3896 2346 3958 de-

847 4004 1120 4069 bebatur
1148 4009 1401 4064 statuto.
1437 3999 1724 4080 Denique
1755 3995 1948 4060 etiam
1986 3994 2170 4076 juxta
2203 3995 2348 4075 jura

849 4102 1088 4176 civilia,
1121 4101 1442 4164 interdum
1478 4098 1601 4160 filii
1652 4113 1769 4178 pro
1818 4095 1954 4158 solo
2003 4093 2200 4176 patris
2246 4093 2345 4155 sui

2458 3116 2555 3197 gis
2600 3115 2873 3178 sentitur
2918 3114 2982 3176 in
3036 3113 3153 3188 eiS,
3201 3112 3742 3195 quemadmodum
3782 3121 3847 3176 et
3890 3113 3965 3177 in

2458 3220 2651 3275 tactu.

2829 3418 3353 3484 PROPOSITIO
3400 3418 3575 3484 CIII.

2537 3603 2883 3672 Effectus
2911 3619 3003 3672 ac
3031 3619 3283 3686 poenae
3321 3604 3741 3683 originalis
3779 3619 3965 3685 pec-

2458 3705 2617 3771 cati
2661 3704 3161 3784 multiplices
3208 3704 3397 3768 sunt
3441 3703 3527 3768 et
3570 3717 3883 3780 graves.

2538 3803 2712 3876 Quod
2757 3810 2874 3876 est,
2921 3801 3224 3884 quoniam
3270 3801 3335 3862 in
3374 3800 3668 3882 originali
3709 3800 3965 3882 justitia

2459 3899 2950 3963 includebantur
3020 3897 3300 3981 plurima
3368 3897 3555 3972 bona,
3628 3898 3963 3981 multaque

2460 4000 2625 4062 bona
2652 3997 2915 4060 fuerunt
2944 3996 3003 4060 ei
3034 4015 3303 4059 annexa.
3338 3994 3747 4059 pertinebant
3772 3997 3967 4080 quip—

2460 4117 2538 4180 pe
2586 4098 2664 4159 ad
2718 4097 2893 4159 illam
2942 4094 3367 4158 essentialiter
3412 4102 3477 4156 et
3524 4112 3639 4178 per
3684 4113 3753 4158 se
3793 4095 3965 4158 ordi-

850 4219 1116 4265 excessu
1156 4217 1351 4280 regno
1391 4196 1719 4280 pelluntur
1756 4201 1820 4256 et
1857 4192 2341 4256 exheredantur.
2378 4198 2430 4264 D
2460 4195 2631 4258 natio
2674 4201 2738 4258 et
2781 4194 3098 4275 subjectio
3138 4193 3348 4256 carnis
3387 4192 3507 4255 sub
3549 4192 3785 4267 anima,
3818 4213 3963 4256 sen-

1252 4405 1772 4473 PROPOSITIO
1819 4405 1959 4469 CII.

942 4597 1366 4666 Peccatum
1436 4589 1826 4668 originale
1895 4587 2346 4654 formaliter

845 4711 1096 4766 unum
1136 4697 1286 4776 est,
1329 4689 1868 4761 materialiter
1909 4688 2163 4768 plura.

926 4795 1102 4870 Quod
1151 4802 1264 4868 est,
1311 4792 1463 4875 quia
1509 4787 1862 4853 formaliter
1904 4803 2032 4848 non
2077 4791 2176 4847 est
2219 4783 2343 4846 nisi

847 4895 1110 4979 praesata
1163 4891 1427 4975 justitiae
1475 4908 1548 4952 ac
1597 4886 1814 4968 gratiae
1862 4883 2191 4965 originalis
2249 4901 2345 4945 ca-

843 4994 1066 5057 rentia.
1091 4993 1201 5066 lta,
1225 4990 1579 5054 secundum
1612 4984 1976 5057 nonnulloS,
1997 4989 2094 5045 est
2123 4982 2346 5044 imme-

843 5092 1014 5154 diate
1049 5108 1124 5153 ac
1170 5089 1408 5152 directe
1451 5087 1518 5148 in
1564 5085 1704 5167 ipsa
1746 5083 1975 5146 animae
2019 5079 2345 5142 rationalis

845 5188 1143 5261 essentia,
1158 5188 1226 5249 in
1257 5205 1383 5269 qua
1410 5184 1602 5247 etiam
1633 5181 1859 5244 dicunt
1884 5178 2153 5261 gratiam
2182 5196 2340 5241 esse.

845 5289 1022 5358 Unde
1067 5305 1145 5350 ex
1195 5283 1562 5348 immediata
1607 5279 2059 5359 conjunctione
2114 5277 2345 5342 animae

2459 4294 2791 4377 sitivaeque
2851 4293 3047 4376 partis
3098 4293 3219 4355 sub
3267 4292 3531 4366 ratione,
3582 4300 3647 4354 et
3692 4292 3961 4356 rationis

2457 4410 2531 4455 ac
2570 4391 2916 4455 voluntatis
2956 4390 3076 4453 sub
3116 4391 3243 4454 Deo
3286 4398 3350 4453 et
3393 4389 3531 4471 lege
3572 4389 3810 4453 divina.
3846 4389 3961 4452 De-

2460 4490 2607 4554 inde
2654 4507 2902 4552 annexa
2947 4488 3071 4550 ruit
3116 4487 3227 4550 tali
3281 4487 3546 4569 justitiae
3594 4486 3961 4570 impassibi-

2460 4589 2603 4651 litas
2648 4594 2713 4651 et
2749 4586 3195 4650 immortalitas
3233 4585 3451 4668 aliqua
3488 4585 3797 4668 corpori8‚
3828 4605 3959 4668 qua

2442 4688 2667 4772 ,potuit
2709 4704 2837 4749 non
2878 4685 3062 4760 mori,
3110 4691 3182 4747 ut
3222 4684 3464 4767 patuit3
3497 4683 3804 4748 habitatio
3851 4705 3959 4768 pa·
3990 4701 4284 4765 mm]

2459 4785 2674 4859 radisi,
2734 4783 3142 4868 praesidentia
3196 4801 3269 4845 ac
3334 4783 3695 4846 dominium
3760 4801 3959 4866 super

2457 4883 2863 4947 irrationalia.
2899 4882 3009 4945 His
3050 4880 3349 4944 omnibus
3380 4881 3611 4962 privati
3652 4887 3803 4944 sunt
3830 4882 3958 4964 pri·-

2460 4983 2547 5045 mi
2591 4988 2888 5066 parentes
2930 4988 2995 5043 et
3036 4979 3273 5062 posteri
3316 4979 3437 5041 sui.
3471 4979 3619 5043 Ideo
3655 4980 3958 5062 praedicta

2456 5088 2729 5164 quatuor
2784 5079 3052 5141 vulnera
3107 5078 3360 5151 animae,
3410 5076 3706 5160 expulsio
3760 5097 3797 5140 a
3844 5097 3955 5161 pa-

2455 5179 2665 5244 radiso
2720 5176 3029 5251 terrestri,
3092 5176 3405 5239 incolatus
3459 5175 3655 5256 hujus
3716 5177 3953 5252 exsilii,

2454 5277 2646 5341 variae
2686 5295 2913 5360 poenae,
2945 5273 3335 5338 calamitates
3374 5280 3439 5338 et
3472 5275 3825 5338 anxietates
3862 5276 3956 5340 vi-
