4300 6259
743 480 865 546 282
1293 502 1372 549 nn
1411 502 1640 550 Lunum
1681 501 2062 550 cnms'fflNAE
2105 502 2409 561 rnnonue,
2454 503 2631 550 mnan
2673 505 2715 549 1.
2760 521 2841 534 -
2883 505 3025 552 aar.
3068 505 3167 562 η,
3212 505 3315 552 xm

747 671 828 735 lis
875 673 956 735 ab
1005 673 1399 756 intelligibili
1447 676 1675 755 domo;
1719 675 1811 738 sic
1855 683 1919 738 et
1962 677 2240 738 mundus
2271 675 2323 738 A
2352 675 2560 738 fectus
2606 675 2824 758 aliquo
2872 676 3061 740 modo
3118 695 3233 758 per
3289 675 3409 740 hoc
3458 674 3860 758 praedicatio-

749 780 848 834 est
883 791 924 834 a
975 773 1233 836 mundo.
1269 774 1540 837 Mundus
1585 775 1828 857 quippe
1871 792 2237 856 corporeuS‚

749 889 787 932 a
817 872 1057 934 mundo
1097 873 1466 956 archetypo,
1507 881 1578 935 ut
1616 873 1708 935 ait
1753 873 1947 948 Plato,
1981 882 2045 936 et
2089 891 2238 936 eum

748 986 1023 1050 sequens
1088 971 1365 1044 Boetius,
1425 971 1578 1033 dum
1641 971 1798 1033 dicit
1859 989 1872 1033 :
1933 972 2239 1034 Mundum

747 1075 961 1130 mente
997 1086 1222 1148 gerens
1263 1069 1624 1151 pulchrum.
1660 1070 1947 1152 Denique
1989 1078 2059 1132 ut
2101 1070 2241 1132 vult

741 1165 1189 1247 AlphorabiuS,
1222 1167 1315 1229 sic
1345 1176 1495 1230 sunt
1523 1169 1740 1231 omnia
1767 1187 1804 1230 a
1832 1168 2049 1232 divina
2077 1177 2235 1243 arte,

740 1265 1062 1347 quomodo
1091 1274 1305 1328 essent
1331 1267 1672 1329 artificiata
1700 1287 1736 1330 a
1765 1275 1978 1329 nostra
2008 1275 2163 1340 arte,
2183 1267 2235 1329 si

737 1361 876 1444 ipsa
903 1382 1004 1426 ars
1035 1370 1250 1426 nostra
1292 1364 1458 1427 foret
1495 1365 1997 1428 substantialiter
2033 1366 2235 1428 artifi-

736 1461 829 1523 cis
860 1461 1094 1537 anima,
1124 1470 1187 1525 et
1217 1481 1284 1525 se
1319 1464 1456 1545 ipsa
1496 1464 1774 1546 simplici
1817 1464 2237 1546 intelligentia

735 1559 1227 1624 artificiatorum
1271 1563 1664 1642 productiva.
1711 1563 1992 1625 Primum
2037 1563 2232 1637 enim,

737 1677 938 1739 quum
970 1659 1054 1720 sit
1083 1658 1150 1721 in
1181 1659 1314 1722 fine
1346 1660 1538 1723 totius
1571 1661 2024 1742 simplicitatiS,
2046 1669 2144 1724 est
2174 1670 2236 1725 et

739 1755 878 1837 ipsa
905 1774 1006 1818 ars
1038 1777 1173 1830 sua,
1209 1765 1272 1820 et
1304 1777 1418 1840 per
1448 1778 1516 1822 se
1547 1759 2024 1842 supersimplici
2056 1760 2237 1823 intel-

739 1853 908 1915 lectu
951 1855 1242 1919 omnium
1286 1857 1538 1919 causale
1581 1856 1995 1939 principium.

819 1953 954 2015 Jam
987 1952 1182 2034 igitur
1213 1955 1623 2018 manifestum
1655 1965 1718 2018 et
1748 1956 1956 2038 palam
1994 1957 2233 2019 factum

741 2057 859 2122 est,
893 2052 1432 2133 quemadmodum
1476 2055 1918 2116 universorum
1957 2074 1994 2117 a
2022 2073 2240 2137 super-

739 2148 934 2210 vivali
966 2149 1198 2213 divinae
1239 2151 1645 2214 fecunditatis
1684 2152 1858 2214 fonte
1897 2153 2237 2229 emanatio,

741 2247 1235 2328 comparabilior
1277 2249 1360 2310 sit
1401 2250 1760 2331 sapientiali
1804 2259 1866 2312 et
1911 2250 2125 2315 liberae
2165 2272 2238 2315 ac

735 2343 1062 2406 artificiali
1111 2346 1524 2428 processioni,
1575 2367 1768 2430 quam
1817 2349 2090 2411 naturali
2147 2351 2238 2412 ef-

736 2440 1034 2516 fluxioni‚
1083 2451 1193 2506 aut
1239 2453 1410 2508 certe
1467 2446 1788 2509 essentiali
1844 2449 2233 2522 emicationi,

736 2559 850 2603 seu
907 2541 1100 2604 etiam
1147 2544 1538 2624 generationi
1587 2545 1862 2607 formali.
1913 2547 2239 2609 Verumta-

737 2657 886 2700 men
945 2640 1122 2703 nulla
1181 2659 1440 2723 prorsus
1500 2645 1822 2725 processio
1881 2645 1946 2706 in
2008 2646 2236 2708 creatis

736 2737 994 2800 entibus
1043 2739 1353 2814 consistit,
1403 2741 1468 2803 in
1517 2760 1644 2822 qua
1691 2742 2094 2805 sufficienter
2143 2764 2236 2808 re-

737 2835 944 2898 luceat
977 2836 1285 2918 perfectio
1317 2837 1490 2900 illius
1532 2839 1850 2920 primaevae
1889 2859 2102 2903 rerum
2144 2842 2236 2904 in-

737 2933 1087 2997 stitutionis
1129 2954 1165 2997 a
1209 2936 1354 2998 De0.

1149 3195 1636 3261 ARTICULUS
1681 3197 1827 3261 XL.

739 3347 922 3413 Quod
955 3367 1175 3407 rerum
1210 3367 1248 3406 α
1277 3350 1408 3408 Deo
1441 3346 1766 3405 benedicto
1794 3349 2075 3406 causalis
2103 3349 2235 3422 dif-

815 3437 1017 3511 fusz‘O,
1058 3457 1174 3496 nec
1208 3455 1381 3512 pure
1426 3435 1782 3505 naturalia,
1825 3455 2030 3514 neque
2061 3454 2236 3512 pure

817 3527 1200 3602 artificialis
1245 3528 1524 3586 dicenda
1565 3526 1670 3583 sit.

883 3721 1036 3785 UOD
1064 3729 1275 3785 autem
1320 3723 1384 3784 in
1427 3722 1652 3805 primis
1693 3731 1789 3786 est
1820 3742 1935 3805 per
1973 3725 2235 3786 modum

745 3717 876 3918 Q
912 3821 1296 3903 simplicem,
1345 3821 1410 3883 in
1461 3822 1758 3884 secundis
1802 3831 1900 3884 est
1949 3841 2062 3904 per
2105 3840 2237 3885 mo-

738 3919 892 3981 dum
939 3920 1454 4002 compositiorem
1497 3937 1510 3982 :
1557 3921 2096 4002 quemadmodum
2145 3922 2239 3983 in-

737 4017 1118 4081 tellectualis
1167 4018 1476 4101 perfectio
1524 4019 1756 4082 divinae
1816 4019 2017 4081 menti
2074 4021 2241 4082 inest

739 4116 1099 4199 simplicius
1130 4136 1323 4198 quam
1354 4116 1661 4198 separatis
1692 4116 2086 4190 substantiiS,
2111 4117 2239 4179 his-

2353 793 2503 837 nem
2546 775 2847 837 sortiatur
2890 794 3021 839 suae
3064 793 3270 839 causae
3312 793 3327 838 ε
3370 775 3669 858 quoniam
3714 774 3859 836 nul-

2353 873 2600 936 latenus
2640 873 2876 936 dicitur
2913 874 3141 936 domus
3180 874 3405 936 vivens
3458 882 3569 937 aut
3620 889 3859 954 cogno·

2352 991 2537 1035 scens
2595 991 2707 1034 seu
2758 972 3108 1046 rationaliS,
3161 973 3458 1055 quamvis
3504 993 3543 1036 a
3590 973 3739 1034 vivo
3786 979 3863 1034 et

2352 1070 2646 1133 rationali
2674 1079 2899 1151 agente
2943 1071 3270 1153 prodierit.
3306 1071 3568 1144 RursuS,
3600 1071 3863 1152 conspi-

2352 1169 2560 1231 cimus
2618 1170 2787 1250 quod
2846 1169 3134 1232 naturale
3191 1189 3383 1251 agens
3442 1187 3861 1252 nequaquam

2352 1267 2551 1330 libere
2592 1285 2659 1328 se
2698 1267 3031 1342 diffundit,
3062 1269 3359 1349 quamvis
3401 1267 3707 1330 effectum
3754 1287 3861 1329 se-

2352 1365 2635 1427 cundum
2697 1373 2989 1426 naturam
3048 1365 3173 1428 sibi
3233 1365 3515 1428 similem
3578 1363 3855 1427 efficiat.

2348 1463 2555 1536 Quum
2587 1463 2781 1544 igitur
2817 1482 2989 1525 nunc
3030 1465 3497 1545 praeinductum
3538 1465 3645 1536 sit,
3677 1463 3857 1546 quod

2348 1562 2631 1642 primum
2666 1562 2935 1644 propriae
2964 1570 3205 1624 naturae
3234 1561 3683 1625 substantiales
3714 1581 3865 1644 per-

2347 1658 2657 1722 fectiones
2690 1661 2988 1722 secundis
3019 1661 3475 1735 communicet,
3510 1661 3575 1722 in
3604 1669 3865 1722 tantum

2351 1776 2609 1840 prorsus
2655 1765 2725 1819 ut
2768 1759 2991 1820 eadem
3036 1758 3256 1821 divino
3304 1759 3436 1821 enti
3478 1766 3543 1822 et
3578 1759 3866 1820 causatis

2272 1856 2319 1918 B
2351 1857 2781 1920 attribuantur
2808 1858 2987 1938 (sunt
3025 1859 3201 1921 enim
3240 1858 3458 1920 omnia
3498 1858 3665 1920 bona
3702 1858 3867 1939 quia

2350 1975 2387 2017 a
2432 1956 2638 2034 bono;
2671 1964 2737 2020 et
2776 1957 3022 2019 entium
3068 1957 3359 2039 quaedam
3403 1957 3651 2030 vivunt,
3684 1977 3865 2038 quae-

2350 2055 2495 2115 dam
2542 2063 2755 2116 autem
2802 2062 3198 2136 cognoscunt
3240 2063 3303 2117 et
3346 2055 3600 2136 sapiunt
3649 2072 3663 2115 :
3710 2073 3865 2135 quae

2352 2151 2573 2234 utique
2611 2152 2739 2214 Deo
2785 2153 3207 2234 conveniunt)
3240 2171 3253 2216 ε
3288 2153 3439 2214 hinc
3483 2152 3693 2235 palam
3732 2161 3859 2224 est,

2350 2251 2520 2333 quod
2560 2268 2685 2313 non
2728 2251 2811 2312 sit
2856 2269 3070 2313 rerum
3110 2270 3147 2312 a
3194 2251 3403 2332 primo
3446 2248 3717 2313 effluxio
3762 2269 3867 2312 ar-

2348 2349 2428 2410 tif
2431 2349 2600 2411 iciali
2632 2349 3019 2412 emanationi
3048 2349 3377 2411 dumtaxat
3404 2349 3859 2430 comparanda,

2350 2448 2459 2510 sed
2510 2455 2573 2510 et
2621 2447 2855 2530 partim
2907 2448 3214 2510 naturalis
3272 2456 3409 2524 est3
3459 2465 3579 2510 nec
3634 2454 3859 2510 tamen

2350 2565 2509 2628 pure
2554 2545 2883 2620 naturaliS,
2920 2546 3071 2629 quia
3114 2545 3334 2608 libera.
3372 2546 3859 2618 Verumtamen,

2347 2644 2646 2726 quoniam
2678 2644 3127 2725 hujuscemodi
3158 2644 3390 2708 divinae
3419 2651 3653 2706 naturae
3684 2661 3859 2706 com-

2347 2742 2717 2817 municatio,
2751 2760 2960 2825 neque
2998 2743 3350 2806 secundum
3396 2743 3703 2804 unitatem
3744 2760 3857 2822 ge-

2346 2840 2517 2902 neris
2576 2859 2693 2902 nec
2751 2840 2989 2922 speciei
3054 2841 3164 2904 sed
3224 2847 3473 2902 tantum
3540 2839 3857 2919 analogiae

2348 2938 2646 3000 convenit
2689 2938 2938 3011 creatiS,
2974 2946 3045 3000 ut
3070 2946 3217 3001 ante
3262 2939 3551 3001 habitum
3594 2946 3731 3015 est3
3764 2938 3854 3000 oh
3920 2967 4013 3006 m-
4038 2977 4139 3008 nu.

2264 3037 2309 3102 C
2348 3036 2467 3098 hoc
2499 3035 2882 3119 simpliciter
2911 3044 3009 3099 est
3047 3035 3495 3099 universorum
3524 3055 3561 3097 a
3592 3053 3857 3098 summo
3886 3041 4018 3068 ¹¹¹⁰·

2348 3134 2476 3197 Deo
2516 3134 2865 3207 scaturitio,
2902 3134 3113 3216 potius
3152 3133 3353 3196 libera
3388 3141 3454 3196 et
3488 3133 3855 3196 artificialis

2346 3231 2633 3305 diffusio,
2681 3251 2874 3314 quam
2925 3231 3233 3293 naturalis
3276 3231 3545 3294 effluxio
3592 3251 3709 3294 seu
3756 3251 3859 3294 es·

2347 3328 2633 3392 sentialis
2677 3329 2974 3393 emicatio
3015 3329 3414 3412 appellanda.

2428 3429 2716 3510 Insuper,
2771 3447 2849 3490 ex
2908 3428 3029 3490 hoc
3090 3427 3262 3491 lucet
3316 3428 3471 3510 quid
3528 3428 3862 3491 contineat

2349 3526 2634 3588 veritatis
2696 3526 2928 3607 positio
2974 3525 3315 3588 Avicennae
3363 3534 3427 3588 et
3481 3526 3675 3588 etiam
3722 3527 3861 3588 Pla-

2348 3623 2518 3685 tonis
2575 3623 2861 3686 assertio.
2924 3622 3226 3696 Quamvis
3284 3642 3561 3706 namque
3619 3624 3859 3686 dixerit

2349 3722 2541 3796 Plato,
2596 3722 2879 3802 primum
2929 3721 3172 3784 bonum
3232 3740 3301 3783 se
3350 3720 3859 3784 substantialiter

2350 3821 2629 3881 emicare
2674 3827 2738 3881 et
2794 3818 3184 3892 diffundere,
3236 3835 3365 3880 non
3422 3826 3633 3882 tamen
3690 3820 3855 3882 dixit

2352 3918 2564 3999 ipsum
2600 3916 3132 3999 participantibus
3163 3916 3593 3990 commisceri,
3625 3918 3733 3980 sed
3774 3937 3857 3980 eo

2352 4017 2495 4098 plus
2540 4034 2680 4077 esse
2720 4021 3094 4096 exemptum
3131 4014 3212 4076 ab
3251 4015 3552 4078 omnibus
3592 4034 3719 4097 quo
3756 4015 3855 4077 fo-

2350 4123 2447 4176 ret
2492 4113 2669 4196 prius
2714 4122 2778 4176 et
2824 4113 3273 4187 universalius,
3310 4113 3853 4194 quemadmodum

740 4233 867 4298 que
905 4214 1265 4297 simplicius
1308 4233 1500 4296 quam
1541 4214 1840 4277 humanis
1889 4215 2234 4278 mentibus,
2265 4217 2317 4282 D
2351 4213 2607 4276 Proclus
2639 4213 2703 4274 in
2728 4211 3229 4276 Elementatione
3259 4212 3710 4275 theorematica
3736 4213 3850 4275 ait.

741 4314 845 4377 Sic
889 4330 1150 4395 prorsus
1194 4311 1504 4394 perfectio
1545 4313 1780 4377 divinae
1816 4314 2239 4376 emanationis

739 4431 866 4494 qua
893 4411 1110 4476 omnia
1138 4430 1175 4473 a
1205 4412 1331 4474 Deo
1362 4411 1426 4473 in
1457 4430 1597 4474 esse
1628 4420 2095 4493 processerunt,
2110 4431 2240 4476 non

742 4511 808 4573 in
858 4529 984 4572 una
1035 4509 1462 4592 processionis
1511 4510 1723 4592 specie
1770 4518 1834 4573 et
1885 4511 2093 4573 causis
2143 4530 2239 4574 se-

739 4609 967 4671 cundis
1012 4615 1413 4690 competente
1455 4608 1642 4690 plene
1683 4608 1969 4671 relucere
2009 4609 2236 4690 potuit,

737 4708 850 4770 sed
881 4707 946 4769 in
979 4707 1197 4768 multis
1226 4706 1569 4787 generibus
1603 4706 2082 4788 processionum
2113 4726 2240 4770 am-

741 4806 912 4889 plius
983 4805 1344 4868 innotescit.
1411 4805 1744 4868 Cernimus
1811 4823 2001 4888 porro
2070 4808 2240 4888 apud

741 4919 879 4976 nOS‚
939 4904 1109 4986 quod
1167 4902 1656 4965 artificiatorum
1718 4921 1908 4965 causa
1965 4905 2241 4966 causatis

740 5003 875 5066 suis
916 5001 1188 5084 propriae
1228 5009 1469 5065 naturae
1507 5001 1993 5064 substantialem
2035 5003 2241 5084 perfe-

741 5101 1018 5164 ctionem
1050 5117 1178 5162 non
1209 5099 1816 5162 communicat.Non
1846 5100 2018 5161 enim
2052 5101 2243 5163 homo

742 5219 857 5281 per
885 5207 1087 5261 artem
1127 5215 1420 5280 operanS,
1452 5197 1796 5260 artificiato
1835 5198 2240 5261 essentialem

745 5317 876 5360 suae
932 5296 1172 5380 speciei
1231 5294 1452 5358 influit
1495 5295 1980 5378 perfectionem,
2032 5305 2104 5360 ut
2149 5297 2241 5360 ef-

2744 4473 3235 4538 ARTICULUS
3280 4473 3457 4538 XLI.

2355 4617 2908 4686 Quemadmodum
2936 4615 3010 4673 in
3043 4615 3343 4688 triformi
3377 4634 3727 4675 causarum
3749 4635 3859 4693 ye-

2434 4725 2591 4765 nere
2612 4705 2910 4780 primum
2950 4704 3035 4762 sit
3077 4704 3537 4764 universorum
3564 4724 3781 4766 causa.

2359 4899 2803 5161 QUATUOR
2841 4900 3081 4963 etenim
3121 4899 3575 4963 exsistentibus
3620 4901 3859 4975 causiS,

2526 5001 2668 5063 duae
2715 4999 2977 5083 quidem
3029 4998 3393 5062 intrinsecae
3440 5005 3609 5073 sunt,
3660 5006 3861 5062 mate-

2357 5120 2388 5161 r

2392 5099 2449 5162 ia
2478 5098 2531 5162 is
2598 5098 2819 5181 utique
2884 5104 2948 5160 et
3012 5097 3321 5170 formalis,
3382 5097 3523 5161 duae
3586 5099 3863 5179 proinde

2355 5198 2749 5271 extrinsecae,
2778 5203 2997 5279 utpote
3028 5196 3243 5259 finalis
3272 5203 3337 5259 et
3365 5195 3677 5259 efficiens,
3694 5197 3861 5271 Quo-

2356 5297 2533 5360 niam
2566 5296 2759 5379 igitur
2790 5303 3119 5360 ostensum
3150 5302 3267 5370 est,
3300 5294 3585 5377 primum
3614 5295 3863 5377 princi·
3888 5327 3983 5366 m,
4006 5339 4103 5374 m,
4128 5339 4171 5368 ι,

3970 1513 3983 1522 .
4014 1496 4099 1524 1111
4118 1515 4129 1522 .
