4300 6259
818 467 898 531 64
1377 489 1799 536 ELRMENTATlo
1841 488 2300 537 Pfllnosorch.
2346 508 2427 519 -
2466 490 2543 536 ΒΕ
2585 489 2954 539 coRPoRuws
2998 492 3386 541 coeLsssrmus

823 672 959 717 ram
983 656 1593 741 consistentiamque
1613 658 1898 721 universi
1920 659 2325 722 servandam?
2356 658 2405 721 A
2436 660 2808 744 puriorique
2839 670 3016 746 parte
3055 670 3360 746 putantur
3399 683 3537 728 esse
3576 684 3756 747 aquae
3793 684 3937 747 quae

904 753 1032 816 Nec
1080 753 1328 836 fingere
1389 764 1568 840 potes
1618 776 1736 819 nec
1784 757 2020 831 dicere,
2063 757 2199 821 haec
2250 776 2327 819 ex
2434 776 2629 841 super
2668 758 3153 822 firmamentum
3204 780 3343 825 esse
3392 761 3713 825 dicuntur.
3760 761 3935 824 Hanc

826 851 1184 932 ignorantia
1241 874 1407 919 verae
1466 856 1886 938 philosophiae
1957 854 2229 937 proferri
2308 872 2321 918 :
2433 856 2805 939 opinionem
2849 866 3212 940 sequenteS‚
3260 858 3537 923 dicimus
3581 878 3778 942 aquas
3829 880 3934 923 su-

824 970 1024 1032 quum
1073 958 1138 1014 et
1184 952 1473 1016 doctores
1526 953 1888 1016 scholastici
1941 954 2004 1016 in
2051 954 2327 1036 philoso-
2434 972 2548 1035 per
2578 952 3061 1017 firmamentum
3094 974 3233 1018 6336
3264 955 3640 1020 firmissime
3672 965 3935 1040 propter

825 1048 976 1130 phia
1038 1051 1323 1132 praeclari
1382 1052 1474 1114 sic
1535 1051 1873 1125 senserint,
1927 1059 1990 1115 et
2041 1052 2132 1114 sic
2183 1070 2325 1115 esse
2432 1051 2663 1115 coelum
2696 1052 3161 1135 crystallinum,
3197 1054 3367 1135 quod
3406 1054 3618 1117 Sancti
3662 1054 3751 1117 ibi
3792 1074 3931 1117 esse

825 1146 1254 1228 probaverint.
1299 1149 1549 1211 Etenim
1592 1148 1971 1213 Guillclmus
2015 1150 2319 1212 Parisien·
2428 1149 2799 1229 affirmant3
2833 1158 2897 1213 et
2926 1150 3204 1214 dicimus
3234 1153 3404 1234 quod
3439 1154 3706 1216 materia
3734 1153 3929 1234 hujus

822 1246 911 1309 sis
982 1247 1146 1312 libro
1214 1249 1292 1313 de
1355 1250 1660 1313 Universo
1727 1268 1740 1311 ε
1805 1250 2142 1313 Generatio
2202 1251 2325 1331 (in-
2430 1248 2574 1311 coeli
2608 1249 2809 1311 rarior
2846 1267 2920 1311 ac
2958 1248 3254 1314 subtilior
3292 1270 3437 1333 pars
3468 1260 3563 1314 est
3596 1252 3770 1314 illius
3802 1254 3928 1335 pri-

821 1345 988 1426 quit)
1028 1365 1255 1410 novem
1301 1348 1607 1411 coelorum
1651 1367 1727 1411 ex
1767 1368 1932 1430 aqua
1969 1356 2064 1411 est
2106 1348 2273 1411 facta
2306 1365 2319 1410 :
2433 1347 2756 1410 mordialis
2790 1347 3081 1410 informis
3115 1349 3413 1413 materiae.

821 1445 1058 1527 alioqui
1105 1446 1262 1528 quid
1307 1446 1550 1509 factum
1594 1454 1691 1509 est
1729 1447 1808 1509 de
1846 1466 2012 1529 aqua
2052 1447 2182 1519 illa,
2215 1455 2325 1509 aut
2509 1445 2815 1510 Praeterea
2855 1446 3049 1508 etiam
3080 1447 3372 1522 ThomaS,
3405 1448 3703 1530 quamvis
3744 1448 3931 1512 uber-

822 1543 934 1606 ubi
969 1546 1362 1627 permansit?
1393 1553 1513 1609 etc.
1550 1546 1626 1607 Et
1665 1545 1896 1608 iterum
1941 1545 2004 1608 in
2045 1545 2269 1608 eodem
2305 1563 2319 1607 :
2429 1544 2543 1605 tim
2578 1542 2855 1606 firmiter
2892 1552 3152 1618 asserat,
3186 1546 3590 1609 Aristotelem
3627 1564 3923 1628 sequenS,

823 1642 1187 1717 DeclarabO,
1221 1643 1330 1717 ait,
1367 1642 1846 1706 firmamentum
1895 1643 2133 1706 factum
2182 1662 2321 1706 esse
2429 1643 2600 1725 quod
2647 1643 2933 1705 coelestia
2980 1660 3245 1726 corpora
3296 1662 3423 1707 non
3474 1645 3604 1707 sint
3653 1645 3929 1709 elemen-

822 1742 885 1803 in
919 1741 1129 1804 medio
1166 1760 1498 1823 aquarum.
1533 1742 1710 1815 Quod
1751 1742 1803 1804 si
1846 1742 2084 1804 dixeris
2124 1761 2319 1823 aquas
2428 1741 2583 1803 taris
2642 1749 2904 1816 naturae,
2958 1749 3237 1804 attamen
3289 1742 3474 1804 istam
3536 1751 3927 1825 pertractans

819 1838 908 1901 ibi
955 1858 1349 1922 supervacue
1404 1840 1740 1913 contineri,
1796 1839 2195 1923 respondebo
2244 1840 2317 1901 ti·
2352 1839 2399 1901 B
2432 1840 2786 1913 materiam,
2820 1848 2883 1903 et
2911 1840 3092 1922 quasi
3136 1841 3303 1902 inter
3342 1860 3538 1923 aquas
3577 1841 3927 1924 deprehen-

818 1938 906 2012 bi,
940 1938 1110 2021 quod
1141 1939 1308 2001 sicut
1340 1940 1404 2001 in
1438 1940 1675 2002 mundo
1708 1940 1828 2002 isto
1869 1938 2156 2002 inferiori
2189 1956 2317 2001 non
2428 1958 2559 2011 suS,
2605 1956 2679 1999 ac
2725 1939 2921 2001 veluti
2978 1949 3270 2003 metuens
3325 1959 3405 2005 ne
3453 1941 3760 2005 obruatur
3809 1943 3926 2006 eis-

818 2046 968 2101 sunt
1024 2057 1440 2121 supervacuae
1486 2057 1688 2121 aquae,
1741 2057 1818 2101 ex
1879 2038 2114 2121 quibus
2165 2038 2315 2101 facti
2426 2036 2594 2109 dem,
2629 2037 2681 2099 si
2727 2056 2912 2101 secus
2956 2057 3150 2120 quam
3190 2039 3375 2104 docet
3408 2040 3736 2124 Scriptura
3777 2042 3923 2104 inde

819 2145 968 2200 sunt
1000 2138 1228 2219 pisces,
1262 2138 1370 2219 qui
1404 2145 1468 2201 et
1505 2145 1964 2201 conservantur
1993 2137 2056 2199 in
2089 2137 2315 2219 aquis3
2424 2136 2576 2217 quid
2611 2137 2902 2209 senserit,
2936 2138 3025 2199 ait
3057 2138 3121 2199 in
3155 2139 3361 2221 prima
3392 2145 3571 2221 parte
3600 2140 3917 2204 Summae:
3950 2170 3999 2212 q.
4022 2170 4223 2209 amm.

818 2237 911 2299 sic
942 2254 1060 2298 nec
1092 2254 1502 2319 supervacuae
1533 2244 1684 2299 sunt
1717 2255 1898 2318 aquae
1929 2236 2313 2319 superioreS,
2422 2235 2777 2315 Augustino
2817 2242 3109 2311 testante,
3147 2236 3349 2317 major
3389 2245 3485 2299 est
3524 2236 3719 2317 hujus
3762 2237 3923 2301 Scri·
3951 2221 3997 2261 ²·

818 2354 897 2397 ex
956 2333 1193 2417 quibus
1243 2334 1392 2397 facti
1442 2342 1593 2397 sunt
1641 2335 1806 2398 coeli.
1861 2335 2312 2397 Verumtamen
2424 2340 2627 2414 pturae
2657 2333 3021 2407 auctoritas,
3056 2352 3247 2415 quarn
3279 2336 3488 2397 omnis
3531 2335 3771 2415 ingenii
3805 2336 3921 2397 hu-

820 2433 1005 2514 longe
1048 2432 1402 2496 subtilioris
1447 2433 1727 2497 materiae
1767 2452 1839 2495 ac
1878 2432 2315 2515 dispositionis
2424 2431 2596 2493 mani
2654 2432 2990 2514 capacitas.
3044 2432 3284 2496 Idcirco
3334 2433 3698 2507 dicendum,
3749 2436 3919 2517 quod

817 2532 1152 2596 nobilioris
1200 2540 1350 2595 sunt
1399 2550 1665 2615 corpora
1716 2532 1826 2594 illa
1873 2532 2197 2611 coelestia3
2250 2532 2314 2594 in
2422 2530 3021 2612 quomodocumque
3058 2539 3166 2593 aut
3206 2532 3709 2614 qualescumque
3740 2552 3921 2615 aquae

815 2632 1125 2714 gravitate
1165 2649 1420 2713 quoque
1459 2639 1522 2693 et
1562 2631 1817 2694 levitate
1860 2630 1951 2693 sic
1995 2631 2317 2694 moderata
2422 2629 2550 2690 sint
2589 2648 2783 2711 super
2823 2628 3331 2705 firmamentum,
3365 2649 3769 2713 nequaquam
3811 2632 3922 2694 du·

815 2738 985 2805 sunt,
1030 2737 1101 2792 ut
1139 2749 1256 2793 nec
1297 2730 1681 2793 descendere
1722 2748 1930 2812 neque
1974 2729 2315 2792 ascendere
2422 2727 2757 2791 bitandum
2803 2736 2901 2791 est
2942 2747 3049 2791 eas
3096 2728 3185 2791 ibi
3230 2748 3393 2804 csse,
3438 2737 3503 2792 et
3546 2738 3697 2793 sunt
3738 2749 3921 2813 aquae

814 2830 907 2891 eis
939 2828 1502 2910 conveniatzquod
1531 2827 1646 2890 tibi
1683 2828 1919 2890 mirum
1952 2828 2156 2891 videri
2187 2844 2312 2891 non
2421 2826 2823 2909 corporales3
2866 2826 3086 2908 quales
3136 2845 3286 2890 vero
3336 2828 3485 2903 sint,
3528 2836 3780 2911 oportet
3826 2830 3918 2892 in·

815 2926 1026 3001 debet,
1080 2945 1281 3009 quum
1328 2934 1393 2989 et
1439 2926 1608 3009 apud
1668 2945 1782 2989 nos
1842 2926 2132 3008 quaedam
2186 2926 2314 2988 sint
2424 2926 2699 3007 quirere,
2732 2933 2853 2988 etc.

817 3026 1014 3088 mixta
1045 3026 1132 3088 ita
1160 3032 1654 3107 contemperata,
1689 3032 1758 3087 ut
1803 3024 1868 3086 in
1912 3024 2122 3088 medio
2162 3041 2313 3106 quo·
2344 3023 2387 3086 C
2502 3024 2816 3107 AmpliuS,
2866 3032 2937 3087 ut
2974 3024 3415 3088 Bonaventura
3463 3043 3719 3109 quoque
3766 3027 3921 3091 fate-

814 3126 958 3188 dam
1002 3124 1342 3208 persistere
1383 3124 1539 3206 ipsis
1570 3124 1653 3185 sit
1684 3123 1988 3186 naturale.
2025 3123 2132 3186 His
2165 3141 2311 3186 con·
2425 3131 2548 3199 tur,
2587 3140 2713 3186 non
2756 3122 3066 3185 debemus
3111 3142 3355 3186 sacram
3400 3124 3793 3208 Scripturam
3838 3127 3919 3189 ad

813 3224 1074 3287 cordant
1120 3222 1354 3304 scripta
1405 3221 1730 3286 Guillclmi
1776 3221 2313 3285 Antisiodorensis
2424 3222 2949 3305 philosophorum
3008 3222 3302 3303 dogmata
3358 3230 3747 3306 retorquere,
3808 3226 3920 3288 sed

812 3323 1121 3407 episcopi,
1155 3322 1432 3386 doctoris
1471 3321 1715 3396 eximii,
1761 3321 1826 3383 in
1868 3321 2130 3384 Summa
2174 3340 2309 3396 sua,
2423 3338 2788 3384 econverso.
2833 3320 3160 3403 Scriptura
3200 3321 3392 3402 igitur
3431 3323 3737 3397 veritatiS,
3780 3343 3923 3406 quae

812 3423 975 3485 libro
1019 3421 1336 3499 secund03
1370 3420 1480 3483 sed
1524 3428 1589 3483 et
1629 3420 1866 3503 scripta
1905 3420 2187 3483 Doctoris
2232 3420 2312 3481 ir-
2423 3418 2824 3501 apertissime
2874 3418 3158 3501 loquitur
3214 3420 3292 3482 de
3351 3420 3451 3482 his
3499 3421 3682 3502 aquis
3731 3429 3795 3485 et
3843 3422 3921 3485 de

813 3519 1232 3602 refragabilis,
1266 3518 1630 3592 Alexandri,
1665 3518 1728 3580 in
1762 3518 2011 3601 Scripto
2041 3517 2308 3582 secundi
2424 3516 2842 3600 productione
2892 3516 3279 3580 firmamenti
3333 3535 3411 3580 ex
3458 3518 3553 3580 eis
3601 3519 3667 3581 in
3714 3520 3925 3583 medio

813 3619 1284 3683 Sententiarum
1326 3617 1644 3680 dicentis:
1679 3618 2180 3680 Firmamentum
2221 3618 2312 3680 vi·
2423 3615 2817 3687 carumdem,
2868 3632 2994 3678 non
3054 3623 3151 3678 est
3196 3616 3274 3678 ad
3321 3616 3678 3680 Aristotelis
3727 3626 3923 3681 retor-

813 3720 1000 3782 detur
1037 3736 1113 3779 ex
1159 3715 1421 3779 informi
1461 3734 1600 3779 6336
1641 3716 1904 3779 materia
1944 3716 2022 3778 de
2062 3735 2189 3798 qua
2233 3715 2314 3778 le·
2424 3714 2676 3795 quenda
2717 3712 3091 3776 doctrinam.

524 3843 754 3895 Gen.1‚2.
810 3818 983 3899 gitur
1025 3815 1287 3880 Genesis
1331 3814 1562 3897 primo,
1606 3814 1881 3897 Spiritus
1927 3814 2181 3878 Domini
2222 3813 2312 3876 fe·
2484 3813 2933 3876 Verumtamen
2954 3812 3319 3894 philosophi
3342 3813 3542 3876 nostri
3574 3813 3640 3876 in
3674 3814 3773 3877 his
3792 3815 3926 3878 Ari-

813 3916 1071 3980 rebatur
1111 3932 1306 3996 super
1345 3931 1562 3995 aquas.
2425 3911 2715 3974 stotelem
2746 3910 3385 3991 assecuti,assignant
3414 3914 3921 3977 concordantiam

894 4016 1016 4078 Ista
1047 4014 1166 4077 hoc
1199 4013 1338 4076 loco
1370 4031 1494 4075 non
1528 4012 1652 4074 nisi
1688 4011 2066 4075 brevissime
2097 4018 2309 4093 tango,
2423 4010 2788 4092 quamdam,
2824 4009 3108 4072 dicentes
3146 4009 3314 4091 quod
3348 4010 3564 4073 divina
3593 4011 3921 4094 Scriptura

523 4143 780 4201 cs,2,xxn‚
813 4134 955 4198 quae
984 4114 1200 4177 omnia
1229 4130 1424 4194 super
1449 4110 1803 4173 secundum
1838 4110 2311 4173 Sententiarum
2422 4128 2495 4171 ac
2540 4110 2741 4171 sancti
2796 4108 3084 4171 doctores
3134 4125 3399 4191 corpora
3456 4109 3564 4172 illa
3618 4110 3927 4174 dixerunt

517 4207 781 4265 1’·⁵⁷⁰⁸²⁸·
812 4213 1117 4278 diffusius
1159 4210 1504 4274 introduxi.
2342 4209 2391 4272 D
2420 4206 2825 4269 elementaris
2858 4214 3117 4281 naturae,
3138 4214 3397 4289 propter
3424 4208 3918 4273 similitudinem

892 4313 1161 4393 Insuper
1199 4307 1518 4380 AlbertuS,
1554 4306 1846 4388 quamvis
1893 4306 1970 4368 de
2014 4305 2114 4368 his
2158 4306 2309 4368 hinc
2420 4305 3062 4386 convenientiamque
3112 4322 3334 4367 eorum
3385 4325 3532 4369 cum
3580 4307 3917 4371 elementis

813 4411 962 4474 inde
1003 4409 1187 4472 aliter
1229 4404 1579 4487 scripserit,
1613 4404 1816 4467 nihilo
1861 4405 2073 4467 minus
2117 4422 2312 4487 super
2420 4406 2485 4467 in
2518 4404 2986 4487 diaphaneitate
3016 4411 3078 4465 et
3106 4404 3389 4467 claritate
3426 4423 3500 4467 ac
3530 4405 3917 4487 quibusdam

811 4508 1166 4573 secundum
1215 4504 1686 4568 Sententiarum
1735 4502 1916 4584 quasi
1969 4502 2310 4565 evidentis·
2417 4502 2780 4567 effectibus
2833 4502 3066 4565 Verum
3125 4503 3573 4566 concordantia
3625 4505 3745 4567 ista
3788 4524 3917 4569 non

810 4609 972 4672 sima
1013 4604 1412 4669 attestatione
1458 4610 1520 4665 et
1561 4602 1934 4665 auctoritate
1977 4602 2307 4685 scripturae
2417 4610 2514 4667 est
2543 4602 2665 4665 nisi
2698 4602 2776 4664 ad
2816 4620 3027 4664 aerem
3068 4608 3132 4664 et
3172 4604 3636 4684 apparentiam,
3670 4622 3795 4667 non
3836 4606 3917 4668 ad

810 4715 1044 4771 sanctae
1083 4706 1398 4770 Geneseos
1437 4701 1698 4773 territus
1737 4710 1800 4764 et
1830 4702 2142 4776 devictus,
2178 4720 2304 4789 non
2418 4721 2549 4765 rem
2578 4709 2640 4764 et
2670 4700 3199 4782 veritatemtquia
3228 4701 3399 4764 hunc
3429 4721 3685 4765 sensum
3716 4705 3917 4767 sancti

808 4808 993 4871 aliter
1019 4824 1212 4869 ausus
1242 4810 1338 4866 est
1369 4802 1542 4884 loqui
1575 4808 1685 4864 aut
1713 4800 1992 4864 scribere
2032 4818 2046 4863 z
2084 4801 2303 4876 Nobis,
2415 4802 2627 4864 Patres
2670 4798 3019 4861 excludunt
3064 4817 3137 4860 ac
3182 4798 3547 4881 reprobant,
3593 4800 3657 4863 B.
3704 4802 3919 4883 Augu-

808 4907 1129 4989 inquiens,
1176 4901 1617 4967 rationabilius
1661 4900 2004 4963 dicendum
2056 4900 2307 4962 videtur
2416 4899 2583 4961 stino
2628 4895 2793 4958 libro
2834 4896 2913 4959 de
2954 4896 3260 4958 Trinitate
3304 4897 3556 4960 dicente
3598 4898 3913 4973 :Quidam

807 5006 978 5088 quod
1027 5006 1116 5067 ait
1160 5002 1473 5083 Magister,
1527 5006 1746 5081 utpote
1792 5018 1870 5061 ex
1930 4998 2137 5082 prima
2198 4998 2307 5061 illa
2416 5004 2644 5080 praeter
2673 4995 2945 5056 humum
2975 5001 3040 5056 et
3069 4994 3425 5069 humorem,
3459 4996 3523 5058 id
3552 5005 3648 5060 est
3677 5005 3911 5063 terram

809 5102 1068 5166 informi
1115 5100 1282 5163 mole
1326 5098 1493 5161 facta
1522 5116 1662 5160 6336
1693 5097 1976 5160 coelestia
2014 5113 2301 5178 corpora,
2414 5102 2477 5157 et
2506 5111 2762 5175 aquam,
2781 5100 2844 5155 et
2874 5100 3102 5175 praeter
3131 5111 3345 5155 aerem
3376 5100 3439 5156 et
3468 5093 3704 5174 ignem,
3728 5098 3912 5178 quin-

807 5210 872 5267 et
900 5201 1070 5283 quod
1102 5198 1365 5262 materia
1395 5196 1506 5259 illa
1535 5196 1600 5257 in
1633 5194 1948 5278 superiori
1980 5194 2080 5257 sui
2123 5202 2303 5277 parte
2412 5201 2540 5255 tam
2572 5192 2789 5254 nescio
2820 5210 3007 5273 quam
3040 5191 3353 5255 inducunt
3379 5196 3910 5260 essentiam.San-

806 5300 1010 5365 rarior
1035 5297 1160 5361 fuit
1186 5304 1378 5379 atque
1415 5293 1714 5357 subtilior
1747 5312 1760 5357 ε
1795 5294 1873 5357 (16
1914 5311 2040 5375 qua
2077 5293 2302 5357 rariori
2415 5300 2518 5355 cto
2546 5308 2801 5374 quoque
2831 5289 3167 5353 Ambrosio
3196 5291 3261 5353 in
3292 5309 3410 5356 suo
3438 5292 3903 5359 Hexaemeron:
