4300 6259
874 509 995 573 276

871 697 1121 771 asserit,
1165 703 1230 759 et
1272 697 1668 778 prioritatem
1711 713 1852 758 esse
1896 693 2230 755 dumtaxat
2274 709 2369 753 se·
2398 689 2451 751 A
2484 689 2813 752 intellectu

871 796 1154 858 cundum
1184 802 1425 858 naturae
1453 795 1767 858 ordinem.
1786 828 1866 838 —
1885 791 2005 855 Sed
2040 790 2369 852 irrationa-

872 894 1022 956 bilis
1041 894 1296 958 videtur
1326 894 1462 956 haec
1494 891 1933 975 philosophia:
1955 890 2163 953 causis
2194 888 2367 950 enim

871 993 1170 1055 secundis
1226 992 1575 1055 attribuere
1632 990 1935 1052 virtutem
1997 987 2366 1058 creativam‚

872 1091 1331 1153 inconveniens
1363 1107 1624 1172 prorsus
1651 1095 1765 1150 est.
1802 1086 2028 1149 Creare
2069 1084 2243 1148 enim
2274 1090 2371 1146 est

873 1188 1143 1252 infinitae
1172 1189 1430 1251 virtutis
1454 1187 1796 1268 :quoniam
1827 1203 1954 1248 non
1985 1203 2146 1256 esse,
2181 1183 2370 1245 distat

870 1287 952 1349 ab
1001 1306 1140 1350 esse
1190 1285 1465 1349 infinite.
1521 1286 1792 1365 {deoque
1842 1284 2052 1364 ipsum
2102 1282 2182 1343 ad
2231 1298 2370 1344 esse

871 1385 1197 1459 reducere,
1233 1384 1506 1446 infinitae
1549 1390 1646 1446 est
1686 1382 2004 1464 potentiae.
2039 1378 2226 1442 Nulla
2265 1397 2371 1441 au-

869 1491 1003 1546 tem
1048 1502 1239 1545 causa
1278 1482 1558 1545 secunda
1596 1487 1694 1543 est
1734 1477 2364 1560 infinitae·potentiae.

868 1583 1130 1655 Rursus,
1176 1588 1352 1643 actus
1402 1579 1764 1651 creationiS,
1811 1577 1962 1658 quia
2005 1576 2167 1639 nihil
2215 1594 2369 1656 prae-

869 1679 1196 1762 supponit,
1256 1678 1424 1741 cadit
1482 1696 1672 1759 super
1731 1676 1944 1757 ipsum
2010 1693 2150 1737 esse
2218 1674 2369 1735 sim·

870 1778 1142 1860 pliciter.
1201 1777 1463 1840 Nullum
1521 1783 1737 1838 autem
1785 1792 1978 1856 agens
2023 1773 2084 1834 in
2135 1790 2369 1852 genere

1325 528 1404 573 DE
1445 527 1674 574 Lunum
1717 524 2098 574 CHRISTIANAE
2141 521 2447 579 TnnomAE,
2493 521 2667 566 menn
2713 522 2750 566 l.
2799 538 2877 548 —
2920 521 3058 566 ΛΒΤ.
3104 521 3293 580 XXXV,
3338 521 3531 568 XXXVI

2866 707 2881 752 :
2932 689 3259 770 objectum
3308 709 3587 774 namque
3632 689 3971 753 voluntatis

2482 797 2579 850 est
2620 787 2862 851 bonum
2908 779 3325 852 intellectum.
3360 789 3648 871 Denique
3694 787 3973 851 formalis

2481 887 2805 967 generatio
2834 886 3009 949 aliud
3040 905 3167 950 non
3198 895 3296 950 est
3324 888 3449 950 nisi
3494 887 3822 969 processio
3860 885 3978 948 for-

2485 1005 2602 1049 mae
2632 1005 2668 1048 a
2706 985 2933 1059 forma,
2968 985 3135 1047 sicut
3175 985 3390 1047 fluunt
3428 986 3587 1049 radii
3629 983 3907 1047 visuales
3942 1003 3977 1045 a

2482 1083 2692 1146 colore
2721 1091 2783 1146 et
2816 1084 3077 1146 lumine.
3114 1083 3485 1146 Essentialis
3515 1085 3729 1146 denuo
3758 1084 3979 1144 emica-

2482 1182 2570 1243 tio
2601 1190 2717 1254 est,
2744 1183 2897 1244 dum
2929 1201 3131 1244 unum
3164 1181 3671 1244 substantialiter
3702 1199 3979 1243 commu-

2482 1280 2655 1342 nicat
2682 1298 2750 1341 se
2779 1279 2959 1341 alteri
2998 1297 3011 1340 :
3045 1279 3585 1360 quemadmodum
3618 1280 3697 1341 de
3732 1278 3891 1340 ideis
3920 1287 3981 1341 et

2481 1377 2787 1459 separatis
2853 1396 3065 1439 rerum
3134 1377 3599 1458 quidditatibus
3677 1377 3979 1440 Platonici

2480 1475 2723 1557 opinati
2755 1482 2921 1536 sunt.
2948 1475 3312 1548 EnimverO,
3344 1475 3499 1538 dum
3530 1493 3723 1537 causa
3754 1475 3981 1556 produ·

2482 1591 2653 1647 cenS,
2680 1591 2793 1654 per
2812 1579 3315 1654 praeconceptam
3352 1574 3451 1634 sui
3484 1572 3635 1635 facti
3669 1573 3977 1635 rationem

2480 1679 2544 1733 et
2600 1672 2885 1752 speciem
2941 1672 3091 1752 agit,
3151 1671 3468 1734 emanatio
3528 1670 3979 1734 intellectualis

2480 1776 2594 1831 est.
2650 1768 2769 1831 Sed
2818 1776 2882 1831 et
2926 1768 3320 1850 sapientialis
3370 1769 3493 1831 erit
3550 1769 3601 1831 si
3663 1768 3977 1832 factorum

867 1877 1153 1939 extendit
1207 1895 1274 1938 se
1331 1875 1409 1936 ad
1477 1893 1616 1938 esse
1684 1873 2038 1935 secundum
2105 1889 2195 1944 se,
2256 1870 2365 1932 sed
2407 1866 2453 1927 B
2482 1867 2771 1929 ordinem
2804 1885 2994 1928 causa
3024 1866 3343 1947 largiatur.
3378 1867 3479 1930 Nil
3512 1886 3749 1950 nempe
3782 1866 3983 1948 probi·

871 1975 1079 2037 solum
1109 1975 1186 2036 ad
1220 1974 1479 2036 modum
1513 1973 1679 2035 entis
1711 1970 2210 2054 producendum.
2248 1969 2369 2031 Sed

2482 1964 2589 2026 bet
2632 1964 2744 2027 has
2787 1966 3225 2046 processiones
3262 1973 3372 2027 aut
3412 1965 3697 2046 ipsarum
3737 1965 3983 2047 aliquas

870 2074 950 2135 de
980 2073 1100 2136 hoc
1131 2073 1253 2134 erit
1288 2071 1443 2134 alibi
1483 2070 1831 2152 inquisitio.
1868 2069 2187 2141 Ceterum,
2220 2067 2372 2148 quia
2482 2063 2841 2125 coincidere
2886 2063 2951 2124 in
2997 2082 3083 2124 re.

871 2171 1036 2232 hanc
1075 2189 1287 2232 rerum
1335 2168 1806 2250 processionem
1849 2185 1886 2228 a
1925 2165 2155 2247 primo,
2191 2165 2372 2247 ponit

870 2275 1174 2350 tanquam
1245 2267 1597 2330 naturalem
1665 2265 2107 2338 effluxionem,
2170 2264 2371 2326 salvat

870 2366 1087 2428 omnia
1116 2366 1324 2446 quoad
1355 2372 1610 2446 tempus
1650 2363 1842 2426 simul
1873 2363 2008 2424 fore
2039 2362 2364 2444 producta.

869 2464 1007 2527 Non
1057 2470 1155 2525 est
1199 2471 1413 2526 autem
1466 2463 1782 2524 intentum
1829 2461 1894 2523 in
1937 2461 2057 2522 hoc
2101 2460 2369 2522 articulo

869 2562 1254 2644 positionem
1297 2562 1460 2627 hanc
1507 2561 1904 2642 impugnare,
1936 2558 2044 2620 sed
2090 2577 2231 2620 eam
2274 2558 2366 2620 sic

868 2661 1168 2723 recitasse
1213 2659 1460 2722 sufficit
1491 2677 1506 2722 :
1540 2658 1855 2740 posterius
1900 2657 2072 2720 enim
2117 2657 2239 2718 erit
2272 2658 2365 2719 in·

867 2758 1116 2840 dagatio
1156 2759 1236 2820 de
1278 2757 1378 2819 his
1421 2775 1562 2838 quae
1605 2755 1905 2819 continet.

1205 3018 1694 3083 ARTICULUS
1738 3017 2020 3081 XXXV.

865 3164 962 3224 De
991 3159 1394 3236 multiformi
1421 3159 1826 3218 emanatione
1855 3167 1914 3217 et
1944 3157 2365 3217 distinctione

1134 3250 1554 3309 diversarum
1593 3247 2098 3322 processionum.

1008 3443 1374 3518 NTEQUAM
1415 3460 1567 3505 vero
1613 3442 2094 3516 determinetur,
2141 3449 2359 3504 utrum

1036 3562 1370 3627 processus
1429 3559 1640 3604 rerum
1689 3559 1726 3601 a
1773 3541 1982 3621 prima
2031 3559 2222 3602 causa
2277 3541 2361 3603 sit

867 3643 1172 3707 naturalis
1201 3640 1494 3712 effluxio,
1525 3659 1605 3701 an
1638 3639 1850 3721 potius
1881 3638 2081 3701 libera
2117 3646 2183 3701 et
2218 3639 2361 3701 arti-

867 3741 1099 3804 ficialis
1129 3738 1416 3813 diffusio,
1450 3737 1552 3800 vel
1583 3744 1752 3800 certe
1784 3736 2071 3799 formalis
2100 3755 2360 3817 genera·

865 3841 976 3915 tio,
1037 3847 1148 3902 aut
1210 3837 1568 3900 essentialis
1635 3835 1948 3909 emicatio‚
2009 3853 2089 3896 an
2161 3837 2360 3916 magis

868 3935 1315 4002 intellectualis
1386 3943 1449 3998 et
1519 3933 1914 4016 sapientialis
1991 3933 2309 3995 emanatio
2342 3952 2358 4012 ;

867 4035 1167 4100 convenit
1195 4035 1273 4096 de
1302 4033 1402 4096 his
1433 4031 1909 4095 distinctionem
1941 4039 2006 4093 et
2033 4031 2362 4112 descripti-

865 4154 1054 4198 onem
1098 4132 1552 4215 praeinducere.
1586 4130 1822 4192 Natura
1864 4129 2106 4211 quippe
2156 4130 2359 4192 deter-

2802 2290 3291 2355 ARTICULUS
3340 2243 3657 2353 xxxw.

2482 2433 2665 2498 Quod
2714 2431 3036 2505 processio
3082 2432 3336 2488 entium
3385 2449 3425 2488 a
3471 2431 3602 2490 Deo
3653 2430 3981 2489 benedicto

2560 2539 2689 2578 non
2720 2521 2806 2580 sit
2836 2519 3171 2578 naturalis
3202 2520 3507 2594 effluxio,
3544 2526 3618 2577 ut
3655 2519 3981 2578 dixerunt

2557 2610 2897 2668 Avicenna
2936 2616 2997 2667 et
3025 2608 3623 2682 Peripateticorum
3664 2609 3980 2682 plurimi,

2556 2717 2763 2776 neque
2810 2698 3174 2756 essentialis
3220 2698 3543 2766 emicatiO,
3574 2705 3649 2755 ut
3688 2697 3785 2756 ait
3826 2699 3982 2758 Pla-

2557 2796 2644 2855 to,
2682 2805 2799 2845 nec
2833 2787 3139 2861 formalis
3174 2787 3538 2862 yeneratio,
3584 2793 3660 2845 ut
3701 2786 3979 2864 quidam

2555 2877 2813 2951 opinati
2848 2883 3024 2935 sunt.

2402 3048 2445 3111 C
2480 3048 2770 3249 QUOD
2810 3052 3109 3135 equidem
3143 3051 3211 3114 in
3250 3053 3596 3134 semetipso
3634 3052 3860 3116 sterile
3900 3053 3980 3115 si-

2636 3151 2758 3222 stit,
2784 3150 3193 3212 infecundum
3225 3150 3771 3232 perseveranS‚nil
3812 3169 3981 3233 pror-

2475 3269 2581 3311 sus
2613 3247 2806 3310 habet
2833 3247 3227 3322 honorabile,
3252 3249 3605 3311 secundum
3635 3249 3975 3311 Proclum:

2475 3347 2801 3428 quoniam,
2839 3353 2907 3407 ut
2940 3354 3119 3408 sexto
3162 3345 3387 3408 Primae
3432 3345 3863 3428 philosophiae
3894 3347 3981 3409 ait

2474 3445 2917 3527 PhilosophuS‚
2966 3463 3224 3526 semper
3266 3462 3533 3506 causans
3582 3444 3846 3525 dignius
3884 3453 3979 3508 cst

2475 3543 2857 3626 quandoque
2902 3542 3233 3605 dumtaxat
3271 3551 3336 3605 et
3379 3560 3507 3605 non
3546 3561 3808 3624 semper
3836 3563 3981 3606 cau-

2473 3649 2671 3704 sante.
2737 3640 3021 3704 Causalis
3078 3659 3355 3722 namque
3426 3641 3790 3704 fecunditas
3850 3660 3977 3704 non

2473 3739 2595 3802 nisi
2627 3738 2707 3801 ab
2738 3738 3154 3801 exuberantia
3182 3745 3247 3799 et
3277 3738 3675 3820 plenitudine
3705 3740 3979 3820 quadam

2474 3845 2727 3900 emanat
2770 3835 3033 3917 agentis.
3073 3835 3356 3898 Primum
3394 3853 3605 3916 porro,
3646 3856 3853 3918 quum
3895 3838 3979 3899 sit

2472 3936 2811 4016 optimum,
2864 3941 2927 3996 et
2974 3951 3104 3996 non
3158 3933 3334 3995 aliud
3383 3952 3576 4014 quam
3624 3935 3976 4016 supersub-

2472 4032 2763 4094 stantiale
2810 4032 3049 4106 lumen,
3082 4031 3348 4094 omnino
3378 4039 3442 4093 et
3473 4032 3851 4095 naturaliter
3889 4033 3977 4096 fe-

2472 4131 2754 4192 cundum
2796 4137 2911 4192 est.
2948 4130 3285 4211 Quumque
3328 4129 3411 4192 sit
3455 4125 3669 4211 ip'sum
3716 4148 3977 4213 semper

868 4233 1107 4294 minata
1143 4237 1242 4292 est
1277 4229 1355 4289 ad
1395 4246 1619 4298 unum,
1661 4245 1870 4308 neque
1908 4226 2108 4288 libere
2154 4227 2361 4290 activa
2391 4232 2440 4292 D
2474 4229 2537 4290 in
2579 4229 2677 4291 sui
2721 4229 2965 4310 optima
3003 4228 3423 4310 dispositione
3459 4229 3797 4302 exsistenS,
3830 4230 3977 4310 ejus

863 4337 980 4402 est,
1014 4346 1223 4409 neque
1256 4327 1320 4387 in
1349 4325 1716 4407 oppositum
1747 4344 1876 4387 suae
1914 4326 2183 4388 actionis
2223 4334 2359 4407 pot-

862 4435 976 4490 est.
994 4427 1141 4488 Ideo
1170 4422 1476 4486 naturalis
1506 4421 1866 4503 appellatur
1894 4422 2185 4496 effluxio,
2205 4425 2359 4487 dum

863 4545 1054 4590 causa
1082 4541 1273 4605 agens
1304 4522 1664 4584 necessario
1690 4521 1821 4601 agit
1849 4521 1917 4582 in
1945 4521 2044 4584 sui
2075 4521 2362 4585 diffusio-

864 4644 946 4688 ne
981 4642 994 4686 :
1031 4623 1198 4686 sicut
1233 4622 1342 4682 lux
1380 4619 1530 4682 solis
1574 4618 1783 4680 lucem
1818 4619 2074 4692 emittit,
2115 4627 2179 4682 et
2216 4619 2358 4683 fons

841 4725 1072 4786 ,rivum
1117 4719 1398 4783 scaturit.
1433 4717 1643 4789 Porro,
1677 4718 1830 4779 dum
1870 4735 2062 4798 agens
2101 4737 2217 4799 per
2255 4737 2359 4781 vo-

859 4822 1170 4885 luntatem
1200 4817 1350 4898 agit,
1385 4815 1652 4878 diffusio
1691 4813 1893 4877 libera
1930 4823 2043 4877 est.
2079 4816 2356 4879 Artifici-

857 4921 974 4982 alis
1024 4935 1280 5000 quoque
1327 4914 1584 4986 dicitur,
1631 4914 1984 4976 secundum
2032 4914 2201 4995 quod
2253 4933 2357 4978 vo-

859 5019 1068 5080 luntas
1113 5012 1399 5096 procedit
1449 5012 1512 5073 in
1562 5029 1724 5093 opus
1778 5029 1893 5092 per
1941 5012 2251 5074 rationem
2296 5020 2360 5075 et

855 5116 1128 5178 formam
1207 5109 1570 5173 intellectus
1641 5108 1973 5171 illustrata.
2046 5110 2355 5182 Quoniam

855 5213 1030 5276 enim
1073 5230 1150 5275 ex
1199 5229 1266 5272 se
1315 5227 1480 5271 caeca
1525 5215 1641 5282 est,
1689 5224 1818 5269 non
1866 5207 2045 5288 eligit
2091 5226 2356 5290 operan-

858 5313 1036 5385 dum,
1067 5326 1276 5392 neque
1318 5306 1545 5369 transit
1586 5307 1652 5368 in
1693 5313 1908 5368 actum
1950 5306 2073 5369 nisi
2113 5308 2356 5390 praevio

2472 4344 2731 4409 prorsus
2764 4326 3120 4389 fecunditas
3150 4345 3481 4408 nunquam
3514 4325 3653 4388 sine
3681 4328 3977 4408 germine

2471 4425 2683 4498 stabit,
2730 4426 2839 4488 sed
2890 4424 3010 4486 erit
3057 4442 3313 4505 semper
3352 4430 3417 4486 et
3460 4423 3859 4488 incessanter
3907 4445 3977 4488 se

2471 4523 2842 4586 diffundens
2874 4529 2936 4584 et
2967 4539 3305 4584 exserens:
3335 4522 3485 4596 ime,
3520 4541 3718 4604 quum
3750 4523 3836 4586 sit
3866 4544 3979 4587 na-

2470 4621 2760 4683 turaliter
2810 4619 3080 4692 bonitaS‚
3134 4620 3509 4682 naturaliter
3555 4619 3653 4682 sui
3714 4620 3976 4684 diffusi-

2471 4739 2625 4782 vum
2656 4725 2771 4781 est.
2804 4717 3113 4790 Quoniam
3146 4736 3295 4798 ergo
3326 4718 3797 4781 emanationem
3828 4740 3977 4802 quae

2472 4819 2536 4879 in
2568 4817 2803 4880 divinis
2834 4823 2931 4878 est
2960 4816 3036 4877 ad
3073 4815 3237 4877 intra
3266 4823 3329 4878 et
3371 4816 3753 4892 immanem,
3788 4829 3977 4882 natu·

2469 4914 2599 4977 rale
2661 4913 3193 4996 philosophorum
3256 4913 3611 4994 ingenium,
3674 4920 3976 4997 quamvis

2467 5012 2724 5086 subtile,
2777 5011 3141 5094 prospicere
3190 5028 3315 5073 non
3368 5011 3589 5087 valuit,
3628 5017 3979 5079 emanatio-

2468 5129 2617 5172 nem
2659 5110 2736 5172 ad
2781 5117 2957 5171 extra
2999 5109 3127 5171 Deo
3170 5116 3549 5172 coaeternam
3595 5124 3971 5194 posuerunt.

2466 5208 2774 5282 Quoniam
2805 5215 3019 5270 autem
3040 5207 3206 5269 Deus
3236 5207 3609 5270 naturaliter
3637 5209 3845 5273 bonus
3876 5221 3978 5275 est

2466 5314 2530 5370 et
2560 5306 2984 5370 interminatae
3012 5305 3439 5380 fecunditatis
3462 5306 3697 5372 divinae
3724 5318 3973 5376 naturae
