4300 6259
1023 507 1448 555 autumno
1491 507 1949 555 rutmsormm.
1997 528 2076 539 --
2119 510 2199 556 ΒΕ
2239 510 2439 556 ANutA
2484 510 2811 559 nA‘noNAu
3385 491 3465 560 53

367 676 560 749 ata,in
592 684 904 759 quantum
935 697 1050 761 per
1077 697 1144 741 se
1178 676 1382 761 ipsam
1411 678 1653 762 absque
1683 678 1858 741 omni
1889 676 1940 742 A
1971 681 2232 743 modum
2282 688 2529 745 noctuae
2576 679 2753 745 visus
2802 683 2879 745 ad
2930 680 3233 745 intuitum
3290 681 3462 745 solis,

364 774 650 839 absoluto
695 776 756 839 ei
805 776 1319 859 superadjuncto,
1361 784 1458 841 est
1505 776 1860 841 similitudo

365 872 646 954 quaedam
679 872 914 937 divinae
945 873 1236 937 essentiae
1265 882 1544 957 acceptae
1577 874 1638 937 in
1673 875 1858 939 ratio·

363 990 439 1033 ne
467 989 673 1035 causae
703 971 994 1035 formalis
1023 972 1430 1055 exemplaris,
1465 972 1656 1036 habet
1687 974 1856 1056 quod

363 1087 496 1131 esse
523 1069 820 1133 essentiae
858 1070 1158 1132 convenit
1187 1070 1286 1149 ei;
1316 1070 1378 1133 in
1411 1079 1724 1153 quantum
1753 1090 1856 1134 ve·

363 1184 426 1228 ro
451 1166 542 1228 sic
573 1174 854 1249 sumpta,
871 1175 970 1230 est
998 1166 1272 1231 effectus
1301 1168 1536 1233 divinae
1558 1170 1858 1251 potentiae

362 1272 626 1347 sumptae
667 1265 789 1328 sub
828 1266 1072 1329 ratione
1104 1284 1312 1331 causae
1349 1266 1720 1343 efficientis,
1753 1266 1858 1331 ha·

363 1362 466 1425 bet
495 1364 664 1447 quod
697 1364 998 1427 convenit
1028 1364 1086 1427 ei
1119 1382 1260 1427 esse
1289 1365 1694 1429 exsistentiae.

659 1574 1182 1639 PROPOSITIO
1229 1574 1550 1639 XXXIX.

437 1759 810 1837 Quaedam
859 1762 1052 1827 sunt
1099 1760 1528 1828 difficulter
1574 1776 1856 1841 cog-no-

1965 778 2196 860 Aliqua
2237 779 2499 842 demum
2548 790 2699 843 sunt
2746 780 3195 844 modicissimae
3240 780 3466 844 entita-

1965 876 2068 948 tis,
2111 883 2183 937 ut
2224 876 2485 939 materia
2529 878 2757 959 prima,
2790 886 2853 942 et
2882 878 3053 941 entia
3088 877 3467 943 successivae

1967 983 2208 1039 naturae
2255 982 2318 1038 et
2364 976 2459 1038 eis
2508 994 2775 1049 annexa,
2830 984 2900 1037 ut
2944 983 3155 1039 motus
3204 982 3269 1038 et
3310 983 3467 1038 tem·

1967 1092 2108 1155 puS,
2172 1080 2569 1136 momentum
2642 1074 2705 1135 in
2775 1081 2977 1147 motu,
3042 1073 3283 1136 instans
3352 1092 3463 1135 seu

1965 1192 2142 1232 nunc
2190 1172 2254 1233 in
2301 1181 2611 1253 tempore,
2654 1180 2967 1253 punctum
3014 1172 3077 1235 in
3124 1172 3342 1235 linea:
3378 1171 3467 1233 id·

1965 1269 2136 1333 circo
2167 1269 2245 1333 de
2288 1269 2515 1332 horum
2561 1270 2824 1333 entitate
2864 1277 2928 1333 et
2968 1270 3465 1353 proprietatibus

1967 1368 2187 1431 multae
2244 1368 2506 1431 fuerunt
2561 1368 2915 1451 opiniones,
2977 1369 3239 1451 Propter
3294 1368 3465 1450 quod

1964 1466 2383 1549 Philosophus
2412 1465 2633 1540 sensit,
2666 1474 2921 1550 tempus
2960 1466 3193 1549 partim
3232 1466 3465 1530 habere

1963 1582 2155 1627 suum
2213 1583 2354 1627 esse
2414 1564 2477 1627 in
2540 1584 2753 1627 rerum
2814 1572 3059 1638 natura,
3110 1572 3175 1629 et
3232 1565 3467 1648 partim

1965 1664 2028 1727 in
2061 1664 2291 1726 anima.
2312 1662 2581 1727 Sanctus
2612 1681 2763 1727 vero
2782 1664 3173 1745 Augustinus
3204 1663 3269 1725 in
3300 1662 3468 1726 libro

1965 1762 2450 1825 Confessionum
2508 1762 2807 1845 opinatus
2873 1769 2989 1833 est,
3050 1768 3305 1844 tempus
3372 1760 3463 1823 nil

359 1857 674 1925 scibilia
729 1860 1057 1939 propter
1113 1874 1275 1927 suae
1339 1863 1856 1928 eminentiam
1889 1858 1936 1921 B
1965 1880 2104 1924 esse
2137 1860 2255 1923 nisi
2294 1860 2763 1943 protensionem
2800 1860 3161 1923 intellectus
3192 1879 3303 1923 sou
3333 1859 3465 1923 ani·

359 1954 750 2037 entitatis,
771 1956 1133 2037 quaedam
1162 1958 1262 2025 ob
1291 1973 1454 2025 suae
1482 1961 1858 2027 entitatis

358 2053 914 2121 deficientiam.

437 2151 612 2225 Quod
645 2160 762 2225 est,
795 2153 1100 2235 quoniam
1132 2154 1300 2217 sicut
1331 2172 1398 2217 se
1431 2153 1620 2217 habet
1651 2173 1750 2217 res
1779 2156 1856 2217 ad

361 2268 520 2323 esse,
555 2250 644 2312 ita
675 2250 754 2312 ad
799 2252 1138 2333 cognosci3
1171 2260 1232 2314 et
1276 2260 1584 2334 quantum
1633 2273 1860 2316 unum-

363 2350 661 2431 quodque
701 2348 892 2412 habet
929 2350 1007 2413 de
1059 2351 1345 2425 entitate,
1388 2352 1752 2416 actualitate
1797 2361 1860 2415 et

365 2446 769 2519 formalitate,
803 2454 1050 2510 tantum
1087 2456 1151 2511 et
1180 2450 1260 2511 de
1291 2450 1854 2531 cognoscibilitate.

365 2546 518 2607 Hinc
549 2545 1036 2609 excellentiores
1065 2548 1378 2621 essentiae,
1410 2556 1482 2611 ut
1513 2548 1862 2630 intelligen-

363 2645 486 2717 tiae,
527 2644 833 2707 dicuntur
877 2645 1398 2709 manifestissima
1445 2654 1700 2719 naturas,
1741 2648 1862 2711 hoc

360 2750 454 2805 est
485 2742 986 2807 evidentissimae
1023 2745 1591 2827 cognoscibilitatis
1630 2765 1707 2808 ex
1747 2766 1862 2809 sua

359 2848 602 2903 natura.
649 2840 768 2903 Sed
813 2842 1116 2922 quoniam
1163 2842 1328 2905 inter
1371 2843 1718 2925 potentiam
1763 2862 1863 2908 co-

357 2947 772 3021 gnoscentem
813 2946 878 3001 et
915 2940 1058 3021 ejus
1089 2940 1412 3021 objectum
1443 2949 1694 3024 oportet
1723 2962 1860 3005 esse

1967 1978 2086 2023 mae
2115 1959 2285 2021 circa
2316 1978 2449 2022 rem
2483 1958 2909 2041 temporalem.
2928 1959 3047 2022 Alii
3083 1965 3469 2041 putaverunt

1967 2066 2223 2140 tempus
2280 2077 2419 2120 esse
2478 2058 2679 2140 ipsam
2744 2057 3188 2139 temporalium
3252 2075 3465 2119 rerum

1966 2156 2385 2219 durationem.
2454 2157 2645 2219 Porro
2711 2155 3079 2219 Aristoteles
3147 2154 3465 2229 delinivit,

1967 2255 2136 2337 quod
2188 2262 2442 2336 tempus
2502 2254 2585 2317 sit
2632 2272 2939 2317 numerus
2996 2272 3109 2316 seu
3170 2270 3469 2316 mensura

1971 2360 2181 2415 motus
2210 2352 2563 2415 secundum
2600 2350 2775 2433 prius
2814 2358 2877 2413 et
2908 2350 3247 2433 posteriuS,
3280 2350 3343 2413 id
3375 2357 3471 2412 est

1971 2457 2279 2534 quantum
2325 2450 2403 2511 ad
2438 2450 2715 2531 priorem
2756 2449 3301 2531 posterioremque
3338 2466 3469 2511 mo-

1969 2557 2072 2613 tus
2103 2556 2369 2631 partem.
2404 2547 2705 2611 Nonnulli
2748 2546 3175 2629 imaginantur
3214 2554 3469 2629 tempus

1971 2648 2223 2711 realiter
2280 2664 2421 2709 esse
2482 2652 2749 2719 motum,
2810 2663 2937 2709 non
3000 2643 3469 2727 cujuscumque

1969 2746 2084 2819 rei,
2127 2744 2238 2807 sed
2286 2744 2543 2807 mobilis
2587 2743 2799 2825 primi.
2836 2742 3091 2807 Constat
3132 2748 3347 2805 autem
3392 2760 3470 2804 ex

1971 2844 2092 2917 his,
2139 2843 2303 2926 quod
2345 2842 2633 2924 quaedam
2686 2850 2837 2904 sunt
2884 2860 2983 2903 res
3036 2840 3469 2923 permanentis

1972 2950 2234 3015 naturae,
2268 2942 2557 3023 quaedam
2602 2940 2995 3003 successivae.

359 3037 861 3120 proportionem,
897 3056 1204 3121 mensque
1235 3039 1513 3103 humana
1545 3040 1608 3102 in
1639 3041 1862 3103 ordine
1892 3038 1936 3102 C
2053 3040 2283 3102 Verum
2308 3039 2385 3101 de
2410 3038 2715 3121 temporis
2736 3038 2997 3099 entitate
3028 3042 3091 3099 et
3124 3034 3469 3118 proprieta-

360 3136 892 3199 intellectualium
926 3138 1285 3200 animorum
1317 3138 1400 3201 sit
1433 3139 1677 3213 ultima,
1712 3139 1862 3201 hinc

357 3236 432 3297 ad
467 3234 726 3297 illorum
759 3235 1135 3298 sublimium
1175 3245 1240 3300 et
1278 3246 1712 3319 separatorum
1755 3256 1861 3300 no·

355 3334 560 3396 titiam
607 3340 706 3395 est
747 3333 1112 3398 defectuosa
1153 3353 1226 3397 ac
1268 3335 1520 3409 debilis,
1563 3336 1864 3417 quemad·

1975 3138 2144 3201 tibus
2176 3136 2715 3220 distinctioneque
2744 3135 2885 3217 ejus
2916 3134 2995 3198 ab
3026 3134 3375 3197 aeternitate
3404 3141 3469 3196 et
3521 3165 3641 3221 ομ,
3658 3162 3767 3217 111,

1971 3255 2128 3309 aev0,
2163 3236 2405 3298 dictum
2436 3244 2533 3299 est
2564 3234 2817 3318 plenius
2854 3250 3047 3317 super
3086 3234 3365 3316 primum
3406 3240 3469 3295 et
3496 3228 3697 3341 23:³23&
3720 3230 3767 3347 ζ’

3500 3356 3575 3397 ito
3588 3352 3619 3397 Β
3636 3358 3684 3397 et
3698 3366 3735 3399 ο.

1973 3334 2327 3398 secundum
2372 3334 2865 3397 Sententiarum.

1272 3788 1416 3871 DE
1488 3784 1860 3871 ΑΝΙΜΑ
1929 3783 2561 3871 RATIONALI

757 4134 1276 4203 PROPOSITIO
1323 4134 1466 4198 XL.

433 4332 814 4413 cognitio
853 4330 1138 4396 animae
1175 4326 1597 4395 rationalis
1631 4324 1862 4391 vehe-

355 4435 676 4502 menter
727 4426 1367 4506 excellenterque
1415 4422 1724 4491 confert
1763 4424 1862 4489 ad

355 4525 1117 4610 contemplationem
1159 4524 1588 4601 creatoris,
1629 4524 1864 4603 atque

355 4632 612 4699 totius
657 4625 1034 4693 notitiam
1081 4622 1464 4689 universi,

433 4728 618 4804 Quod
647 4721 932 4805 est,quia
965 4719 1026 4783 in
1059 4719 1272 4783 anima
1303 4718 1592 4782 rationali
1625 4719 1865 4782 relucet

357 4824 724 4893 conditoris
764 4822 994 4901 imago,
1028 4827 1090 4881 et
1132 4825 1260 4880 tam
1305 4818 1634 4900 superiora
1673 4836 1862 4899 quam

361 4926 670 4991 inferiora
701 4926 912 4983 creata
943 4917 1372 4998 resplendent,
1405 4924 1468 4979 et
1511 4916 1866 4979 virtualiter

359 5045 470 5090 seu
503 5016 1034 5086 similitudinarie
1073 5015 1485 5079 continentur
1521 5034 1594 5077 ac
1641 5033 1868 5097 reprae-

359 5128 702 5187 sentantur
746 5118 812 5179 in
859 5116 1016 5197 ipsa.
1059 5113 1288 5177 Anima
1331 5114 1570 5195 quippe
1617 5132 1730 5196 per
1771 5130 1870 5175 ρο.

1971 4136 2032 4191 et
2073 4128 2401 4191 caritatem
2447 4147 2520 4192 ac
2566 4128 2875 4191 virtutum
2922 4132 3367 4207 constantiam,
3408 4141 3472 4197 et

1892 4229 1941 4291 D
1975 4247 2088 4309 per
2115 4236 2359 4291 ceteros
2388 4226 2643 4291 habitus
2673 4235 2737 4290 et
2764 4235 2943 4291 actus
2973 4228 3467 4295 intellectuales:

1977 4328 2060 4390 ita
2117 4328 2285 4410 quod
2336 4328 2503 4389 sicut
2548 4327 3097 4409 superbeatissimi
3158 4330 3471 4395 Creatoris

1975 4428 2102 4488 vita
2143 4426 2207 4489 in
2248 4446 2315 4489 se
2356 4426 2515 4507 ips0,
2550 4434 2645 4487 est
2689 4426 2787 4487 sui
2836 4426 3037 4509 ipsius
3083 4436 3147 4490 et
3180 4429 3469 4492 omnium

1975 4524 2432 4605 contemplatio
2459 4541 2769 4595 amorosa,
2803 4532 2993 4606 atque
3034 4526 3293 4591 dilectio
3328 4545 3473 4591 cou-

1976 4622 2371 4705 templativa,
2418 4622 2511 4685 sic
2556 4622 2685 4684 vita
2722 4623 2953 4685 animm
2994 4624 3113 4686 rite
3148 4624 3473 4707 dispositae

1975 4728 2072 4782 est
2126 4720 2580 4801 contemplatio
2629 4728 2691 4781 et
2738 4719 2996 4783 dilectio
3043 4722 3355 4785 Creatoris
3402 4744 3473 4787 ac

1976 4825 2407 4881 creaturarum
2472 4818 2533 4881 in
2598 4818 2755 4899 ipso.
2810 4818 2923 4881 Per
2980 4826 3157 4882 actus
3217 4838 3473 4903 quoque

1971 4916 2259 4997 justitiae,
2314 4934 2427 4997 per
2476 4916 2889 4978 directionem
2944 4917 3319 4997 prudentiae,
3362 4938 3477 5002 per

1978 5015 2209 5077 fortem
2248 5022 2311 5077 et
2352 5014 2819 5077 inavertibilem
2858 5014 3283 5078 adhaesionem
3328 5036 3474 5080 cum

1981 5112 2148 5177 bono
2196 5113 2483 5186 honest0,
2538 5132 2651 5195 per
2710 5132 2933 5195 puram
2992 5116 3475 5197 occupationem

359 5220 724 5304 guitionem
755 5222 820 5277 et
847 5212 1254 5275 dilectionem
1287 5230 1484 5293 capax
1515 5218 1611 5274 est
1640 5212 1776 5285 Dei,
1808 5220 1872 5274 et
1981 5212 2048 5275 in
2079 5211 2253 5275 omni
2288 5220 2431 5275 actu
2464 5210 2743 5284 virtutiS,
2776 5230 2848 5275 ac
2892 5213 3373 5278 detestationem
3415 5224 3479 5279 et
3532 5234 3536 5237 ·

365 5338 480 5385 suo
535 5312 940 5382 assimilatur
987 5309 1261 5374 Creatori
1325 5329 1437 5393 per
1491 5309 1872 5393 sapientiam
1983 5310 2203 5393 fugam
2262 5310 2456 5373 totius
2504 5309 2831 5385 foeditatis,
2882 5309 3367 5376 inordinationis
3412 5322 3477 5377 et
