4300 6259
764 465 884 532 198

1122 663 1639 729 PROPOSITIO
1688 663 1927 728 CXIII.

842 855 1295 923 Incarnatio
1351 855 1597 922 Verbi
1656 856 1958 937 aeterni,
2018 857 2260 938 made-

760 953 960 1020 stati
1019 954 1102 1020 et
1165 953 1548 1048 puritati,
1589 953 2260 1021 incommutabili-

759 1052 914 1119 tati
956 1053 1042 1119 et
1082 1052 1574 1119 excellentias
1616 1067 1778 1120 suae
1821 1053 2146 1121 deitatis
2175 1055 2262 1119 in

763 1151 986 1218 nullo
1055 1153 1177 1217 est
1245 1152 1654 1232 derogans,
1727 1152 1865 1218 sed
1935 1153 2261 1218 caritati

763 1249 958 1330 ejus,
1002 1247 1345 1315 bonitati
1385 1263 1478 1315 ac
1520 1249 1805 1330 pietati
1837 1265 2147 1322 summe
2178 1251 2261 1316 et

764 1346 1280 1413 ineffabiliter
1322 1346 1608 1414 decens
1660 1349 1746 1414 et
1795 1362 2258 1426 cong-ruens.

846 1444 1021 1518 Quod
1081 1451 1198 1520 est,
1252 1445 1556 1526 quoniam
1617 1444 1993 1519 incarnatio,
2045 1447 2108 1508 id
2168 1453 2265 1508 est

766 1542 1160 1617 humanatiO,
1208 1542 1522 1624 unigeniti
1571 1543 1764 1605 Verbi
1812 1563 1886 1606 ac
1937 1543 2079 1606 Filii
2126 1544 2260 1618 Dei,

767 1639 934 1702 facta
964 1648 1062 1703 est
1089 1647 1153 1704 et
1181 1641 1500 1722 completa
1532 1641 1595 1702 in
1627 1641 1912 1714 instanti,
1936 1642 2130 1704 totius
2166 1661 2266 1703 su-

768 1739 1268 1823 perbeatissimae
1297 1739 1621 1802 Trinitatis
1659 1741 2097 1823 omnipotente
2138 1741 2264 1803 vir-

1375 488 1799 535 ELRMENTA‘rlo
1839 485 2235 534 TnEoLOGICA.
2283 505 2361 516 --
2403 489 2481 534 ΒΕ
2524 488 2979 536 INCARNATIONE
3020 489 3258 536 CHRISTI

2288 658 2341 722 Α
2370 658 2707 740 Unigenito
2736 659 2871 734 Dei,
2896 659 3008 742 qui
3037 658 3462 723 essentialiter
3490 657 3721 720 caritas
3750 661 3879 729 est,

2369 764 2433 820 et
2462 758 2691 820 caritas
2732 757 2954 840 utique
2995 757 3271 832 infinita,
3303 776 3377 819 ac
3416 755 3667 820 bonitas
3712 773 3887 837 pura

2369 855 2701 937 pietasque
2753 856 3087 930 immensa,
3140 854 3681 918 excellentissime
3727 871 3887 916 con-

2368 953 2637 1034 gruebat
2693 972 2761 1016 se
2819 973 2949 1016 suae
3009 954 3300 1017 rationali
3370 958 3675 1015 creaturae
3740 958 3879 1013 tam

2373 1051 2597 1114 intime
2628 1069 2701 1113 ac
2733 1051 3023 1133 proxime
3054 1050 3697 1134 inseparabiliterque
3736 1049 3885 1110 uni-

2372 1168 2461 1223 re,
2513 1156 2577 1211 et
2634 1168 2701 1212 se
2758 1150 2818 1212 ei
2876 1156 3007 1212 tam
3068 1148 3645 1212 exuberantissime
3700 1165 3884 1210 com-

2373 1247 2723 1322 municare,
2792 1255 2984 1329 atque
3060 1255 3188 1310 tam
3264 1245 3729 1327 benignissime
3798 1263 3881 1306 ac

2374 1345 2979 1408 munificentissime
3008 1345 3217 1408 eidem
3250 1344 3877 1425 auxiliari,parcere,

2374 1443 2639 1517 mederi,
2690 1462 2763 1506 ac
2812 1444 2891 1506 de
2940 1462 3089 1506 vera
3139 1443 3475 1525 providere
3523 1442 3747 1504 salute.
3796 1441 3884 1502 Et

2374 1542 2507 1604 haec
2549 1539 2672 1602 fuit
2708 1540 2943 1605 divinae
2985 1540 3335 1622 majestatis
3376 1539 3659 1620 dignatio
3700 1558 3884 1600 sum-

2376 1659 2501 1712 ma,
2529 1639 2849 1702 miseratio
2882 1638 3090 1721 plena,
3116 1638 3615 1702 communicatio
3646 1636 3884 1700 libera-

2376 1738 2621 1800 lissima
2664 1755 2677 1799 :
2720 1737 2907 1819 cujus
2953 1737 3301 1818 maJestatis
3351 1754 3479 1818 quo
3526 1734 3732 1816 maJor
3779 1742 3887 1797 est

764 1844 901 1900 tute
930 1844 994 1900 et
1022 1837 1690 1919 supernaturalissima
1717 1838 2265 1920 operatione,abs-
2301 1832 2348 1893 B
2378 1836 2749 1909 eminentia,
2781 1854 2857 1898 eo
2896 1843 2959 1898 et
2996 1835 3200 1916 maj0r
3242 1842 3338 1898 est
3380 1834 3664 1916 dignatio
3699 1832 3886 1896 beni-

766 1954 894 2017 que
936 1936 1111 1998 omni
1157 1935 1613 1998 commixtione
1664 1944 1730 1998 et
1780 1935 2147 2011 foedatione,
2205 1944 2268 1999 et

766 2033 905 2096 sine
947 2033 1124 2096 omni
1171 2035 1539 2109 mutatione,
1588 2034 2008 2098 minoratione
2052 2053 2126 2096 ac
2167 2053 2268 2098 co-

766 2132 1113 2195 arctatione
1145 2139 1385 2196 naturae
1415 2131 1649 2195 divinae
1691 2140 1754 2195 et
1795 2133 2091 2196 increatae
2130 2152 2271 2215 per-

767 2247 957 2303 sonae,
1008 2248 1123 2311 per
1179 2229 1602 2292 elevationem
1651 2238 1712 2293 et
1761 2232 2266 2314 assumptionem

769 2335 1012 2391 naturae
1041 2327 1337 2390 humanae
1368 2327 1433 2388 in
1466 2328 1688 2401 Deum,
1709 2328 1830 2391 hoc
1861 2337 1957 2390 est
1986 2329 2064 2392 ad
2095 2337 2271 2392 aeter-

769 2425 836 2486 ni
868 2424 1057 2486 Verbi
1091 2432 1528 2506 personam,et
1558 2443 1672 2506 per
1703 2427 2270 2508 suppositationem

770 2531 1010 2586 naturae
1039 2529 1384 2604 assumptae
1417 2523 1480 2584 in
1515 2541 1655 2586 esse
1701 2524 2018 2606 personali
2057 2532 2120 2588 et
2159 2525 2269 2608 hy-

771 2621 1081 2703 postatico
1111 2619 1300 2683 Verbi
1344 2621 1584 2694 aeterni,
1619 2621 1711 2683 sic
1743 2623 1913 2703 quod
1946 2623 2010 2684 in
2042 2624 2265 2686 eodem

769 2737 909 2782 esse
947 2718 1368 2801 hypostaticO,
1424 2718 1725 2792 increato,
1779 2720 2270 2802 superplenissi-

770 2834 878 2879 mo
917 2824 980 2878 et
1018 2817 1356 2890 immenso,
1391 2817 1457 2878 in
1498 2835 1627 2899 quo
1669 2836 1936 2899 persona
1975 2818 2117 2880 Filii
2159 2819 2271 2882 Dei

770 2915 1152 2978 aeternaliter
1194 2922 1291 2977 est
1318 2915 1695 2989 subsistenS‚
1729 2923 1954 2978 natura
1993 2917 2271 2979 humana

2376 1935 2713 2016 gnitasque
2757 1934 2980 2016 ipsius.

2724 2203 3242 2268 PROPOSITIO
3291 2205 3525 2268 CXIV.

2459 2423 2888 2505 Sapientia,
2911 2424 3510 2504 omnipotentia,
3533 2423 3881 2504 bonitaffi

2379 2523 2693 2602 caritas,
2752 2523 3322 2603 misericordia,
3372 2522 3723 2603 justitia,
3780 2522 3885 2587 li-

2377 2619 2766 2686 beralitas
2804 2621 2973 2701 Dei,
3012 2622 3098 2686 in
3141 2635 3285 2687 sua
3327 2619 3882 2688 incarnatione

2379 2732 2472 2785 ac
2502 2716 2796 2783 ceteris
2824 2733 2987 2784 suae
3028 2718 3559 2784 humanitatis
3587 2721 3881 2800 myste-

2378 2818 2525 2881 riis
2554 2817 3039 2883 eminentius
3076 2815 3883 2896 magnificentiusque

2379 2913 2914 2993 resplendent,
2950 2928 3185 2994 quam
3229 2914 3316 2978 in
3356 2915 3759 2980 creatione
3790 2916 3880 2980 et

769 3012 852 3075 ab
909 3012 1018 3074 illo
1075 3019 1421 3094 assumpta,
1471 3032 1504 3074 a
1558 3012 1765 3095 primo
1815 3015 2270 3090 incarnationis
2304 3021 2347 3084 C
2381 3011 2949 3090 gubernatione
2992 3013 3247 3077 totius
3289 3012 3588 3079 mundi.

773 3109 1033 3172 instanti
1064 3109 1397 3172 actualiter
1425 3118 1520 3172 est
1551 3111 2091 3185 consistenS‚vere
2122 3132 2273 3194 sup-

773 3208 1065 3290 positata,
1098 3215 1446 3271 sustentata
1474 3217 1537 3270 et
1567 3209 1972 3271 constabilita
2002 3211 2066 3271 in
2099 3210 2210 3273 illo
2253 3228 2266 3272 :

774 3324 904 3369 non
931 3313 1000 3367 ut
1029 3305 1166 3388 ipsa
1194 3312 1420 3368 natura
1449 3314 1776 3388 assumpta
1820 3307 2084 3370 exsistat
2121 3327 2270 3390 sup-

775 3403 1079 3487 positum,
1113 3403 1223 3466 sed
1267 3422 1415 3466 cum
1454 3411 1679 3466 natura
1718 3404 1938 3467 divina
1990 3413 2054 3467 et
2099 3425 2274 3468 assu-

775 3508 992 3564 mente
1058 3517 1198 3563 eam
1268 3519 1537 3583 persona
1604 3502 2009 3584 suppositum
2069 3522 2271 3565 unum

776 3599 1211 3678 constituens3
1265 3617 1390 3663 non
1443 3600 1612 3681 quod
1663 3608 1890 3662 natura
1945 3608 2273 3682 assumpta

777 3697 1212 3780 personalitati
1240 3697 1431 3760 Verbi
1463 3698 1814 3779 quidquam
1859 3699 2271 3781 perfectionis

776 3795 1103 3876 adjecerit,
1155 3795 1266 3858 sed
1315 3795 1465 3877 quia
1515 3813 1787 3877 persona
1835 3796 1944 3858 illa
1993 3797 2271 3859 increata

775 3913 850 3957 ac
889 3893 1227 3968 adoranda,
1269 3913 1411 3975 quae
1459 3893 1840 3956 aeternaliter
1887 3893 2276 3957 subsistebat

776 3993 843 4054 in
873 3991 1005 4055 sola
1035 3998 1260 4054 natura
1289 3992 1528 4066 divina,
1552 3991 1631 4054 ab
1665 3992 2118 4055 incarnationis
2151 3992 2276 4074 pri-

776 4090 1024 4153 mordio
1052 4089 1176 4151 fuit
1206 4089 1563 4152 subsistens
1603 4090 1795 4151 etiam
1838 4091 1901 4152 in
1947 4097 2275 4172 assumpta

2460 3109 2632 3181 Quod
2682 3115 2797 3180 est,
2849 3109 3151 3189 quoniam
3204 3107 3411 3188 majus
3464 3107 3588 3170 fuit
3642 3109 3882 3173 divinae

2381 3214 2443 3269 et
2476 3206 3171 3288 incircumscriptibilis
3203 3207 3551 3286 majestatis
3584 3215 3875 3270 naturam

2380 3313 2572 3386 atque
2632 3305 2927 3367 humanae
2989 3304 3349 3386 fragilitatis
3406 3307 3747 3368 essentiam
3812 3307 3878 3368 in

2382 3422 2574 3464 unam
2617 3403 2877 3466 counire
2921 3421 3283 3485 personam,
3315 3423 3506 3486 quam
3548 3423 3649 3467 res
3676 3424 3754 3468 ex
3786 3405 3881 3467 ni-

2382 3501 2515 3564 hilo
2547 3519 2899 3583 procreare.
2935 3502 3115 3576 Nam,
3148 3502 3443 3584 quamvis
3474 3520 3603 3564 non
3641 3522 3779 3566 esse
3814 3511 3879 3566 et

2383 3618 2543 3672 esse,
2578 3618 2689 3661 seu
2723 3599 2881 3660 nihil
2914 3607 2977 3662 et
3005 3599 3269 3681 aliquid,
3303 3599 3597 3662 dicantur
3625 3599 3879 3664 infinite

2385 3697 2618 3758 distare
2662 3697 2742 3759 ab
2793 3697 3112 3776 invicem;
3163 3706 3377 3760 tamen
3426 3717 3629 3779 quum
3678 3698 3767 3760 nil
3817 3707 3881 3762 ct

2386 3813 2515 3857 non
2553 3814 2692 3858 esse
2733 3813 2858 3858 non
2896 3795 3028 3858 sint
3062 3795 3306 3877 aliquid
3351 3796 3720 3877 positivum,
3750 3815 3880 3860 non

2388 3893 2625 3956 habent
2653 3894 2890 3956 realem
2927 3894 3290 3956 distantiam
3331 3893 3411 3955 ab
3450 3913 3589 3957 esse
3634 3903 3698 3958 et
3734 3903 3879 3958 ente

2388 4011 2500 4054 seu
2543 3991 2780 4073 aliquo,
2826 3992 2935 4054 sed
2982 3992 3421 4072 imaginariam
3468 3999 3737 4055 tantum.
3784 3994 3880 4056 In-

2386 4089 2903 4171 comparabiliter
2932 4107 3187 4171 quoque
3218 4089 3495 4170 pleniuS,
3520 4091 3881 4154 mirabilius

775 4196 1003 4251 natura
1049 4187 1348 4261 humana,
1402 4187 1562 4249 nihil
1613 4187 1761 4250 novi
1820 4187 1900 4249 ab
1960 4188 2069 4250 illa
2117 4188 2274 4251 reci·
2304 4186 2355 4249 D
2387 4195 2451 4251 et
2494 4185 2891 4249 indicibilius
2934 4187 3455 4261 communicavit,
3500 4189 3775 4252 ostendit
3817 4197 3883 4251 et

777 4285 986 4368 piens,
1047 4284 1158 4347 sed
1227 4302 1407 4346 suam
1477 4284 1994 4367 personalitatem
2063 4286 2275 4348 subsi-

777 4381 1206 4462 stentiamque
1273 4380 1367 4442 illi
1438 4382 1924 4444 communicans
1993 4389 2146 4445 tunc
2215 4391 2279 4447 et

776 4480 1010 4554 taliter,
1053 4478 1308 4560 quando
1351 4486 1415 4540 et
1453 4478 1728 4561 qualiter
1774 4479 1854 4541 ab
1902 4485 2139 4543 aeterno
2187 4481 2276 4544 fa-

779 4596 925 4642 cere
992 4577 1057 4640 id
1127 4575 1595 4640 invariabiliter
1660 4577 1978 4659 disposuit
2034 4597 2108 4641 ac
2166 4579 2277 4642 de-

779 4676 999 4741 crevit.

857 4777 1183 4848 Praet'erea,
1225 4792 1425 4855 quum
1466 4772 1694 4835 caritas
1733 4773 1816 4835 sit
1861 4774 1960 4836 vis
2008 4775 2274 4850 unitiva,

777 4872 1314 4946 transformativa,
1367 4871 1497 4934 imo
1554 4879 1618 4934 et
1668 4870 2129 4935 identificativa
2186 4873 2277 4935 di-

779 4971 1034 5054 ligentis
1102 4989 1251 5033 cum
1321 4969 1596 5048 dilect03
1655 4969 1960 5033 bonitatis
2020 4987 2277 5053 quoque

779 5069 1133 5153 proprietas
1165 5068 1250 5131 sit
1275 5087 1344 5130 se
1372 5066 2273 5144 diffundere,communicare,

779 5167 1032 5248 largiri3
1075 5165 1328 5249 pietatis
1371 5164 1523 5228 item
1570 5166 1926 5247 proprietas
1974 5166 2057 5228 sit
2102 5183 2276 5228 com-

779 5265 934 5348 pati,
981 5263 1293 5337 misereri,
1335 5280 1707 5326 succurrere
1751 5280 1765 5324 :
1811 5271 2056 5327 constat
2103 5265 2272 5348 quod

2386 4284 2733 4348 declaravit
2752 4285 2917 4346 Deus
2940 4285 3047 4346 Dei
3072 4283 3271 4346 Filius
3301 4304 3481 4348 suam
3514 4285 3879 4360 bonitatem,

2387 4383 2738 4455 caritatem,
2809 4380 3344 4456 munificentiam,
3424 4384 3879 4466 dignationem,

2387 4480 2919 4554 misericordiam,
2941 4480 3323 4544 humanitati
3356 4491 3721 4565 assumptae‚
3744 4484 3883 4545 uni-

2387 4579 2551 4642 endo
2582 4597 2723 4640 eam
2756 4597 2886 4641 suae
2914 4578 3133 4640 deitati
3166 4578 3557 4654 immediata,
3592 4581 3881 4663 proxima

2386 4685 2450 4740 et
2489 4677 2884 4759 hypostatica
2930 4675 3187 4750 unione,
3221 4677 3881 4760 communicandoque

2388 4776 2444 4838 ei
2505 4793 2685 4837 suam
2739 4773 3137 4855 personalem
3187 4774 3668 4838 subsistentiam
3714 4795 3883 4840 eam-

2388 4874 2533 4936 dem
2583 4889 2872 4944 numero,
2920 4871 3380 4953 suppositando
3428 4873 3605 4937 illam
3654 4875 3718 4936 in
3764 4893 3883 4938 suo

2388 4989 2527 5033 esse
2583 4968 2901 5050 personali
2953 4969 3254 5043 increato,
3308 4969 3373 5032 in
3423 4989 3551 5052 quo
3600 4973 3739 5054 ipse
3784 4991 3882 5034 se-

2388 5068 2671 5130 cundum
2730 5066 3033 5129 deitatem
3092 5067 3477 5131 aeternaliter
3533 5077 3632 5132 est
3678 5069 3883 5132 subsi—

2386 5173 2581 5239 stans,
2616 5184 2808 5246 quam
2839 5165 3376 5229 communicando
3420 5166 3611 5230 rebus
3652 5168 3879 5232 creatis

2384 5265 2551 5328 dona
2578 5271 2642 5327 et
2670 5262 2989 5327 beneficia
3024 5283 3139 5326 sua
3181 5272 3412 5339 creata,
3444 5284 3519 5328 ac
3556 5285 3626 5330 se
3664 5267 3879 5350 ipsum
