4300 6259
1653 501 1840 548 mnu
1880 499 2217 548 numanis

387 670 715 745 Propositio
759 673 894 730 LIV.
935 675 1014 731 De
1061 673 1385 732 motoribus
1422 671 1742 730 coelestium

465 777 776 834 corporum
808 762 1112 834 multiplex
1144 763 1370 820 exsistit
1399 761 1595 833 opinio
1637 805 1648 818 .

385 849 713 922 Propositio
742 853 850 908 LV.
883 853 1184 918 Praeterea,
1228 853 1298 908 de
1343 851 1599 908 motibus
1641 867 1750 908 coe-

467 939 698 997 lestium
731 957 1042 1014 corporum
1076 941 1384 1013 multiplex
1423 943 1480 998 et
1523 941 1748 997 diversa

465 1030 570 1086 ruit
601 1031 1080 1104 philosophorum
1111 1032 1310 1104 opinio
1359 1074 1742 1087 .....

385 1118 715 1190 Propositio
737 1120 870 1175 LVI.
894 1121 971 1176 De
993 1135 1242 1177 numero
1263 1136 1492 1194 quoque
1515 1120 1744 1176 orbium

465 1208 770 1280 opiniones
797 1213 936 1266 sunt
962 1209 1140 1267 variae
1172 1251 1742 1266 .......

386 1296 714 1368 Propositio
742 1298 901 1353 LVII.
936 1298 1090 1355 Varii
1119 1315 1186 1355 ac
1217 1297 1476 1354 distincti
1507 1301 1644 1354 sunt
1669 1297 1749 1353 es-

467 1384 648 1442 sectus
686 1387 1009 1444 coelestium
1051 1387 1284 1444 orbium
1334 1386 1750 1444 luminarium-

467 1492 578 1547 que
610 1491 812 1532 eorum

393 1564 717 1637 Propositio
763 1566 949 1620 LVIII.
1003 1567 1081 1622 De
1137 1566 1460 1622 coelestium
1517 1564 1748 1620 orbium

467 1656 674 1709 mutua
701 1653 1152 1725 propinquItate.
1171 1652 1566 1726 spissitudine,
1585 1669 1753 1725 gran·

467 1741 664 1805 ditate,
711 1743 1238 1815 comproportione,
1284 1746 1472 1801 certas
1521 1747 1750 1800 senten-

463 1832 576 1889 tias
597 1848 874 1896 reserare,
899 1832 1360 1890 imbecillitatem
1391 1831 1755 1889 transcendit

463 1920 863 1993 inquisitionis
891 1921 1170 1979 humanae
1177 1964 1742 1979 .......

388 2011 714 2082 Propositio
755 2012 886 2067 LIX.
919 2011 1152 2068 Certum
1196 2015 1282 2068 est
1329 2011 1591 2082 sphaeras
1639 2028 1752 2068 coe-

463 2099 637 2156 lestes
681 2117 806 2157 esse
855 2100 1216 2172 perspicuam
1259 2116 1377 2156 non
1424 2103 1619 2156 autem
1671 2099 1753 2156 sic

465 2196 688 2249 certum
721 2196 808 2250 est
836 2209 910 2249 an
943 2193 1154 2250 coelum
1185 2191 1410 2250 visibile
1441 2193 1514 2248 sit
1546 2235 1558 2248 .
1641 2235 1654 2246 .

389 2282 714 2355 Propositio
761 2283 868 2338 LX.
921 2283 1173 2339 Planetae
1221 2282 1545 2339 coordinati
1595 2285 1750 2346 sunt,

465 2371 626 2432 Iocis.
677 2372 1146 2445 proprietatibus,
1198 2370 1488 2428 coloribus
1545 2371 1756 2428 colori-

466 2460 820 2518 formibusve
851 2461 1192 2526 luminibus,
1225 2461 1564 2526 influentiis,
1591 2461 1758 2518 moti-

466 2552 576 2607 bus
603 2551 1016 2623 effectibusque
1047 2550 1306 2607 distincti
1365 2591 1749 2607 .....

837 2791 916 2836 DE
959 2790 1456 2838 INTELLIGEN'I'IIS.

391 2997 722 3070 Propositio
759 2997 894 3052 LXI.
944 2995 1334 3069 Intelligentia
1400 2997 1458 3054 in
1524 2997 1754 3054 univer-

465 3086 634 3144 sitate
707 3103 776 3143 ac
849 3086 1052 3143 ordine
1119 3089 1520 3144 creaturarum
1599 3089 1756 3144 tenet

467 3175 808 3248 primatum,
849 3178 1132 3247 tanquam
1181 3175 1334 3232 inter
1389 3179 1582 3233 creata
1637 3174 1754 3246 pri-

467 3281 582 3321 mae
628 3281 820 3322 causae
875 3263 1142 3328 similior,
1193 3263 1512 3336 ceterisque
1569 3263 1754 3336 perfe-

466 3354 612 3410 ctior
619 3392 1750 3409 .............

391 3442 718 3514 Propositio
761 3441 917 3497 LXII.
953 3439 1303 3496 Differentiae
1341 3439 1752 3512 intelligentia-

463 3547 596 3588 rum
628 3532 700 3586 ab
733 3529 982 3586 invicem
1015 3545 1190 3601 penes
1214 3529 1326 3586 hoc
1345 3530 1747 3595 attenduntur,

465 3621 622 3692 quod
653 3621 842 3693 magis
884 3622 986 3675 aut
1025 3619 1222 3676 minus
1259 3619 1477 3675 sortitae
1514 3622 1653 3675 sunt
1681 3620 1750 3676 de

463 3713 598 3767 actu
627 3712 730 3766 aut
755 3707 1012 3781 potentia
1081 3751 1749 3765 ........

389 3799 716 3872 Propositio
773 3797 958 3854 LXIII.
1016 3799 1295 3862 Quamvis
1351 3796 1754 3870 intelllgentiae

465 3887 763 3962 simplices
799 3886 1186 3959 appellentur,
1217 3886 1415 3960 aliqua
1452 3891 1650 3944 tamen
1686 3886 1747 3942 in

463 3980 548 4036 eis
577 3975 924 4050 compositio
955 3975 1194 4048 ponitur
1269 4019 1749 4032 ......

391 4065 718 4140 Propositio
749 4065 928 4121 LXIV.
964 4065 1027 4120 In
1070 4065 1468 4138 intelligentiis
1509 4082 1626 4122 non
1665 4065 1754 4121 vi-

466 4161 638 4215 detur
685 4155 934 4212 materia
989 4153 1220 4226 proprie
1277 4153 1430 4210 dicta
1477 4170 1600 4210 esse
1649 4169 1754 4225 po·

467 4247 662 4304 nenda
705 4282 1752 4300 ............

393 4335 720 4410 Propositio
767 4335 919 4389 LXV.
953 4332 1342 4404 IntelligeutIa
1385 4335 1472 4388 est
1518 4348 1624 4389 sua
1668 4349 1755 4388 es-

467 4424 674 4489 sentia,
704 4439 838 4495 quae
866 4420 1268 4477 individuatur
1295 4437 1354 4476 se
1385 4419 1510 4492 ipsa
1551 4461 1563 4474 .
1643 4462 1655 4474 .

393 4513 718 4586 Propositio
767 4510 947 4566 LXVI.
997 4509 1288 4565 Numerus
1342 4507 1753 4580 intelligentia·

467 4621 624 4666 rum,
671 4600 1000 4658 secundum
1055 4597 1450 4670 philosophos,
1500 4598 1756 4654 sumitur

465 4709 644 4766 penes
685 4705 1002 4746 numerum
1035 4686 1357 4744 coelestium
1388 4685 1620 4743 orqum
1654 4687 1754 4757 qui

466 4782 794 4842 moventur,
818 4779 920 4833 aut
949 4792 1126 4848 penes
1147 4791 1460 4832 numerum
1483 4779 1752 4832 motuum

465 4869 792 4929 coelestium
822 4882 1134 4938 corporum
1180 4905 1748 4920 .......

393 4957 720 5032 Propositio
753 4956 958 5013 LXVII.
1018 4955 1182 5020 Quod
1230 4971 1266 5010 a
1317 4953 1602 5025 theologis
1666 4954 1752 5008 di-

465 5051 620 5106 citur
663 5045 926 5119 angelus,
975 5045 1084 5100 hoc
1131 5061 1166 5099 a
1211 5042 1574 5116 philosophis
1619 5044 1754 5098 sub-

465 5137 684 5196 stantia
722 5137 992 5208 separata
1028 5138 1084 5190 et
1115 5133 1499 5206 intelligentia
1528 5150 1754 5191 nuncu·

391 5231 724 5394 Prggzusltio
765 5314 1000 5370 LXVIII.
1041 5311 1446 5386 Intelligentiae
1490 5313 1562 5368 ab
1609 5311 1756 5369 invi-

1729 803 1742 815 .
1818 760 1889 816 68

1819 1031 1892 1086 69

1821 1208 1893 1264 70

1823 1921 1894 1978 73

1737 2194 1898 2249 .74

1827 2550 1898 2605 75

1828 3352 1898 3408 ’Π

1826 3708 1897 3764 77

1827 3976 1896 4032 78

1827 4242 1899 4297 78

1737 4420 1899 4477 ,79

1824 4864 1898 4921 80

3364 485 3481 553 621

2066 687 2194 730 cem
2266 671 2531 745 specifice
2610 673 3074 748 distinguuntur,
3140 691 3348 747 quem-

2068 762 2391 818 admodum
2423 761 2551 820 coeli
2582 766 2639 820 et
2666 765 2835 822 orbes
2863 763 3253 837 planetarum.
3334 806 3346 819 .
3422 764 3494 820 80

1999 849 2319 921 Propositio
2350 851 2527 907 LXIX.
2562 852 2623 908 In
2656 852 3041 927 intelIIgentia
3066 856 3126 910 et
3152 853 3353 911 anima

2069 939 2362 1004 rationali,
2396 941 2669 1013 potentiae
2698 943 2769 998 ab
2801 943 3047 1000 invicem
3079 945 3137 999 et
3162 944 3237 999 ab
3266 961 3353 1000 es-

2071 1029 2276 1086 sentiis
2302 1031 2696 1104 subjectorum
2728 1048 2971 1089 suorum
2992 1031 3227 1090 realiter
3245 1031 3357 1088 dis·

2069 1118 2425 1191 tinguuntur

1999 1207 2323 1279 Propositio
2356 1209 2507 1264 LXX.
2550 1209 2675 1265 Non
2715 1209 2986 1282 congruit
3030 1210 3092 1266 in
3140 1209 3353 1267 intelli-

2073 1296 2285 1368 gentiis
2323 1298 2681 1355 intellectum
2722 1303 2991 1371 agentem
3022 1301 3079 1356 et
3108 1299 3351 1371 possibi—

2072 1386 2189 1442 lem
2219 1389 2501 1459 tanquam
2536 1387 2769 1444 realiter
2796 1389 3128 1446 differentes
3156 1392 3356 1462 poten-

2071 1474 2183 1532 tIas
2213 1491 2427 1546 ponere
2450 1493 2464 1541 ;
2496 1479 2755 1534 attamen
2786 1476 3145 1535 intellectum
3174 1481 3232 1536 et
3258 1493 3354 1534 vo-

2073 1565 2361 1621 luntatem
2392 1563 2452 1619 in
2483 1563 2625 1636 ipsis
2642 1566 2715 1622 ab
2738 1565 2985 1622 Invicem
3016 1566 3248 1624 realiter
3277 1584 3359 1624 se-

2074 1670 2331 1716 cernere,
2362 1656 2450 1710 est
2476 1653 2821 1712 rationabile
2872 1695 3353 1712 ......
3431 1657 3502 1712 82

2002 1741 2327 1814 Propositio
2376 1742 2554 1797 LXXI.
2607 1743 2813 1798 Omnis
2861 1744 3249 1816 intelllgentia
3284 1746 3357 1801 ab

2076 1848 2196 1887 aevo
2248 1831 2713 1904 iutelligibilibus
2760 1833 3061 1905 speciebus
3104 1835 3358 1907 itemque

2075 1920 2481 1980 infallibilibus
2510 1923 2769 1980 scientiis
2796 1923 3017 1981 exstitit
3046 1923 3234 1996 plena,
3259 1941 3363 1996 per

2074 2029 2222 2083 quas
2256 2015 2377 2066 tam
2415 2011 2715 2084 superiora
2742 2029 2919 2084 quam
2960 2011 3237 2069 inferiora
3266 2029 3359 2068 co-

2077 2101 2303 2173 gnoscit
2318 2143 3356 2158 ............
3432 2102 3503 2157 82

2005 2189 2327 2262 Propositio
2366 2191 2571 2246 LXXII.
2610 2190 3013 2263 Intelligentiae
3050 2191 3113 2249 in
3150 2206 3362 2264 cogno-

2076 2280 2293 2336 scendo
2322 2278 2728 2336 assimilantur
2755 2295 2947 2337 causoe
2974 2280 3182 2353 primae
3250 2325 3263 2336 .
3340 2323 3355 2336 .
3432 2281 3503 2338 83

2006 2367 2329 2441 Propositio
2368 2368 2602 2424 LXXIII.
2648 2368 2820 2426 Nulla
2866 2369 3251 2442 intelligentia
3290 2387 3359 2427 ex

2077 2457 2301 2515 lumine
2332 2457 2581 2514 naturali
2611 2474 2677 2515 ac
2707 2458 2940 2530 propria
2969 2461 3249 2531 potestate
3277 2459 3363 2514 in·

2078 2547 2411 2613 tellectuali,
2438 2547 2593 2604 valet
2620 2547 2944 2620 intelligere
2974 2564 3211 2605 causam
3243 2548 3363 2620 pri-

2079 2653 2239 2693 mam
2262 2637 2431 2709 plene
2456 2641 2513 2694 et
2533 2637 3025 2709 comprehensive,
3048 2655 3151 2695 seu
3172 2653 3356 2710 quan-

2075 2729 2204 2782 tum
2233 2727 2307 2783 ad
2338 2726 2479 2798 quid
2498 2729 2587 2784 est
2594 2768 3351 2784 .........
3430 2728 3503 2784 83

2005 2815 2329 2888 Propositio
2357 2816 2584 2872 LXXIV.
2609 2816 2815 2872 Omnis
2845 2815 3247 2889 intelligentia,
3267 2818 3361 2874 ab·

2077 2905 2263 2962 solute
2294 2905 2603 2976 loquendo,
2638 2904 2804 2961 finita
2830 2907 2919 2962 est
2972 2949 3356 2963 .....
3430 2907 3503 2964 84

2007 2993 2327 3067 Propositio
2367 2994 2569 3050 LXXV.
2600 2993 2727 3050 Non
2755 2993 2986 3050 videtur
3016 2997 3242 3051 naturae
3268 3012 3361 3054 ra-

2076 3081 2312 3139 tionalis
2356 3081 2573 3138 animae
2626 3098 2973 3155 repugnare,
3026 3099 3213 3156 neque
3261 3101 3365 3157 per

2075 3176 2349 3250 naturam
2418 3170 2779 3244 Impossibile
2857 3189 3002 3238 esse,
3078 3171 3365 3246 intellige-

2075 3278 2138 3318 re
2186 3261 2247 3317 in
2296 3261 2405 3318 hac
2440 3259 2559 3317 vita
2596 3260 2985 3317 substantiam
3034 3265 3362 3335 separatam

2077 3351 2231 3408 clare
2274 3353 2331 3408 et
2376 3349 2718 3407 immediate
2764 3353 3051 3422 quantum
3102 3352 3175 3407 ad
3223 3351 3365 3424 quid

2076 3444 2165 3497 est

2005 3529 2327 3602 Propositio
2370 3530 2597 3585 LXXVI.
2638 3528 2942 3586 Beatitudo
2982 3533 3102 3584 tam
3152 3529 3365 3586 intelli-

2079 3618 2291 3692 gentiae
2345 3633 2523 3692 quam
2581 3617 2799 3674 anImoe
2855 3617 3241 3682 intellectivae,
3300 3617 3360 3674 in

2075 3711 2212 3764 actu
2258 3707 2585 3764 intellectus
2622 3709 2680 3763 et
2716 3706 3205 3779 contemplatione
3246 3707 3363 3779 pri-

2077 3811 2192 3853 mae
2220 3811 2411 3853 causae
2438 3793 2707 3852 consistit

2622 4035 2701 4080 DE
2744 4034 2883 4080 DEO.

2005 4240 2327 4314 Propositio
2359 4239 2609 4295 LXXVII.
2655 4239 2717 4296 In
2757 4239 3132 4298 universitate
3158 4255 3357 4299 rerum

2077 4333 2132 4386 et
2162 4344 2498 4394 causarum,
2530 4330 2703 4401 atque
2748 4329 3109 4386 moventIum
3150 4347 3219 4387 ac
3263 4349 3363 4404 gu·

2075 4419 2472 4482 hernantium,
2518 4435 2641 4475 esse
2688 4434 2875 4474 unum
2924 4435 3028 4475 ens
3074 4420 3356 4491 primum,

2075 4512 2361 4565 aeternum
2402 4510 2458 4564 et
2500 4506 2891 4572 incausatum,
2924 4507 3183 4580 prImum
3222 4525 3360 4566 cau-

2076 4613 2231 4659 sans,
2278 4612 2517 4652 movens
2563 4613 2631 4652 ac
2676 4613 2904 4669 regens,
2951 4597 3248 4656 evidenter
3293 4615 3362 4655 ac

2078 4683 2482 4757 multiplicIter
2510 4685 2948 4742 demonstratur
2971 4729 3357 4743 .....
3432 4688 3504 4745 86

2005 4775 2328 4848 Propositio
2356 4775 2638 4830 LXXVIII.
2672 4776 2822 4831 Deus
2863 4778 2951 4832 est
2990 4775 3183 4848 ipsum
3214 4793 3357 4844 esse,

2076 4881 2144 4921 ac
2187 4864 2418 4920 bonitas
2453 4879 2601 4935 pura
2638 4863 3359 4938 incomprehensibilisque

2077 4954 2395 5027 majestas:
2426 4951 2519 5008 cui
2563 4967 2699 5007 cum
2744 4951 2974 5008 infinita
3015 4953 3359 5012 excellentia

2077 5043 2229 5100 inest
2256 5045 2311 5098 et
2340 5041 2609 5097 convenit
2638 5040 2924 5114 quidquid
2950 5043 3237 5114 (absolute
3280 5045 3360 5100 lo-

2076 5131 2335 5204 quendo)
2388 5129 2599 5186 melius
2654 5133 2741 5187 est
2796 5130 2983 5188 inesse
3040 5136 3097 5188 et
3158 5133 3357 5190 haberi

2077 5236 2255 5292 quam
2287 5221 2483 5276 deesse
2508 5261 3351 5279 ..........
3428 5223 3500 5280 86

2003 5307 2329 5382 Propositio
2356 5307 2584 5365 LXXIX.
2618 5309 2805 5366 Deum
2841 5325 2984 5378 esse,
3016 5313 3120 5368 aut
3142 5315 3229 5368 est
3252 5329 3359 5387 per
