4300 6259
754 497 1178 547 :mammo
1215 498 1676 549 tumescentes.
1722 519 1804 531 -
1844 500 1924 547 nu
1965 501 2383 549 snitosornm
2424 502 2689 551 Noricus
2728 502 2803 551 ur
2844 504 3153 553 nivisium·
3428 484 3507 551 27

409 666 808 751 longitudine
851 669 1020 746 vitae,
1057 672 1136 735 de
1165 670 1443 736 Sanitate
1484 678 1550 735 et
1589 672 1906 754 aegritudi·
1933 668 1984 737 Α
2017 671 2425 737 habitudines
2460 692 2574 757 per
2605 674 3003 739 intellectum
3032 672 3430 750 adinventus,
3446 681 3513 739 et

407 785 512 843 ne,
543 768 624 831 de
652 767 1058 833 Nutrimento
1099 776 1164 834 et
1213 770 1530 846 nutribili,
1575 771 1656 835 de
1699 770 1902 835 Sensu

408 872 474 930 θῖ
513 874 788 943 sensato,
829 868 908 931 de
951 868 1254 933 Memoria
1293 876 1358 932 et
1398 868 1898 943 reminiscentia,

403 966 483 1029 de
513 966 751 1031 Somno
792 975 856 1030 et
897 968 1138 1049 vigilia,
1171 968 1250 1031 de
1280 967 1482 1032 Causa
1525 974 1734 1033 motus
1772 968 1903 1032 ani-

405 1064 692 1129 malium.
727 1065 1044 1148 Amplius,
1076 1074 1290 1150 partes
1333 1085 1447 1129 seu
1491 1067 1740 1151 species
1771 1086 1902 1131 ma-

401 1162 762 1228 thematicae
809 1172 960 1227 sunt
993 1182 1006 1227 :
1041 1164 1463 1241 arithmetica,
1495 1184 1638 1249 quae
1675 1172 1902 1230 tractat

402 1262 482 1325 de
521 1280 792 1327 numero
830 1264 1186 1327 secundum
1225 1280 1334 1344 se;
1375 1270 1442 1327 θῖ
1483 1264 1749 1339 musica,
1781 1270 1901 1327 tra·

404 1367 582 1424 ctans
621 1359 701 1423 de
740 1378 1012 1424 numero
1049 1379 1280 1427 sonoro
1315 1381 1430 1425 seu
1468 1369 1792 1427 contracto
1819 1363 1898 1426 ad

405 1475 658 1534 sonum,
703 1465 929 1542 estque
971 1459 1241 1523 scientia
1285 1460 1702 1525 arithmeticae
1750 1460 1899 1524 sub-

405 1554 731 1619 alternata.
765 1556 925 1620 Hinc
955 1556 1359 1621 arithmetica
1382 1566 1448 1621 et
1477 1558 1724 1622 musica
1751 1565 1900 1622 sunt

405 1653 484 1717 de
513 1654 866 1737 quantitate
896 1656 1189 1719 discreta.
1222 1656 1380 1721 Aliae
1407 1674 1560 1720 vero
1590 1656 1732 1720 duae
1763 1675 1902 1739 par·

401 1759 498 1816 tes
527 1754 992 1818 mathematicas
1021 1762 1170 1819 sunt
1209 1756 1288 1819 de
1319 1756 1670 1839 quantitate
1703 1756 1902 1819 conti·

2015 770 2358 836 fabricatos
2380 773 2551 837 circa
2571 772 2811 855 primas
2842 772 3252 847 intentiones,
3272 779 3345 835 ut
3362 780 3513 837 sunt

2011 868 2291 933 rationes
2340 871 2702 953 specierum
2751 890 2827 935 ac
2871 890 3205 954 generum,
3248 878 3397 946 etc„
3444 872 3512 935 in

2010 975 2313 1051 quantum
2342 968 2731 1052 hujusmodi,
2755 978 2905 1053 puta
2932 970 3377 1052 hujuscemodi
3406 989 3512 1052 ge-

2011 1066 2398 1143 neralitateS,
2424 1087 2565 1151 quae
2603 1076 2781 1133 extra
2818 1070 3102 1133 animam
3134 1068 3297 1132 nihil
3339 1076 3505 1132 sunt.

2090 1166 2332 1229 Rursus
2388 1165 2694 1248 objicitur
2738 1168 3175 1251 praeinductiS‚
3216 1167 3369 1251 quia
3411 1168 3513 1249 (ut

2009 1264 2245 1347 patuit)
2293 1264 2698 1349 philosophia
2744 1272 2841 1329 est
2888 1283 3067 1330 amor
3104 1284 3179 1330 ac
3226 1264 3511 1329 studium

2009 1362 2361 1446 sapientiae,
2394 1381 2521 1427 non
2561 1364 2703 1446 ejus
2743 1384 2885 1447 quae
2924 1365 3371 1429 instrumentis
3410 1383 3513 1429 ex-

2010 1461 2308 1544 plicatur,
2360 1468 2432 1523 ut
2474 1469 2573 1525 est
2628 1461 3073 1537 architectura,
3124 1460 3511 1543 agricultura

2009 1566 2074 1623 et
2116 1558 2517 1639 consimilia3
2556 1561 2669 1623 sed
2712 1559 2887 1623 illius
2934 1579 3075 1644 quae
3116 1560 3251 1624 sola
3294 1578 3510 1623 rerum

2009 1658 2317 1741 primaeva
2346 1664 2443 1721 est
2472 1658 2651 1721 ratio.
2674 1658 2749 1721 Et
2778 1659 3317 1741 respondendum,
3340 1657 3511 1741 quod

2013 1755 2183 1819 idem
2240 1764 2421 1819 actus
2470 1764 2679 1841 potest
2726 1758 3049 1841 pertinere
3097 1758 3174 1821 ad
3234 1756 3511 1841 philoso-

401 1870 552 1927 nua‚
585 1859 741 1936 puta
772 1868 786 1915 t
818 1853 1189 1935 geometria,
1221 1872 1363 1936 quae
1399 1861 1497 1918 est
1533 1854 1612 1917 de
1651 1854 1899 1938 quanti·
1935 1850 1984 1915 B
2013 1854 2233 1938 phiam
2291 1856 2645 1919 secundum
2704 1873 2885 1919 suam
2944 1856 3269 1940 propriam
3328 1855 3511 1918 ratio-

401 1956 530 2014 tate
559 1951 864 2015 continua
891 1952 1248 2016 secundum
1277 1972 1344 2015 se
1361 1970 1377 2031 ;
1394 1960 1460 2016 et
1487 1953 1896 2027 astronomia,

399 2066 544 2131 quae
572 2049 701 2131 agit
729 2049 808 2113 de
847 2049 1199 2133 quantitate
1237 2051 1542 2115 continua
1579 2058 1902 2115 contracta

402 2148 481 2211 ad
527 2155 792 2211 motum.

482 2246 730 2310 Interea
775 2246 1180 2330 philosophia
1221 2248 1410 2311 realis
1455 2248 1756 2331 practica,
1791 2267 1899 2311 cu-

401 2345 510 2427 jus
541 2344 694 2408 finis
723 2352 822 2408 est
847 2345 1156 2428 operatio,
1187 2344 1498 2410 dividitur
1528 2346 1594 2411 in
1622 2348 1899 2411 activam

402 2450 468 2507 et
521 2442 842 2506 factivam.
892 2443 1134 2517 Activa‚
1185 2443 1251 2506 in
1305 2444 1606 2521 ethicam,
1657 2464 1903 2510 oeccno-

403 2540 660 2616 micam,
693 2540 1042 2625 politicam.
1077 2542 1300 2606 Ethica
1335 2550 1434 2606 est
1469 2543 1550 2607 de
1587 2544 1902 2626 regimine

403 2638 684 2703 hominis
728 2657 845 2723 per
883 2640 1152 2704 virtutes
1197 2641 1468 2705 morales
1511 2642 1718 2725 quoad
1763 2661 1903 2726 pro-

407 2738 614 2823 priam
661 2757 842 2803 suam
891 2756 1253 2823 personam,
1307 2747 1570 2823 propter
1611 2742 1782 2824 quod
1837 2749 1903 2804 et

405 2837 756 2901 monastica
801 2845 1232 2920 nuncupatur.
1282 2838 1702 2901 OEconomica
1749 2857 1902 2903 vero

400 2943 497 2999 est
525 2935 604 2999 de
633 2934 944 3017 regimine
973 2934 1252 2999 hominis
1283 2954 1398 3019 per
1428 2944 1792 3019 respectum
1819 2938 1899 3001 ad

2011 1968 2185 2025 nem,
2218 1958 2408 2035 atque
2438 1951 2519 2015 ab
2548 1970 2625 2015 ea
2652 1952 2907 2015 excludi
2938 1953 3293 2016 secundum
3324 1970 3507 2015 suam

2009 2048 2627 2113 administrationem
2662 2067 2676 2113 :
2710 2050 2931 2133 sicque
2971 2048 3375 2133 agriculturas
3412 2067 3508 2113 ra-

2008 2148 2099 2210 tio
2155 2154 2361 2210 exstat
2408 2147 2816 2231 philosophi3
2866 2148 3354 2223 administratio,
3407 2166 3507 2210 ru-

2011 2246 2175 2310 stici.

2412 2456 2933 2523 PROPOSITIO
2982 2456 3103 2521 111.

2089 2639 2615 2723 Philosophia
2661 2642 2979 2724 proprie
3038 2642 3359 2723 sumpta
3417 2640 3505 2707 in

2007 2742 2177 2808 tres
2218 2741 2491 2821 partes
2537 2740 2955 2821 dividitur,
2998 2741 3195 2821 puta
3241 2738 3328 2805 in
3375 2753 3507 2806 na-

2009 2838 2359 2907 turalem
2404 2840 2486 2905 et
2532 2838 2879 2906 ethicam
2925 2852 3019 2905 ac
3065 2836 3506 2905 mathema·

2009 2939 2303 3020 ticam3
2350 2938 2719 3005 strictius
2775 2951 2967 3005 vero
3024 2938 3371 3019 accepta,
3418 2938 3504 3004 in

401 3034 666 3097 domum
703 3033 840 3097 sive
880 3032 1190 3096 familiam
1227 3050 1242 3095 τ
1276 3034 1426 3096 hinc
1455 3042 1519 3097 et
1552 3035 1899 3099 domestica
1929 3032 1973 3097 C
2011 3035 2456 3119 physicam,
2532 3034 3179 3103 mathematicam
3257 3037 3508 3103 meta-

401 3132 786 3197 nominatur.
819 3131 1082 3195 Politica
1109 3139 1324 3195 autem
1353 3139 1450 3195 est
1479 3134 1558 3197 de
1587 3134 1898 3215 regimine

399 3230 880 3295 communitatis
923 3229 1154 3306 civiliS‚
1201 3249 1313 3293 seu
1367 3229 1646 3295 hominis
1691 3240 1761 3294 ut
1803 3240 1900 3295 est

403 3336 596 3412 caput
623 3336 734 3391 aut
765 3347 910 3411 pars
939 3330 1420 3393 communitatis
1450 3330 1674 3413 ipsius.
1709 3331 1898 3395 Porro

399 3426 632 3491 factiva
681 3427 954 3509 partitur
1008 3426 1074 3490 in
1121 3434 1368 3509 septem
1425 3436 1592 3491 artes
1653 3429 1899 3493 mecha·

403 3526 602 3601 nicas,
623 3544 766 3609 quae
795 3532 946 3589 sunt
967 3542 984 3588 t
1007 3544 1110 3589 ars
1141 3525 1431 3601 lanificii,
1463 3544 1564 3589 ars
1595 3529 1893 3603 venandi,

399 3644 502 3689 ars
545 3624 886 3700 militandi,
930 3644 1034 3687 ars
1077 3626 1439 3707 navigandi,
1484 3644 1586 3688 ars
1629 3626 1898 3707 agricul-

400 3732 580 3800 turas,
629 3742 732 3786 ars
783 3723 1138 3799 medicinae,
1191 3742 1420 3807 arsque
1478 3723 1768 3805 fabrilis3
1817 3726 1896 3790 ad

406 3841 563 3905 quas
605 3829 834 3886 ceterae
875 3822 1292 3886 reducuntur.

480 3922 716 3985 Verum
762 3919 896 4002 jam
943 3920 1132 3984 dictis
1187 3920 1385 4002 objici
1444 3928 1672 4004 potest,
1723 3922 1894 4005 quod

401 4018 604 4102 logica
651 4018 782 4101 agit
826 4018 906 4082 de
963 4020 1496 4103 proedicamentis,
1547 4040 1690 4103 quae
1745 4027 1897 4083 sunt

399 4118 570 4181 entia
599 4116 874 4201 positiva
902 4117 1098 4181 realia
1129 4135 1142 4180 :
1173 4125 1238 4181 et
1267 4117 1356 4180 ita
1385 4136 1510 4182 non
1551 4125 1719 4182 essct
1758 4117 1896 4201 phi·

2011 3133 2585 3217 physicamque
2634 3135 3007 3215 partitur.

2081 3233 2242 3295 Hinc
2271 3232 2503 3296 divisio
2524 3232 2945 3315 philosophiae
2965 3232 3347 3314 praecedenti
3370 3250 3509 3315 pro-

2007 3331 2325 3414 positione
2384 3329 2665 3403 inducta,
2724 3331 2911 3393 datur
2967 3331 3045 3394 de
3106 3331 3508 3414 philosophia

2006 3430 2193 3493 valde
2222 3428 2651 3492 communiter
2690 3428 2877 3492 dicta.
2913 3428 3318 3511 Philosophia
3356 3446 3509 3493 vero

2010 3527 2225 3591 minus
2275 3526 2703 3591 communiter
2750 3527 3167 3603 considerata,
3218 3547 3361 3610 quae
3412 3535 3510 3591 est

2007 3626 2234 3689 notitia
2265 3644 2342 3689 ex
2382 3625 2653 3688 naturali
2694 3625 2941 3689 lumine
2980 3633 3225 3709 patens,
3256 3633 3387 3689 tam
3428 3626 3507 3690 de

2005 3731 2155 3787 ente
2184 3722 2339 3787 reali
2372 3742 2565 3806 quam
2605 3723 2685 3787 de
2723 3730 2871 3787 ente
2898 3742 3012 3807 per
3039 3724 3351 3788 rationem
3382 3724 3509 3787 for-

2007 3831 2201 3897 mate,
2247 3822 2313 3885 in
2362 3822 2717 3885 naturalem
2777 3828 2843 3885 et
2900 3821 3177 3886 ethicam
3238 3841 3312 3887 ac
3379 3843 3506 3887 ma·

2005 3920 2417 3984 thematicam
2455 3927 2555 3983 est
2594 3919 2801 3983 divisa
2831 3935 2846 3981 :
2880 3927 2946 3983 et
2982 3920 3059 3983 de
3098 3940 3175 3985 ea
3212 3922 3304 3984 sic
3336 3940 3507 3985 sum·

2005 4028 2114 4103 pta
2144 4018 2523 4101 intelligitur
2548 4018 2780 4082 divisio
2808 4019 3139 4083 ista.Unde
3170 4020 3508 4083 undecimo

2005 4118 2084 4181 de
2117 4117 2387 4181 civitate
2428 4116 2539 4179 Dei
2581 4116 2865 4200 loquitur
2900 4118 3295 4201 Augustinus
3330 4135 3343 4179 :
3376 4118 3507 4181 Tri-

399 4215 688 4299 losophia
745 4215 1072 4280 rationalis
1127 4222 1192 4279 et
1258 4216 1722 4290 sermocinalis,
1783 4216 1893 4279 sed
1923 4215 1974 4279 D
2007 4216 2244 4300 plieem
2288 4215 2670 4279 divisionem
2713 4215 3133 4301 philosophiae
3169 4216 3343 4280 Plato
3380 4217 3511 4299 pri-

403 4316 604 4398 magis
661 4314 870 4378 realis.
932 4315 1392 4398 Respondetur,
1453 4315 1624 4398 quod
1690 4315 1896 4398 logica

395 4421 624 4476 tractat
651 4414 729 4477 de
761 4412 912 4487 illis,
945 4430 1072 4477 non
1103 4414 1169 4477 in
1199 4422 1510 4496 quantum
1541 4422 1692 4477 sunt
1719 4414 1890 4489 talia,

397 4513 528 4576 imo
574 4512 669 4575 sic
716 4511 926 4595 agitur
971 4512 1048 4576 de
1099 4512 1256 4596 ipsis
1303 4514 1368 4576 in
1415 4512 1892 4597 metaphysica3

397 4612 507 4675 sed
554 4617 624 4674 ut
661 4610 952 4674 substant
989 4611 1236 4674 actibus
1281 4611 1564 4687 rationis,
1597 4611 1896 4675 videlicet

397 4718 473 4775 ut
497 4717 652 4775 sunt
675 4727 908 4792 genera
945 4709 1426 4792 generalissima
1459 4728 1472 4773 :
1504 4710 1687 4792 juxta
1725 4712 1894 4794 quod

400 4808 686 4893 loquitur
738 4806 1084 4883 Avicenna,
1145 4810 1316 4892 quod
1385 4808 1588 4890 logica
1654 4816 1752 4873 est
1816 4811 1894 4874 de

399 4905 864 4972 intentionibus
921 4906 1218 4969 secundis
1275 4906 1596 4988 adjunctis
1644 4906 1893 4990 primis,

399 5006 523 5071 hoc
551 5011 671 5079 est,
703 5010 893 5087 prout
922 5003 1200 5069 fundata
1229 5012 1378 5069 sunt
1409 5024 1602 5088 super
1633 5004 1893 5088 primae,

399 5104 466 5169 id
517 5111 619 5168 est
674 5120 867 5186 super
922 5102 1092 5184 ipsas
1149 5120 1365 5166 rerum
1425 5104 1734 5168 essentias
1781 5123 1894 5168 seu

397 5211 674 5267 naturas.
707 5202 1030 5267 Secundas
1066 5201 1327 5265 demum
1369 5202 1752 5267 intentiones
1792 5221 1898 5267 vo-

396 5310 498 5366 cat
527 5301 700 5385 ipsos
729 5307 1058 5385 respectus
1087 5318 1200 5365 seu
1231 5301 1466 5383 logicas
1507 5302 1782 5367 rationes
1820 5321 1894 5366 ac

2007 4334 2153 4378 mus
2196 4314 2432 4378 dicitur
2476 4314 2819 4377 invenisse.
2854 4314 3087 4379 Octavo
3130 4332 3387 4399 quoque
3430 4314 3509 4377 de

2006 4414 2274 4481 Civitate
2326 4432 2339 4477 ε
2386 4413 2779 4478 Celebriores
2825 4413 3093 4496 (inquit)
3141 4413 3507 4497 philosophi

2006 4514 2085 4577 de
2125 4514 2253 4577 Deo
2293 4520 2653 4587 senserunt,
2686 4512 2857 4595 quod
2898 4513 2963 4575 in
3004 4512 3144 4596 ipso
3182 4521 3281 4577 est
3318 4531 3509 4577 causa

2006 4611 2421 4686 subsistendi,
2466 4611 2627 4675 ratio
2672 4610 3090 4693 intelligendi,
3124 4618 3188 4673 et
3216 4612 3372 4675 ordo
3414 4612 3505 4675 vi-

2003 4711 2197 4775 vendi
2233 4728 2247 4772 :
2281 4727 2557 4794 quorum
2590 4709 2873 4792 primum
2910 4709 2990 4771 ad
3032 4708 3504 4793 philosophiam

2005 4808 2361 4873 naturalem
2407 4808 2725 4893 pertinet;
2770 4808 3145 4882 secundum,
3190 4808 3269 4871 ad
3320 4808 3508 4871 ratio-

2007 4908 2260 4988 nalem3
2302 4908 2586 4981 tertium,
2630 4907 2710 4969 ad
2751 4905 3077 4969 moralem.
3112 4906 3399 4989 Denique
3440 4906 3505 4970 in

2007 5007 2124 5070 hac
2166 5005 2587 5089 philosophiae
2626 5003 2963 5077 divisione,
2998 5022 3115 5087 per
3151 5006 3506 5069 naturalem

2006 5104 2199 5169 etiam
2252 5102 2699 5167 mathematica
2745 5108 2811 5165 et
2858 5101 3292 5185 metaphysica
3346 5102 3507 5167 desi·

2004 5210 2299 5287 gnantur.
2314 5202 2785 5285 Philosophiam
2816 5218 2969 5265 vero
2996 5200 3216 5265 stricte
3244 5220 3319 5265 ac
3350 5202 3507 5265 mul-

2007 5311 2148 5367 tum
2192 5301 2452 5385 proprie
2498 5307 2845 5385 sumptam,
2895 5319 3039 5384 quae
3086 5307 3185 5365 est
3232 5301 3309 5364 de
3358 5309 3501 5365 ente
