4300 6259
1312 475 1734 524 tantumno
1775 477 2173 525 mmmmm.
2219 497 2291 508 -
2341 479 2421 524 DE
2463 479 2722 525 ANGssus

3451 457 3568 524 167

432 644 741 709 venitin
770 645 915 730 ipso
942 646 1137 710 totius
1167 647 1496 730 sapientiae
1526 647 1967 730 sonte,super-
1994 645 2047 710 A
2080 666 2258 710 mum
2316 656 2412 711 est
2470 648 2896 732 praeordinare
2951 649 3196 730 agenda
3245 665 3260 710 ε
3313 654 3576 731 propter

436 744 947 825 sapientissimo
992 745 1143 819 Dee,
1182 746 1553 827 conspicere
1599 745 1965 808 divinorum

436 858 740 924 operum
768 851 835 906 et
864 861 1085 907 eorum
1118 861 1262 926 quae
1290 850 1456 906 tacta
1484 852 1634 906 sunt
1662 843 1961 916 rationes,

442 938 603 1003 imo
647 949 711 1005 et
757 942 1165 1026 propriarum
1212 943 1539 1006 actionum
1588 943 1864 1006 rationes
1902 951 1967 1005 et

442 1056 695 1103 causas
728 1059 743 1104 ε
776 1042 929 1122 quia
975 1060 1090 1124 per
1134 1059 1244 1104 eos
1282 1042 1451 1104 Deus
1498 1040 1803 1104 inferiora
1838 1041 1965 1104 dis·

444 1146 699 1218 pensat
736 1157 809 1201 ac
852 1139 1033 1220 regit.

546 1236 621 1298 ln
670 1237 787 1300 hac
830 1237 1093 1300 demum
1134 1237 1495 1300 hierarchia
1535 1237 1793 1301 ordines
1838 1245 1967 1300 tres

446 1343 799 1416 ponuntur
841 1354 855 1397 :
902 1335 1009 1418 qui
1060 1335 1544 1416 distinguuntur
1591 1353 1789 1418 penes
1846 1335 1969 1397 tria

446 1451 617 1513 quae
657 1433 723 1495 in
756 1441 891 1497 arte
929 1433 1257 1516 operativa
1304 1433 1807 1497 considerantur.
1843 1434 1968 1496 Pri·

446 1549 655 1592 mum
676 1539 771 1594 est
799 1532 937 1614 ipse
963 1530 1149 1610 finis;
1170 1531 1549 1604 secundum,
1568 1531 1729 1594 ratio
1756 1531 1969 1613 operis

448 1626 541 1690 in
570 1637 785 1692 mente
826 1629 1134 1708 artificis;
1167 1629 1453 1704 tertium,
1493 1628 1839 1713 applicatio
1882 1648 1971 1691 ra·

444 1726 669 1789 tionis
696 1727 1065 1808 hujusmodi
1094 1728 1173 1790 ad
1202 1727 1533 1790 effectum.
1554 1727 1745 1790 Primi
1776 1727 1972 1809 igitur

2076 747 2248 828 quod
2278 765 2618 830 supremus
2647 748 2842 828 hujus
2871 745 3244 810 hierarchiae
3271 745 3428 809 ordo
3456 744 3574 810 Do·

2078 845 2462 908 minutiones
2515 850 2796 908 vocatur.
2855 844 3272 908 Dominorum
3333 844 3574 927 quippe

2076 950 2190 1016 est,
2237 944 2316 1006 de
2356 943 2620 1024 agendis
2663 942 3090 1025 praeordinare
3127 949 3319 1025 atque
3357 941 3578 1025 praeci-

2076 1060 2250 1124 pere.
2283 1041 2458 1104 Unde
2489 1041 2554 1103 in
2584 1040 3035 1104 artificialibus
3062 1047 3230 1104 artes
3260 1059 3576 1123 supremae

2076 1147 2141 1202 et
2169 1139 2701 1214 architectonicae,
2721 1147 2872 1201 sunt
2900 1139 3318 1222 praeceptivae.
3343 1139 3578 1202 Secun-

2076 1238 2230 1301 dum
2259 1245 2358 1301 est
2387 1238 2710 1321 praecipua
2740 1238 3026 1321 quaedam
3057 1239 3154 1302 vis
3185 1235 3578 1319 exsequendi

2076 1337 2248 1418 quod
2276 1336 2528 1416 jussum
2559 1344 2658 1398 est
2690 1353 2702 1398 :
2737 1336 2907 1418 quod
2937 1336 3016 1398 ad
3057 1335 3342 1398 medium
3380 1335 3576 1415 hujus

2078 1433 2452 1498 hierarchiae
2497 1434 2776 1515 pertinet
2819 1434 3108 1507 chorum,
3141 1433 3252 1515 qui
3297 1432 3578 1496 Virtutes

2078 1532 2402 1606 dicuntur,
2451 1531 2532 1594 ab
2589 1530 2905 1604 efficacia,
2958 1530 3466 1613 promptitudine
3514 1537 3580 1593 et

2080 1631 2404 1693 celeritate
2433 1630 2662 1710 agendi
2706 1637 2770 1692 et
2813 1628 3202 1711 exsequendi
3236 1636 3574 1712 praecepta.

2080 1727 2366 1790 Tertium
2397 1735 2495 1791 est
2523 1727 2984 1809 impedimenta
3013 1725 3444 1790 exsecutionis
3472 1746 3582 1790 au-

444 1825 719 1888 ordinis
756 1825 980 1908 primae
1009 1825 1383 1889 hierarchiae
1412 1833 1531 1898 est,
1556 1825 1621 1888 in
1652 1825 1794 1908 ipso
1814 1824 1965 1898 Dee,
2006 1825 2053 1890 B
2081 1825 2266 1898 ferre,
2309 1824 2818 1906 adversariisque
2866 1825 3162 1888 resistere
3213 1842 3228 1886 :
3281 1825 3452 1906 quod
3499 1825 3579 1888 ad

448 1925 827 1986 secundum
860 1925 1029 2006 quod
1062 1925 1201 2006 ipse
1230 1931 1327 1986 est
1364 1923 1657 1994 omnium
1700 1923 1967 1985 ultimus

448 2021 655 2096 finis,
686 2021 961 2086 rationes
998 2023 1365 2086 divinorum
1410 2040 1679 2105 operum
1720 2021 1971 2105 conspi-

448 2138 645 2193 cere,
666 2127 851 2202 atque
880 2120 959 2183 de
988 2121 1089 2183 his
1116 2120 1197 2183 ab
1228 2138 1305 2183 eo
1336 2119 1699 2183 immediate
1728 2120 1966 2193 doceri,

446 2218 697 2300 sicque
739 2219 805 2281 in
848 2218 987 2300 ipso
1030 2219 1305 2281 validius
1348 2217 1758 2280 inflammari.
1810 2217 1968 2281 Hinc

448 2316 725 2398 primus
765 2316 873 2379 ille
912 2317 1145 2380 chorus
1184 2317 1519 2398 Seraphim
1558 2315 1917 2399 appellatur
1950 2333 1965 2378 :

444 2413 647 2495 quod
678 2413 1085 2476 incendentes
1113 2413 1773 2496 interpretatur.Finis
1804 2432 1971 2476 nam-

448 2529 601 2593 que
630 2529 741 2572 seu
772 2510 1035 2584 bonum,
1068 2509 1396 2591 objectum
1428 2519 1525 2574 est
1552 2511 1875 2594 appetitus
1906 2517 1971 2572 et

446 2627 667 2672 causa
694 2609 947 2671 amoris
980 2609 1061 2672 At
1100 2626 1255 2672 vero
1292 2609 1372 2671 ad
1410 2609 1765 2672 secundum
1803 2609 1969 2672 ordi-

445 2724 625 2769 nem
684 2714 747 2768 et
802 2706 1086 2770 medium
1136 2708 1405 2770 cherum
1452 2708 1677 2791 primae
1733 2707 1969 2770 hierar-

444 2805 637 2868 chiae
666 2806 959 2886 pertinet,
990 2804 1267 2868 effectus
1296 2813 1361 2869 et
1388 2814 1602 2888 opera,
1632 2805 1877 2886 judicia
1906 2813 1971 2868 et

444 2904 777 2985 mysteria
792 2904 921 2976 Dei,
940 2903 1005 2966 in
1028 2904 1187 2987 ipsis
1208 2923 1427 2968 eorum
1452 2904 1967 2985 intelligibilibus

440 3099 889 3163 scientiarum
960 3100 1231 3163 Domino
1290 3108 1461 3174 sunt,
1520 3101 1959 3182 contemplari.

438 3197 637 3261 Hinc
668 3197 819 3261 ordo
858 3198 965 3260 hic
994 3197 1359 3271 Cherubim,
1396 3198 1459 3261 id
1496 3205 1595 3260 est
1632 3198 1965 3280 plenitudo

438 3297 777 3370 scientiae,
798 3296 1181 3360 nominatur.
1199 3297 1293 3359 Ad
1320 3298 1582 3360 tertium
1615 3313 1765 3360 vero
1794 3296 1962 3377 ejus-

438 3396 619 3458 dem
654 3393 1025 3458 hierarchiae
1053 3394 1343 3457 ordinem
1374 3401 1640 3477 spectat,
1672 3395 1959 3456 contueri

438 3494 535 3556 in
581 3493 715 3554 Deo
762 3491 1039 3574 qualiter
1088 3491 1225 3574 ipse
1268 3510 1305 3554 a
1348 3491 1657 3554 creaturis
1707 3491 1961 3574 partici-

434 3599 661 3675 petur
678 3608 791 3672 per
818 3588 1312 3673 applicationem
1348 3589 1663 3652 rationum
1694 3606 1960 3671 operum

436 3706 734 3752 suorum
783 3688 862 3749 ad
900 3706 1051 3750 suos
1090 3687 1383 3750 effectus.
1432 3687 1579 3750 ldeo
1616 3686 1823 3768 angeli
1868 3704 1964 3750 or-

434 3787 643 3850 dinis
674 3784 865 3866 hujus
897 3785 1157 3858 Throni,
1184 3785 1247 3847 id
1276 3791 1375 3847 est
1402 3786 1607 3858 sedes,
1632 3792 1960 3859 vocantur,

437 3885 547 3948 ab
568 3883 1035 3947 inhabitatione
1056 3890 1120 3945 et
1142 3883 1537 3966 requietione
1554 3883 1665 3945 Dei
1698 3883 1763 3946 in
1786 3883 1961 3966 ipsis.

819 4093 1339 4159 PROPOSITIO
1385 4091 1623 4156 LXVI.

549 4279 887 4346 Ordines
940 4277 1223 4344 mediae
1279 4275 1755 4343 hierarchtae
1818 4291 1969 4342 eoe-

441 4381 705 4448 lestis
772 4378 1149 4445 dicuntur
1204 4377 1288 4443 et
1356 4377 1546 4442 sunt
1604 4377 1971 4442 Dom1na-

440 4481 757 4557 tioneS,
786 4475 1155 4543 Virtutes
1202 4476 1287 4540 et
1332 4474 1797 4540 Potestates.

549 4575 730 4650 Quod
760 4581 877 4648 est,
908 4573 1060 4655 quia
1098 4572 1175 4635 ad
1212 4571 1378 4633 hanc
1419 4571 1695 4653 pertinet
1736 4572 1971 4633 hierar-

446 4675 689 4739 chiam
756 4672 1083 4735 attendere
1148 4677 1213 4732 et
1277 4687 1539 4732 cernere
1604 4669 1970 4732 divinorum

445 4791 741 4856 operum
774 4771 1051 4836 rationes
1080 4768 1431 4831 secundum
1465 4768 1634 4849 quod
1666 4768 1732 4830 in
1762 4767 1973 4831 causis

448 4867 1049 4935 universalioribus
1091 4865 1319 4928 creatis
1376 4866 1863 4929 considerantur
1910 4873 1975 4927 et

452 4969 907 5036 continentur.
960 4965 1122 5028 Hinc
1173 4965 1367 5045 hujus
1427 4983 1681 5047 quoque
1736 4965 1974 5028 hierar-

448 5070 637 5134 chiae
676 5077 801 5130 tres
839 5066 1097 5130 ordines
1138 5064 1579 5147 perhibentur,
1621 5066 1975 5128 secundum

448 5169 597 5234 tria
626 5185 769 5250 quae
798 5166 877 5228 ad
906 5163 1299 5226 universales
1342 5181 1587 5238 causas„
1622 5163 1975 5245 praesertim

454 5264 967 5338 intellectuales,
1034 5262 1355 5346 pertinere
1422 5269 1791 5325 noscuntur.
1852 5260 1977 5324 Pri-

2080 1925 2599 2005 PotestateS,quae
2628 1930 2778 1986 sunt
2807 1922 3180 1986 hierarchiae
3209 1921 3404 2003 hujus
3433 1921 3580 1985 cbo-

2080 2041 2190 2085 rus
2231 2023 2481 2096 tertiuS,
2516 2021 2800 2084 creditur
2842 2021 3162 2104 pertinere
3205 2039 3220 2083 :
3261 2020 3340 2083 ad
3386 2039 3580 2104 quem

2080 2127 2329 2203 spectat
2383 2121 2746 2183 daemonum
2808 2118 3268 2200 malignitatem
3327 2136 3582 2201 compe-

2080 2237 2260 2282 scere
2317 2216 2399 2280 ab
2441 2217 2706 2291 effectu,
2762 2235 2842 2279 ne
2899 2224 3211 2298 quantum
3254 2217 3480 2280 volunt
3519 2222 3584 2278 et

2081 2323 2371 2398 possunt,
2404 2314 2776 2378 hominibus
2815 2322 3086 2378 noceant
3124 2333 3198 2377 ac
3237 2314 3430 2378 rebus
3467 2314 3584 2376 hu-

2082 2415 2311 2478 manis.
2343 2413 2797 2476 Verumtamen
2839 2413 2973 2476 haec
3012 2413 3450 2493 angelicorum
3489 2411 3582 2474 os-

2080 2511 2232 2575 l‘icia
2260 2512 2583 2585 ordinum,
2603 2519 2666 2574 et
2694 2511 2982 2584 alia,non
3013 2519 3166 2574 sunt
3193 2511 3581 2594 principales

2078 2619 2260 2674 actus
2289 2626 2511 2672 eorum
2549 2626 2562 2672 :
2599 2609 2746 2672 ideo
2775 2626 2903 2672 non
2935 2616 3188 2692 oportet
3217 2615 3288 2670 ut
3317 2608 3582 2690 praecise

2078 2708 2210 2772 sint
2239 2715 2332 2772 tot
2361 2724 2647 2790 personae
2675 2706 2980 2786 angelicae
3011 2707 3077 2768 in
3109 2704 3398 2788 quolibet
3436 2704 3581 2769 cho·

2078 2824 2171 2880 re,
2206 2814 2362 2888 quot
2391 2807 2468 2868 ad
2515 2805 2633 2867 ista
2671 2803 2892 2867 officia
2933 2803 3350 2886 requiruntur
3390 2810 3582 2886 atque

2079 2905 2439 2978 sufficiunt,
2473 2905 2642 2966 sicut
2681 2911 2964 2966 errantes
3005 2901 3369 2985 philosophi
3401 2909 3582 2984 puta·

42 3025 310 3080 mega..
342 3025 397 3064 3-
442 3009 537 3064 et
580 3001 1059 3084 exemplaribus
1104 3002 1461 3066 rationibus
1514 3008 1703 3084 prout
1740 3001 1805 3064 in
1836 3003 1967 3065 Deo
2000 3001 2044 3066 C
2080 3012 2230 3067 runt
2275 3011 2368 3067 tot
2415 3003 2745 3066 dumtaxat
2787 3019 2928 3064 esse
2971 3000 3358 3063 substantias
3401 3018 3579 3082 sepa-

2075 3111 2240 3165 ratas
2289 3121 2402 3164 seu
2455 3099 2925 3181 intelligentiaS,
2977 3106 3133 3181 quot
3187 3106 3338 3162 sunt
3389 3099 3577 3162 orbes

2072 3209 2184 3264 aut
2213 3199 2570 3263 coelestium
2598 3215 2940 3279 corporum
2976 3204 3206 3271 motuS,
3239 3203 3310 3258 ut
3339 3197 3404 3258 in
3441 3195 3575 3259 Ele-

2074 3299 2464 3361 mentatione
2508 3295 2952 3379 philosophica
2989 3303 3089 3358 est
3131 3301 3475 3357 narratum.

2402 3504 2922 3570 PROPOSITIO
2967 3503 3242 3568 LXVII.

2155 3688 2690 3771 nummatus»,
2732 3687 3225 3766 Archangeli
3281 3691 3364 3754 et
3412 3688 3575 3754 An·

2072 3791 2264 3871 gen,
2285 3786 2512 3856 chori
2546 3789 2736 3853 sunt
2773 3785 3070 3853 tnflmae
3098 3786 3576 3854 hierarchiae

2076 3888 2482 3967 ang-elicae.

2159 3985 2332 4060 Quod
2366 3991 2482 4056 est,
2502 3982 2654 4064 quia
2683 3982 2759 4044 ad
2791 3981 3212 4043 hierarchiam
3243 3981 3406 4042 hanc
3437 3999 3576 4064 spe-

2078 4093 2210 4147 ctat
2255 4083 2535 4145 rationes
2576 4080 2970 4162 perpendere
3017 4096 3286 4161 operum
3333 4078 3579 4142 divino·

1998 4184 2049 4248 D
2080 4201 2226 4244 rum
2277 4180 2342 4242 in
2403 4179 2561 4262 ipsis
2609 4176 2972 4249 effectibus,
3023 4183 3090 4240 et
3137 4184 3324 4260 prout
3377 4177 3579 4259 appli-

2080 4288 2308 4342 cantur
2383 4277 2652 4348 eisdem,
2729 4276 3084 4359 praesertim
3161 4275 3578 4338 rationalibus

2081 4377 2411 4441 creaturis.
2446 4375 2608 4438 Hinc
2651 4380 2716 4436 et
2760 4373 2956 4454 hujus
2997 4373 3371 4436 hierarchiae
3413 4373 3578 4436 ordi-

2081 4495 2195 4540 nes
2245 4481 2394 4538 sunt
2441 4481 2592 4546 treS,
2645 4479 2798 4554 puta
2843 4471 3265 4553 PrincipatuS,
3305 4473 3382 4534 ad
3421 4488 3580 4553 quos

2082 4573 2361 4657 pertinet
2417 4568 2986 4635 communitatibus
3045 4570 3407 4651 praesidere,
3466 4587 3576 4632 seu

2082 4671 2353 4753 singulis
2400 4669 2700 4751 gentibus
2749 4668 2986 4730 directe
3037 4686 3308 4748 praeesse
3355 4683 3368 4728 τ
3415 4666 3582 4730 sicut

2082 4769 2348 4834 Michael
2378 4774 2640 4831 vocatur
2667 4765 2968 4846 Princeps
3013 4765 3334 4839 Ecclesiae,
3367 4765 3477 4846 qui
3516 4773 3582 4827 et

2084 4868 2240 4932 olim
2272 4865 2530 4948 praefuit
2577 4865 2938 4946 Synagogae.
2993 4862 3167 4925 Unde
3212 4861 3275 4924 in
3323 4861 3580 4925 Daniele

2086 4965 2388 5028 recitatur
2430 4964 2508 5026 de
2547 4961 2840 5043 Principe
2870 4961 3254 5032 Graecorum,
3287 4960 3580 5043 Principe

2085 5081 2342 5146 quoque
2401 5062 2752 5124 Persarum.
2817 5058 3146 5120 Secundus
3202 5057 3578 5138 Archangeli

2086 5162 2344 5233 dicitur,
2396 5176 2670 5241 quorum
2723 5164 2821 5219 est
2875 5155 3170 5218 nuntiare
3232 5155 3471 5236 majora
3518 5163 3582 5220 et

2088 5258 2540 5324 concernentia
2579 5256 2822 5321 bonum
2862 5272 3202 5318 commune
3236 5271 3250 5317 :
3284 5255 3582 5339 quemad-

3601 3329 3776 3374 prepos.
3791 3330 3897 3362 un.

3625 4884 3870 4936 Dan.x,13,

3606 4949 3675 4999 20,
3697 4949 3765 4990 21.
