4300 6259
68 1094 133 1135 [ib.
153 1092 202 1138 11.
216 1097 305 1135 art.

50 1170 125 1197 nx.
146 1168 247 1197 nn.

78 2088 149 2131 Pe.
178 2100 305 2135 xxxu,

60 2157 93 2197 9:
103 2154 299 2200 cunm-5.

79 2876 141 2918 lib.
162 2874 297 2925 lhart.

915 514 993 559 nt:
1034 514 1261 560 Lunum
1304 512 1685 560 cnmsrtANAE
1726 511 2028 569 THEORIAE,
2075 512 2252 560 LIBER
2293 516 2356 561 11.
2403 533 2483 543 —
2523 516 2661 562 ΛΒΤ.
2709 517 2876 562 XXXV

3329 499 3444 562 431

334 703 487 745 nam
520 701 602 747 eo
632 683 769 766 ipso
798 700 925 765 quo
964 682 1205 765 recepit
1241 682 1322 745 ab
1361 682 1486 746 alio
1525 680 1839 764 quidquid
1868 680 1919 744 A
1950 682 2370 765 telligentiam
2413 684 2764 748 effluxisse.
2808 685 3282 759 Verumtamen,
3314 684 3452 767 qui-

334 788 452 853 est,
501 782 859 844 secundum
908 781 1291 844 documenta
1339 781 1541 844 Procli
1602 779 1841 842 summi

334 879 833 954 Platonicorum,
866 898 1127 942 necesse
1157 887 1253 942 est
1284 880 1494 962 ipsum
1530 878 1841 960 inaequale

336 997 478 1041 esse
528 987 594 1040 et
644 978 855 1041 minus
910 978 1315 1061 perfectum3
1366 986 1429 1040 et
1476 978 1595 1040 hoc
1654 976 1841 1039 Arius

334 1078 533 1139 etiam
566 1077 745 1141 dixit.
782 1078 901 1139 Sed
933 1084 1389 1158 praeostensum
1426 1084 1521 1138 est
1552 1076 1669 1137 hoc
1714 1092 1838 1137 non

334 1176 475 1237 fore
504 1176 939 1238 necessarium
976 1194 989 1237 :
1022 1176 1310 1255 genitum
1344 1193 1574 1257 nempe
1603 1173 1841 1256 aequari

334 1283 549 1357 potest
606 1281 847 1337 naturae
902 1273 1282 1355 generantis.
1344 1273 1521 1347 Quod
1580 1272 1843 1353 insuper

330 1374 661 1457 adjectum
695 1380 792 1435 est
828 1374 907 1435 de
946 1370 1161 1435 verbis
1192 1370 1573 1445 Avicebron,
1608 1370 1841 1433 intelli-

330 1473 619 1555 gendum
680 1479 777 1534 est
831 1472 1001 1553 quod
1064 1488 1177 1552 per
1234 1468 1503 1532 verbum
1564 1477 1842 1552 paternae

334 1572 599 1645 mentis,
630 1570 879 1651 accepit
910 1569 1181 1651 primam
1214 1576 1277 1630 et
1316 1587 1635 1631 summam
1675 1586 1843 1629 crea-

330 1680 547 1732 turam
585 1685 600 1731 :
633 1668 807 1731 Plato
836 1686 1137 1750 namque,
1174 1686 1365 1749 quem
1406 1667 1717 1749 sequitur,
1750 1665 1841 1727 di-

1951 781 2097 843 dam
2155 783 2363 845 solent
2419 784 2630 845 dicere
2691 801 2815 847 non
2877 785 3110 846 mirum
3173 802 3332 857 esse,
3395 784 3448 845 si

1952 880 2226 961 Spiritus
2275 882 2564 954 Sanctus,
2607 882 2714 964 qui
2769 882 2920 945 olim
2977 902 3091 964 per
3138 900 3208 945 os
3255 882 3449 945 asinae

1950 977 2200 1040 Balaam
2245 978 2419 1061 loqui
2471 980 2690 1053 voluit,
2735 981 2819 1041 sit
2860 980 3051 1043 etiam
3101 999 3215 1062 per
3253 981 3450 1043 Plato-

1953 1095 2099 1138 nem
2132 1095 2244 1138 seu
2285 1077 2811 1159 philosophorum
2856 1079 3164 1160 quosdam
3210 1086 3446 1141 tantam

1955 1174 2033 1235 de
2082 1174 2388 1237 Trinitate
2435 1176 2764 1239 veritatem
2815 1177 3070 1239 effatus.
3125 1177 3245 1241 Sed
3295 1178 3448 1259 quid

1957 1273 2123 1335 Deus
2155 1273 2361 1337 facere
2401 1273 2576 1347 velit,
2611 1275 2930 1337 humanus
2970 1294 3192 1338 sensus
3239 1276 3450 1339 metiri

1958 1389 2081 1434 non
2116 1380 2480 1454 praesumat.
2515 1373 2676 1446 Quid
2706 1382 2921 1436 aute-m
2952 1374 3261 1437 naturalis
3291 1375 3452 1438 ratio

1956 1470 2177 1551 possit,
2199 1471 2330 1551 jam
2365 1470 3142 1555 inquiritur.—Denique,
3169 1474 3451 1555 pulchrae

1952 1576 2016 1629 et
2065 1568 2247 1632 bonae
2285 1577 2436 1631 sunt
2473 1572 2748 1633 rationes
2795 1572 2962 1634 circa
3011 1572 3446 1654 probationem

1951 1666 2275 1730 Trinitatis
2307 1668 2910 1751 inductae‚quamvis
2938 1671 3449 1734 demonstrativae

3489 900 3626 945 Num.
3641 914 3741 955 xxn,

3477 966 3545 1015 28,
3567 966 3634 1007 30.

332 1770 426 1833 xit
476 1768 697 1831 omnia
739 1766 905 1829 facta
948 1786 1089 1829 esse
1131 1786 1246 1850 per
1290 1765 1843 1847 intelligentialem
1954 1783 2079 1829 non
2112 1766 2242 1827 sint
2276 1784 2289 1828 :
2325 1767 2492 1829 sicut
2518 1787 2638 1829 nec
2671 1768 2793 1831 illae
2824 1788 2964 1851 quae
2995 1789 3201 1852 nuper
3229 1779 3449 1833 contra
3476 1796 3558 1835 ut.
3585 1805 3684 1835 xxx.

328 1868 707 1931 dictionem.
756 1865 931 1929 Unde
978 1883 1201 1928 omnes
1251 1883 1351 1927 res
1400 1872 1647 1937 creatoe,
1691 1870 1843 1925 sunt
1872 1860 1919 1923 B
1954 1863 2328 1927 Trinitatem
2372 1866 2658 1929 adductae
2698 1875 2864 1929 sunt.
2897 1867 3192 1931 Rationes
3233 1876 3447 1932 tamen

330 1967 535 2030 verba
600 1964 889 2047 quaedam
948 1964 1181 2027 divinae
1238 1964 1537 2026 dictionis
1599 1980 1613 2025 ε
1674 1962 1841 2024 sicut

330 2066 653 2147 scriptum
686 2070 803 2135 est,
827 2062 969 2144 lpse
998 2062 1179 2137 dixit,
1214 2070 1276 2125 et
1308 2062 1472 2124 facta
1510 2068 1675 2123 sunt.
1702 2060 1837 2123 Non

328 2182 487 2245 ergo
518 2162 781 2235 mirum,
804 2161 856 2223 si
889 2160 1497 2224 excellentissimam
1531 2160 1641 2222 Dei
1673 2177 1842 2221 crea-

328 2273 547 2325 turam
580 2260 1047 2343 appellaverint
1078 2258 1343 2322 verbum
1377 2259 1625 2341 paterni
1658 2257 1839 2320 intel-

329 2362 562 2424 lectuS.
627 2359 783 2422 Nam
844 2358 963 2422 hoc
1024 2358 1233 2429 mod0,
1296 2359 1538 2421 ratione
1596 2355 1843 2419 scilicet

327 2458 875 2542 supereminentis
910 2457 1415 2539 participationis
1445 2454 1677 2518 divinae
1706 2473 1844 2537 per-

336 2557 669 2629 fectioniS,
703 2556 863 2618 dixit
892 2555 1081 2617 Arius
1112 2554 1435 2617 Christum
1468 2560 1529 2616 et
1560 2553 1844 2634 unigeni-

328 2666 471 2719 tum
515 2674 661 2719 esse
702 2654 833 2725 Dei,
878 2661 940 2717 et
990 2653 1488 2735 primogenitum
1532 2658 1846 2714 creatura-

328 2776 501 2819 rum.
538 2754 663 2817 Sed
708 2753 970 2815 mentita
1010 2760 1108 2815 est
1150 2752 1453 2833 iniquitas
1496 2750 1643 2823 sibi,
1678 2750 1845 2811 sicut

328 2864 481 2917 ante
532 2860 755 2917 contra
802 2870 951 2915 eum
1012 2850 1458 2931 multipliciter
1515 2868 1592 2911 ex
1650 2867 1845 2911 sacrm

328 2954 685 3035 Scripturae
733 2950 1119 3013 testimoniis
1166 2956 1681 3029 argumentatum
1724 2955 1839 3010 est.

330 3053 443 3115 Est
494 3052 675 3114 enim
724 3050 1009 3113 Christus
1058 3067 1249 3111 verus
1299 3049 1486 3122 DeuS,
1538 3056 1602 3110 et
1649 3048 1845 3110 totius
1879 3046 1921 3109 C
1958 3046 2021 3107 in
2080 3045 2560 3127 supersimplici
2626 3046 2986 3110 Divinitate.
3049 3048 3192 3112 Haec
3259 3049 3454 3129 igitur

1954 1962 2250 2025 Richardi
2293 1980 2418 2025 non
2469 1972 2618 2025 sunt
2664 1964 3007 2028 admodum
3057 1966 3449 2049 philosophi-

1954 2078 2064 2134 cae,
2088 2062 2200 2123 sed
2231 2062 2493 2136 devotae,
2515 2062 2844 2145 mentique
2876 2064 3140 2128 sincerae
3170 2066 3444 2148 sapiunt.

1952 2158 2128 2233 Quod
2160 2168 2372 2223 autem
2420 2180 2525 2223 eas
2568 2162 2730 2224 dixit
2772 2162 3322 2238 demonstrativas,
3357 2164 3450 2226 in-

1952 2256 2356 2321 sufficienter
2397 2259 2639 2321 dictum
2683 2267 2827 2322 est:
2861 2279 2978 2323 nec
3021 2262 3194 2325 enim
3239 2269 3454 2325 essent

1952 2361 2254 2438 tanquam
2289 2356 2859 2420 demonstrationes
2889 2358 3268 2421 adversariis
3309 2377 3450 2442 pro-

1954 2455 2282 2535 ponendae.
2346 2454 2540 2517 Amor
2597 2456 2836 2538 quippe
2895 2463 2992 2519 est
3043 2457 3119 2519 ad
3177 2458 3448 2521 alterum

1952 2551 2053 2614 vel
2086 2560 2390 2634 tanquam
2433 2554 2508 2615 ad
2547 2554 2842 2627 alterum,
2876 2574 3075 2637 quum
3116 2556 3285 2619 dicat
3313 2556 3448 2619 Ari·

1953 2651 2232 2725 stoteleS,
2278 2652 2446 2732 quod
2495 2669 2674 2713 amor
2720 2652 2830 2733 qui
2880 2660 2976 2715 est
3024 2653 3100 2715 ad
3149 2654 3446 2728 alterum,

1952 2750 2196 2811 oriatur
2233 2768 2309 2811 ex
2359 2768 2574 2814 amore
2621 2751 2734 2833 qui
2781 2758 2874 2815 est
2921 2753 2998 2814 ad
3049 2772 3116 2815 se
3167 2753 3378 2836 ipsum
3432 2772 3446 2817 τ

1956 2848 2099 2911 ideo
2126 2866 2204 2910 ex
2235 2848 2628 2931 perfectione
2657 2849 2860 2911 divini
2889 2851 3126 2914 amoris
3154 2852 3450 2916 concludi

1956 2963 2082 3008 non
2116 2954 2330 3027 posset
2357 2946 2722 3010 adversario
2763 2948 3012 3011 trinitas
3055 2950 3118 3012 in
3161 2952 3450 3033 personis

326 3150 595 3215 deitatis
665 3148 1157 3231 plenitudinem,
1214 3164 1341 3209 non
1411 3146 1847 3229 participatio-
1956 3151 2188 3205 sanctae
2218 3143 2540 3205 Trinitatis
2569 3143 2810 3225 agnitio
2839 3162 2966 3208 non
2993 3146 3114 3208 nisi
3160 3165 3237 3209 ex
3278 3147 3452 3210 fonte

326 3269 501 3323 nem,
548 3247 876 3329 accipiens
918 3265 955 3307 a
996 3263 1251 3309 summo
1280 3245 1599 3308 Genitore.

409 3349 634 3420 Porr0,
664 3346 743 3407 ad
787 3362 1009 3408 omnes
1053 3344 1330 3406 rationes
1375 3344 1670 3406 Richardi
1716 3362 1843 3405 una

326 3448 602 3509 daretur
625 3443 705 3505 ab
733 3442 1097 3505 adversario
1126 3442 1478 3523 responsio,
1511 3444 1679 3524 quod
1722 3442 1840 3503 sci-

328 3546 483 3608 licet
530 3544 603 3605 in
645 3542 775 3605 Deo
816 3542 899 3603 sit
942 3559 1194 3603 summa
1244 3540 1493 3613 caritaS‚
1542 3540 1710 3601 sicut
1756 3542 1841 3619 [et

328 3640 697 3726 plenitudo]
728 3639 961 3701 divinae
992 3638 1316 3710 bonitatiS,
1348 3656 1489 3719 quae
1518 3637 1711 3700 etiam
1744 3644 1841 3699 est

325 3740 665 3822 objectum
726 3736 1071 3801 voluntatis
1128 3736 1379 3799 divinae.
1432 3736 1568 3798 Non
1626 3744 1837 3799 tamen

328 3840 477 3902 ideo
538 3838 903 3918 exigeretur
962 3834 1295 3918 pluralitas
1356 3834 1417 3895 in
1480 3835 1769 3916 personis
1822 3852 1835 3897 ε

327 3938 485 4020 quia
536 3936 706 3997 sicut
765 3934 829 3996 in
889 3932 1369 4015 supersimplici
1428 3932 1647 3994 divino
1700 3952 1840 3996 esse

329 4044 587 4099 cunctae
638 4032 1062 4116 perfectiones
1110 4031 1520 4094 continentur
1563 4032 1729 4093 sicut
1773 4032 1839 4094 in

328 4131 733 4217 supervivali
781 4131 957 4194 fonte
1005 4137 1069 4193 et
1116 4129 1485 4192 omnimode
1534 4129 1837 4211 perfecte,

1954 3241 2158 3303 divini
2190 3242 2398 3303 cordis
2431 3243 2732 3317 manavit,
2766 3251 2829 3305 et
2859 3245 3451 3327 supernaturalibus

1953 3340 2188 3402 divinae
2234 3340 2490 3402 virtutis
2539 3343 2932 3422 argumentis
2981 3344 3266 3419 fulcitur,
3311 3345 3448 3427 qui-

1955 3436 2075 3499 bus
2118 3444 2580 3519 praeostensum
2625 3446 2722 3500 est
2763 3438 2962 3501 fidem
3007 3440 3216 3503 inniti.

2297 3712 2785 3776 ARTICULUS
2831 3712 3110 3776 XXXV.

1954 3852 2089 3912 Cur
2117 3853 2340 3927 potius
2368 3852 2590 3910 divini
2617 3871 2746 3911 esse
2785 3854 3032 3924 unz’tas,
3064 3874 3258 3932 quam
3295 3874 3450 3931 per·

2032 3960 2344 3999 sonarum
2398 3942 2695 4010 trinitati,
2764 3944 3279 4003 demonstrativa
3351 3948 3450 4004 in-

2034 4030 2388 4107 quisitione
2419 4030 2738 4105 indayari
2769 4032 2998 4105 possit.

326 4234 423 4295 sic
464 4233 536 4294 in
584 4248 663 4293 eo
709 4237 805 4292 est
852 4229 1010 4290 ratio
1060 4226 1359 4310 perfectae
1406 4226 1837 4303 amabilitatis,
1874 4228 1921 4291 D
2080 4226 2290 4288 ALAM
2320 4232 2418 4287 est
2452 4232 2690 4299 autem,
2724 4225 2803 4289 ab
2843 4230 3178 4309 agentibus
3216 4252 3449 4316 suppo-

328 4332 541 4413 plenae
586 4328 805 4409 gloriae
846 4346 919 4389 ac
962 4345 1229 4389 summae
1279 4325 1621 4388 felicitatis,
1663 4327 1841 4400 Quod

326 4431 573 4493 etenim
612 4429 675 4489 in
710 4425 1123 4489 inferioribus
1156 4424 1233 4487 fit
1263 4443 1377 4507 per
1417 4424 1622 4506 plura,
1656 4424 1734 4486 fit
1776 4426 1839 4487 in

326 4526 781 4613 superioribus
814 4544 927 4607 per
966 4525 1307 4607 pauciora3
1342 4524 1407 4586 in
1452 4524 1581 4586 Deo
1622 4532 1835 4587 autem

324 4628 603 4692 omnino
644 4624 1145 4707 simplicissime.

406 4725 595 4801 Quod
628 4742 847 4786 rursus
880 4722 1135 4795 dicitur,
1168 4721 1411 4783 dictum
1445 4740 1583 4784 esse
1624 4741 1659 4783 a
1699 4722 1836 4803 phi-

328 4824 647 4908 losophiS,
699 4822 908 4884 Monas
956 4821 1163 4901 gignit
1213 4821 1572 4893 monadem,
1628 4822 1840 4883 multi-

330 4924 593 5007 pliciter
622 4920 855 5003 exponi
890 4919 1397 5001 potest.Quidam
1428 4919 1600 4981 enim
1635 4920 1837 5001 philo-

328 5024 689 5104 sophorum
733 5018 1031 5081 dixerunt
1069 5016 1149 5079 ab
1199 5035 1326 5080 uno
1374 5017 1657 5099 simplici
1702 5019 1839 5081 nni-

330 5120 632 5183 formiter
668 5135 735 5179 se
766 5115 1059 5189 habente,
1092 5132 1217 5177 non
1266 5132 1450 5197 posse
1498 5116 1838 5197 procedere

329 5220 457 5281 nisi
500 5234 709 5280 unum
740 5213 1014 5296 simplex
1052 5232 1065 5275 ε
1100 5214 1268 5275 sicut
1298 5214 1621 5275 Avicenna
1650 5214 1834 5290 dixit,

328 5336 367 5381 a
418 5317 554 5381 Deo
614 5312 983 5377 immediate
1036 5312 1313 5397 primam
1364 5311 1693 5374 dumtaxat
1744 5314 1835 5375 in-

2107 4324 2377 4387 sitaliter
2406 4324 2724 4387 distinctis
2765 4344 2892 4388 non
2934 4345 3120 4409 posse
3158 4332 3448 4395 eamdem

1954 4440 2224 4485 numero
2252 4423 2466 4505 egredi
2496 4424 2836 4499 actionem,
2871 4426 2994 4488 nisi
3042 4438 3302 4511 propter
3343 4452 3448 4495 na·

1952 4531 2109 4585 turae
2161 4523 2470 4584 unitatem
2520 4540 2534 4583 ε
2581 4542 2766 4603 agere
2817 4524 2990 4587 enim
3039 4534 3104 4589 et
3150 4547 3310 4603 esse,
3355 4538 3452 4594 est

1952 4620 2476 4701 suppositorum3
2549 4620 2821 4702 ideoque
2890 4625 3310 4706 personaliter
3387 4636 3450 4691 et

1950 4718 2454 4780 substantialiter
2517 4718 2916 4781 diversorum
2979 4739 3104 4784 non
3161 4732 3258 4786 est
3323 4746 3450 4789 una

1950 4836 2222 4879 numero
2289 4817 2456 4879 actio
2531 4819 2885 4880 secundum
2963 4838 3288 4902 egressum
3366 4825 3446 4888 ab

1948 4914 2303 4999 agentibus.
2355 4915 2588 4977 Natura
2635 4924 2848 4979 autem
2898 4928 2992 4981 est
3052 4921 3446 5005 principium

1948 5014 2252 5098 operandi
2312 5022 2371 5076 et
2430 5014 2658 5094 agendi
2705 5016 2884 5078 ratio.
2937 5018 3244 5091 Quoniam
3295 5042 3446 5104 ergo

1948 5113 2186 5176 creatio
2216 5132 2427 5175 rerum
2463 5113 2574 5175 toti
2605 5112 2892 5176 Trinitati
2923 5124 2986 5177 et
3016 5118 3276 5182 cuilibet
3307 5140 3443 5202 per-

1948 5230 2116 5276 sonae
2148 5211 2474 5293 sigillatim
2507 5209 2769 5274 attribui
2811 5213 2992 5287 solet,
3027 5217 3440 5283 manifestum

1946 5318 2044 5377 est
2085 5310 2206 5373 hoc
2235 5328 2375 5373 esse
2415 5317 2675 5393 propter
2714 5310 3112 5377 identitatem
3151 5318 3442 5385 essentiae
