4300 6259
991 518 1070 564 ΒΕ
1109 517 1338 564 nnuma
1379 515 1760 564 cnmsrtANAE:
1801 517 2102 574 'ramma-3,
2146 517 2323 564 LIBER
2366 519 2405 564 1.
2452 537 2531 548 —
2572 519 2709 566 Am.
2757 521 2829 565 ΙΝ

3336 501 3453 566 297

365 692 536 755 Nunc
577 697 793 753 autem
843 689 1174 752 inductum
1219 696 1336 762 est,
1383 688 1552 771 quod
1595 687 1850 750 diVinus
1879 685 1934 750 A
1965 705 2056 762 ro,
2105 689 2565 771 sapientialiter
2611 690 2761 771 agit,
2810 689 3119 754 rationem
3164 690 3264 753 sui
3306 689 3459 753 facti

365 789 724 852 intellectus
773 789 858 852 sit
905 807 1160 869 semper
1209 787 1274 849 in
1320 794 1490 860 actu,
1541 786 1664 848 sibi
1727 787 1848 867 ipsi

362 889 666 951 exsistens
727 886 1124 968 intelligendi
1173 885 1334 948 ratio
1386 893 1448 948 et
1495 885 1843 968 objectum.

359 987 426 1048 ln
481 984 614 1048 fine
673 985 871 1067 igitur
925 985 1122 1048 totius
1169 983 1582 1066 perfectionis
1642 983 1848 1046 subsi-

359 1085 481 1147 stit.
545 1084 722 1146 Unde
791 1084 856 1146 in
925 1082 1308 1146 duodecimo
1365 1083 1590 1146 Primae
1645 1083 1848 1165 philo·

359 1184 594 1266 sophiae
649 1183 1022 1246 Aristoteles
1081 1182 1372 1245 divinum
1447 1181 1843 1244 intellectum

355 1281 913 1344 honoratissimum
957 1279 1322 1364 appellavit.

763 1590 1249 1655 ARTICULUS
1295 1589 1432 1654 LV.

359 1769 540 1834 Quod
577 1767 646 1826 in
686 1767 904 1842 primi
938 1766 1180 1825 actoris
1209 1765 1458 1826 lumine
1487 1784 1732 1826 necesse
1760 1767 1844 1826 sic

1965 787 2379 870 prospiciens.
2415 788 2663 851 Primus
2702 806 2853 870 ergo
2890 797 3066 852 actor
3094 795 3325 852 cuncta
3362 807 3463 852 su-

1965 902 2165 968 perno
2196 893 2412 948 causat
2442 887 2813 969 exemplari.

2045 983 2387 1046 Enimvero
2452 986 2806 1048 secundum
2873 985 3301 1059 Aristotelem,
3369 1004 3463 1048 sa-

1963 1080 2205 1164 pientia
2260 1089 2357 1145 est
2413 1083 2631 1147 divina
2688 1084 3026 1165 possessio.
3091 1085 3257 1147 Deus
3315 1102 3466 1167 ergo

1961 1199 2215 1243 summe
2244 1180 2499 1262 sapiens
2531 1190 2645 1244 est.
2684 1183 2756 1244 Et
2788 1190 2855 1245 ut
2889 1183 2953 1245 in
2986 1183 3150 1245 libro
3190 1184 3269 1246 de
3308 1183 3463 1246 Cau·

1961 1279 2047 1340 sis
2091 1279 2415 1354 scribitur,
2460 1281 2741 1362 primum
2786 1289 2960 1344 creat
2996 1281 3313 1344 scientias
3358 1281 3464 1344 Sa-

1961 1376 2197 1458 pientis
2240 1395 2393 1441 vero
2442 1386 2537 1441 est
2582 1379 3140 1462 praedeterminare
3190 1386 3253 1442 et
3298 1380 3463 1444 ordi-

1961 1493 2110 1536 nare
2166 1475 2481 1558 quidquid
2541 1477 2853 1559 producit.
2906 1477 3035 1540 Hoc
3094 1477 3287 1559 igitur
3334 1477 3461 1540 Deo

1959 1571 2289 1653 potissime
2350 1575 2661 1656 congruit.
2724 1575 3000 1658 Propriis
3067 1593 3217 1657 ergo
3276 1575 3459 1638 ratio-

1959 1669 2151 1732 nibus
2207 1679 2435 1734 cuncta
2492 1673 2750 1736 creavit.
2806 1673 2877 1736 Et
2928 1673 3091 1736 hanc
3148 1673 3459 1737 rationem

1961 1767 2025 1829 in
2077 1768 2242 1832 libro
2290 1769 2580 1833 LXXXIII
2629 1772 3057 1845 Quaestionum
3111 1771 3462 1835 introduxit

433 1857 720 1916 omm'um
799 1875 1022 1916 rerum
1091 1857 1492 1930 exemplares
1563 1855 2371 1947 rationesBAugustinus.
2436 1869 2724 1952 Denique
2783 1870 2955 1933 Plato
3012 1870 3105 1932 sic
3170 1870 3379 1952 arguit
3436 1888 3455 1933 t

432 1947 844 2004 constituere.

495 2167 658 2230 MNE
717 2176 1044 2230 causatum
1110 2175 1324 2230 manet
1379 2168 1444 2230 in
1515 2186 1726 2240 causa,
1784 2175 1846 2230 et

523 2266 810 2348 procedit
839 2265 918 2328 ab
950 2274 1124 2340 ea,et
1154 2265 1544 2328 convertitur
1573 2266 1652 2328 ad
1681 2284 1842 2328 eam.

351 2365 574 2428 Simile
612 2365 786 2428 enim
819 2364 1106 2447 procedit
1147 2384 1186 2426 a
1221 2364 1442 2436 simili,
1475 2372 1539 2426 et
1577 2362 1848 2426 effectus

351 2463 712 2524 virtualiter
749 2462 814 2525 in
857 2480 974 2526 suo
1010 2461 1312 2524 effectivo
1351 2461 1670 2544 principio
1711 2479 1850 2544 per-

353 2568 616 2624 severat.
653 2561 830 2634 Quod
871 2579 1146 2642 namque
1183 2569 1280 2623 est
1316 2559 1588 2622 effectus
1629 2577 1852 2622 secun·

355 2659 552 2732 darie,
614 2666 709 2722 est
773 2677 964 2722 causa
1033 2660 1262 2740 prime,
1336 2659 1484 2741 quia
1547 2677 1662 2740 per
1725 2675 1852 2720 mo-

355 2759 506 2820 dum
539 2757 984 2820 sublimiorem
1013 2775 1026 2819 :
1061 2757 1381 2838 quomodo
1411 2757 1646 2820 etenim
1677 2757 1854 2818 daret

357 2857 526 2938 quod
571 2873 696 2919 non
739 2855 1106 2938 praehabet'l
1137 2856 1318 2918 Nunc
1355 2855 1652 2938 equidem
1697 2875 1852 2937 prae-

143 2974 316 3012 mm·
359 2955 864 3016 demonstratum
923 2961 1040 3025 est,
1101 2953 1270 3034 quod
1338 2971 1374 3015 a
1443 2953 1651 3034 primo
1707 2959 1852 3014 ente

1963 1963 2211 2027 Primus
2254 1964 2453 2029 factor
2482 1975 2580 2030 est
2611 1967 2809 2030 factor
2840 1985 2965 2031 non
3000 1967 3205 2031 factus
3240 1986 3253 2030 ε
3288 1976 3461 2032 aeter-

1960 2082 2082 2124 nus
2140 2071 2237 2126 est
2294 2084 2462 2145 ergo.
2514 2067 2809 2128 AEternus
2855 2075 3068 2129 autem
3118 2067 3321 2130 factor
3367 2067 3459 2129 nil

1959 2179 1994 2222 a
2039 2179 2189 2224 casu
2232 2171 2338 2224 aut
2384 2162 2647 2226 fortuito
2686 2165 2837 2244 agit,
2885 2183 3083 2247 quum
3136 2165 3463 2246 perfectis-

1960 2259 2121 2322 sime
2160 2269 2301 2342 agat
2343 2278 2356 2322 ε
2402 2280 2799 2344 consequens
2845 2263 3039 2344 igitur
3080 2270 3175 2326 est
3216 2270 3283 2325 ut
3322 2281 3462 2345 pro-

1963 2365 2102 2438 pter
2151 2357 2351 2421 finem
2402 2369 2566 2441 agat,
2607 2361 2685 2423 ad
2737 2363 2948 2444 operis
2998 2362 3097 2423 sui
3148 2362 3457 2424 rationem

1961 2456 2376 2538 prospiciens.
2414 2457 2533 2520 Sed
2574 2466 2847 2522 aeternus
2888 2459 3108 2533 factor,
3138 2477 3340 2542 quum
3381 2459 3461 2520 ab

1958 2552 2178 2635 aliquo
2226 2573 2432 2637 neque
2489 2555 2687 2619 finem
2739 2575 2948 2640 neque
2998 2558 3305 2620 rationem
3361 2557 3458 2619 sui

1961 2653 2173 2734 operis
2216 2655 2741 2737 accipiat,‘quum
2787 2657 2869 2717 sit
2912 2656 3293 2738 simpliciter
3336 2657 3464 2738 pri-

1965 2771 2130 2826 muS,
2163 2772 2425 2816 necesse
2469 2761 2565 2816 est
2612 2762 2682 2816 ut
2724 2754 2847 2816 sibi
2896 2754 3018 2836 ipsi
3058 2753 3261 2816 finem
3306 2773 3463 2838 prae-

1963 2853 2203 2926 stituat,
2235 2859 2425 2934 atque
2464 2871 2539 2914 ex
2580 2854 2926 2936 semetipso
2966 2855 3275 2916 rationem
3308 2853 3459 2916 facti

1964 2951 2062 3012 sui
2095 2949 2427 3032 excogitet.
2461 2951 2742 3013 Primum
2776 2952 2969 3033 igitur
3007 2971 3121 3035 per
3153 2951 3459 3014 rationem

358 3062 658 3135 tanquam
715 3071 752 3114 a
811 3051 1068 3115 fontana
1125 3051 1371 3132 origine
1419 3050 1848 3112 necessarium
1882 3046 1925 3109 C
1967 3057 2025 3110 et
2071 3048 2401 3130 exemplar
2443 3057 2671 3112 cuncta
2715 3049 3030 3132 producit.

353 3153 434 3214 sit
463 3151 800 3214 effluxisse
830 3167 1019 3213 omne
1050 3169 1188 3212 esse
1227 3156 1290 3212 et
1331 3149 1678 3211 bonitatem
1719 3167 1852 3211 om-

353 3267 500 3311 nem
536 3267 550 3311 :
593 3247 810 3311 omnia
853 3265 1002 3328 ergo
1047 3247 1112 3309 in
1159 3247 1269 3309 illo
1313 3254 1478 3308 sunt.
1524 3246 1700 3320 Quod
1745 3264 1852 3307 au·

353 3354 480 3409 tem
535 3354 633 3408 est
684 3347 746 3407 in
794 3345 1032 3428 aliquo,
1077 3352 1175 3406 est
1222 3345 1286 3406 in
1338 3343 1450 3406 illo
1497 3344 1851 3405 secundum

352 3453 646 3508 naturam
693 3443 918 3525 ipsiuS‚
953 3451 1022 3504 ut
1066 3443 1130 3504 in
1175 3442 1339 3504 libro
1378 3441 1723 3505 Causarum
1759 3441 1852 3504 di-

353 3545 540 3606 citur.
590 3542 876 3605 Primum
921 3558 1073 3604 vero
1117 3549 1214 3604 est
1257 3539 1706 3603 intellectualis
1756 3559 1850 3602 es-

353 3642 598 3719 sentia;
648 3650 714 3704 et
770 3647 842 3702 ut
897 3641 1068 3703 Plato
1125 3640 1234 3714 ait,
1288 3638 1452 3701 Deus
1516 3647 1614 3701 est
1671 3659 1852 3702 mens

353 3741 540 3821 cujus
585 3741 762 3802 visus
804 3738 1257 3822 contemplatio
1299 3755 1314 3800 ε
1363 3739 1662 3800 universa
1704 3755 1854 3818 ergo

353 3838 852 3920 intelligibiliter
882 3837 944 3899 in
976 3837 1116 3918 ipso
1147 3836 1523 3898 consistunt.
1545 3835 1672 3899 Hoc
1703 3853 1854 3898 vero

351 3937 522 4001 aliud
581 3956 710 4001 non
763 3945 862 3999 est
913 3935 1036 3999 nisi
1080 3935 1365 3999 omnium
1417 3935 1854 4016 intelligibiles

353 4036 810 4099 similitudines
842 4055 954 4098 seu
985 4034 1382 4116 exemplares
1423 4034 1697 4097 rationes
1731 4033 1852 4116 ipsi

355 4135 580 4198 inesse.
625 4133 940 4217 AmpliuS,
987 4135 1152 4196 Deus
1195 4133 1364 4196 sicut
1406 4133 1851 4194 universorum

2045 3147 2371 3220 Praeterea,
2423 3165 2621 3230 quum
2672 3165 3007 3230 processus
3058 3147 3173 3210 fiat
3220 3167 3333 3230 per
3380 3147 3463 3210 si-

1966 3245 2421 3320 militudinem,
2472 3265 2733 3309 necesse
2792 3254 2888 3308 est
2931 3247 3323 3310 diversitatis
3372 3266 3463 3309 ra-

1963 3345 2201 3407 tionem
2251 3364 2391 3427 quae
2450 3345 2515 3408 in
2576 3346 2849 3408 causatis
2907 3354 3023 3419 est,
3076 3346 3151 3408 ad
3204 3365 3457 3409 causam

1963 3444 2269 3505 reducere
2305 3461 2319 3504 ε
2362 3443 2531 3506 idem
2578 3463 2853 3526 namque
2897 3445 3247 3507 secundum
3293 3445 3461 3526 quod

1965 3541 2159 3614 idem,
2208 3549 2427 3603 natum
2470 3550 2567 3605 est
2609 3542 2819 3605 facere
2867 3543 3059 3616 idem,
3107 3543 3459 3605 secundum

1963 3639 2387 3702 Aristotelem.
2422 3640 2557 3703 Non
2592 3641 2783 3721 igitur
2812 3641 3068 3703 divinus
3102 3641 3462 3703 intellectus

1963 3737 2295 3800 distinctas
2340 3739 2585 3820 species
2632 3739 3055 3820 produxisset,
3098 3739 3147 3800 si
3196 3757 3320 3800 non
3366 3757 3465 3800 ea-

1965 3837 2257 3899 rumdem
2317 3837 2647 3899 distinctas
2706 3838 2982 3899 rationes
3039 3837 3209 3918 apud
3270 3855 3337 3898 sc-
3402 3844 3463 3900 et

1965 3935 2030 3997 in
2078 3953 2144 3998 se
2192 3934 2658 4016 contemplatus
2700 3934 2941 3997 fuisset.
2980 3935 3053 3996 Et
3095 3935 3303 4016 quoad
3344 3934 3463 3997 hoc

1963 4034 2337 4096 verificatur
2405 4034 2693 4096 doctrina
2760 4033 3249 4106 Platonicorum,
3306 4033 3459 4095 dum

1965 4141 2214 4216 ponunt
2270 4133 2506 4196 formas
2567 4153 2707 4215 quae
2767 4134 2831 4195 in
2885 4133 3147 4196 materia
3204 4141 3375 4206 sunt,
3425 4152 3463 4195 a

355 4242 446 4295 est
475 4233 778 4296 efficiens
808 4252 1018 4304 causa,
1049 4233 1138 4294 ita
1167 4240 1264 4296 est
1291 4240 1355 4295 et
1383 4233 1673 4295 omnium
1706 4249 1850 4294 cau·
1883 4233 1932 4296 D
1967 4232 2191 4295 formis
2250 4233 2555 4314 separatis
2613 4238 2676 4294 et
2733 4231 3055 4295 similibus
3116 4232 3456 4314 profluere.

173 4349 422 4394 amesa
477 4331 700 4395 finalis
761 4350 776 4393 :
835 4331 1138 4414 quoniam
1201 4338 1270 4393 ut
1328 4330 1666 4414 probatum
1732 4337 1848 4402 est,

355 4431 566 4492 omnis
606 4437 834 4492 natura
876 4437 1084 4492 creata
1127 4429 1500 4491 naturaliter
1541 4446 1668 4491 non
1717 4436 1851 4490 ten-

353 4529 527 4591 deret
573 4547 783 4609 neque
823 4535 1298 4590 converteretur
1342 4527 1406 4590 in
1449 4527 1682 4608 ipsum,
1726 4526 1850 4588 nisi

353 4627 410 4689 id
443 4629 658 4710 ipsum
691 4625 940 4688 cunctis
979 4624 1234 4688 entibus
1273 4625 1353 4687 ab
1395 4625 1536 4708 ipso
1575 4625 1850 4688 inditum

353 4725 529 4788 foret.
563 4724 838 4787 Necesse
879 4741 1154 4806 namque
1193 4731 1290 4784 est
1332 4731 1398 4784 ut
1437 4730 1676 4786 naturae
1708 4743 1848 4805 quae

349 4823 710 4904 cognitione
782 4829 974 4894 caret,
1045 4821 1478 4903 praestituatur
1546 4819 1696 4882 finis
1767 4821 1848 4884 ab

349 4921 696 4984 intellectu.
760 4919 1036 5001 Ideoque
1094 4937 1256 5002 opus
1315 4927 1555 4982 naturae
1613 4919 1848 4981 dicitur

348 5037 506 5101 opus
545 5019 1008 5100 intelligentiae,
1051 5026 1114 5080 et
1155 5019 1358 5081 multo
1395 5017 1674 5099 amplius
1721 5019 1846 5100 pri·

347 5137 464 5181 mae
505 5136 732 5180 causae.
771 5117 938 5179 Deus
977 5135 1129 5198 ergo
1161 5125 1390 5179 cuncta
1435 5117 1498 5178 in
1532 5135 1598 5177 se
1632 5115 1843 5197 ipsum

347 5217 614 5290 ordinat,
657 5223 722 5279 et
767 5215 944 5278 omni
991 5224 1232 5279 naturae
1277 5215 1609 5298 proprium
1652 5223 1845 5298 atque

349 5317 700 5380 naturalem
743 5315 946 5378 finem
993 5314 1348 5398 praestituit.
1383 5315 1694 5379 Ordinans
1738 5334 1842 5379 ve-

1963 4332 2415 4394 Verumtamen
2482 4331 2653 4413 quod
2720 4331 3166 4411 hujuscemodi
3223 4331 3461 4393 formas

1963 4437 2142 4492 extra
2185 4429 2579 4493 intellectum
2625 4430 2917 4492 divinum
2968 4429 3457 4502 constituebant,

1965 4529 2273 4591 rationem
2308 4529 2642 4592 efficacem
2676 4546 2801 4590 non
2836 4528 3044 4591 habet.
3068 4529 3312 4603 Adhuc,
3339 4529 3461 4609 pri-

1963 4645 2142 4688 mum
2201 4647 2395 4708 agens
2455 4627 2725 4690 infinitae
2772 4626 3183 4690 fecunditatis
3230 4635 3347 4700 est,
3399 4635 3459 4688 et

1961 4726 2317 4788 secundum
2368 4745 2436 4788 se
2486 4744 2747 4808 prorsus
2811 4725 3139 4786 infinitum
3194 4732 3329 4804 est3
3379 4725 3459 4786 ab

1963 4824 2221 4886 infinito
2264 4832 2501 4896 autem,
2534 4824 2889 4885 secundum
2937 4822 3105 4905 quod
3148 4823 3297 4896 tale,
3332 4841 3455 4886 non

1961 4923 2249 5005 procedit
2308 4921 2581 4984 effectus
2639 4921 3044 4983 determinati
3102 4922 3335 5004 gradus
3398 4931 3460 4984 et

1958 5021 2201 5084 ordinis
2251 5038 2265 5082 :
2312 5027 2421 5083 aut
2480 5037 2630 5100 ergo
2683 5019 3132 5082 determinatio
3186 5019 3457 5083 effectus

1956 5121 2033 5181 ad
2087 5120 2351 5201 gradum
2398 5127 2461 5181 et
2501 5119 2805 5201 speciem,
2850 5117 2971 5180 erit
3016 5137 3051 5180 a
3092 5137 3283 5181 causa
3330 5121 3457 5202 pri-

1959 5237 2059 5279 ma
2103 5225 2211 5280 aut
2254 5237 2289 5280 a
2334 5235 2503 5279 casu.
2555 5217 2677 5280 Sed
2724 5235 2761 5279 a
2809 5235 2958 5279 casu
3010 5233 3135 5279 non
3182 5225 3325 5280 est:
3358 5235 3455 5280 or-

1957 5316 2038 5379 do
2069 5335 2345 5399 namque
2383 5323 2480 5379 est
2518 5316 2837 5398 optimum
2878 5315 2943 5378 in
2988 5315 3199 5390 rebuS,
3234 5333 3457 5380 secun·
