4300 6259
913 500 1333 548 smmi-Ano
1371 497 1770 547 rusotomca.
1814 515 1895 528 -
1935 497 2016 544 nu
2057 497 2511 546 memarmali
2552 498 2791 546 cnms‘ri
3284 479 3409 546 203

667 674 1186 741 PROPOSITIO
1233 673 1438 740 CXX.
1825 667 1880 732 A
1911 666 2253 763 beneficia,
2304 669 2543 733 auxilia
2598 687 2675 732 ac
2722 669 2895 732 varia
2956 684 3217 752 prorsus
3262 667 3407 732 cha·

1909 766 2169 831 rismata
2203 785 2217 830 ε
2250 775 2315 830 et
2344 767 2513 831 sicut
2552 767 2977 850 praehabitum
3016 774 3134 840 est,
3168 766 3235 828 in
3272 783 3407 830 om·
3438 795 3611 838 propos.
3632 795 3702 826 α.

77 1387 200 1432 propos.
210 1388 250 1416 cx

390 869 758 938 Christus
795 883 841 936 a
876 871 1140 951 primo
1175 883 1340 936 suae
1369 869 1796 936 incarnati-

319 967 482 1036 onis
507 969 911 1035 momento
940 968 1386 1049 promeruit
1411 966 1796 1034 excellen-

317 1069 635 1134 tissime.

389 1164 556 1238 Quod
585 1171 702 1236 est,
735 1163 887 1246 quia
915 1182 952 1225 a
981 1163 1194 1245 primo
1219 1161 1332 1225 illo
1363 1161 1622 1226 instanti
1663 1162 1798 1225 ani·

319 1281 413 1325 ma
463 1262 602 1342 ejus
646 1262 773 1324 fuit
817 1262 884 1323 in
931 1261 1246 1344 sapientia
1292 1269 1482 1342 atque
1531 1260 1800 1324 scientia

253 1388 296 1417 τι
316 1363 405 1440 (ut
457 1367 548 1423 est
603 1360 964 1440 ostensum)
1014 1357 1320 1441 perfecta,
1377 1366 1440 1420 et
1497 1358 1676 1422 novit
1729 1377 1798 1421 se

317 1477 442 1522 esse
482 1465 756 1520 creatam
793 1477 868 1520 ac
905 1457 1114 1520 Verbo
1149 1465 1387 1520 aeterno
1433 1455 1678 1518 unitam
1729 1463 1800 1518 ut

318 1575 420 1639 per
443 1575 582 1618 eam
611 1563 676 1619 et
705 1573 938 1637 corpus
969 1556 1111 1636 ejus
1143 1554 1568 1617 redimeretur
1595 1572 1798 1635 genus

317 1653 674 1724 humanum,
707 1659 774 1714 et
811 1652 1026 1714 omnia
1064 1651 1233 1714 clare
1273 1651 1436 1716 vidit
1473 1653 1539 1714 in
1581 1651 1800 1714 divina

317 1749 588 1812 essentia.
641 1750 934 1812 Protinus
981 1767 1133 1831 ergo
1181 1749 1444 1831 exsequi
1493 1749 1688 1832 coepit
1735 1757 1801 1812 et

1911 864 2104 928 nibus
2164 867 2265 930 his
2314 866 2563 930 Christo
2622 865 2867 930 homini
2927 883 3041 928 seu
3098 865 3241 946 ejus
3288 864 3409 927 hu-

1917 963 2203 1026 manitati
2278 964 2481 1026 inerat
2550 962 3019 1026 inaestimabilis
3101 963 3413 1026 idoneitas

1915 1063 2320 1144 promerendi
2352 1081 2431 1125 ex
2462 1062 2715 1125 deitatis
2746 1069 2973 1124 natura
3001 1081 3075 1125 ac
3108 1061 3414 1143 dignitate

1911 1160 2247 1223 immensa.
2279 1161 2547 1243 Insuper
2586 1169 2655 1224 ut
2697 1161 2889 1224 homo
2932 1160 3138 1224 viator
3182 1161 3417 1224 meruit

1915 1257 2203 1322 Christus
2264 1257 2389 1320 sibi
2452 1260 2575 1342 ipsi
2637 1260 2900 1343 praemia
2958 1259 3250 1342 quaedam
3313 1277 3415 1320 ac-

1915 1357 2271 1428 cidentalia,
2332 1357 2431 1420 sui
2500 1357 2785 1440 corporis
2852 1356 3413 1439 glorificationem,

1913 1455 2014 1517 sui
2061 1455 2345 1518 nominis
2391 1455 2845 1529 dilatationem,
2898 1463 2963 1517 et
3005 1455 3413 1536 judiciariam

1913 1560 2291 1636 potestatem
2314 1571 2329 1615 τ
2349 1573 2491 1635 quae
2522 1553 2724 1617 nihilo
2756 1555 2969 1616 minus
3001 1552 3125 1615 sibi
3160 1570 3412 1635 compe-

1911 1650 2131 1713 tebant
2168 1668 2245 1713 ex
2286 1651 2682 1734 hypostatica
2722 1653 2959 1715 unione
3001 1672 3149 1716 cum
3181 1651 3407 1716 Verbo.

1910 1748 2235 1811 Postremo
2284 1748 2511 1810 merita
2558 1747 2790 1811 Christi
2840 1757 3093 1832 oportet
3142 1749 3415 1812 homini-

317 1867 484 1929 agere
531 1847 594 1910 id
641 1847 720 1909 ad
769 1847 940 1931 quod
989 1865 1056 1910 se
1115 1847 1278 1910 vidit
1333 1847 1654 1912 conditam
1711 1854 1799 1910 ta-
1835 1841 1884 1904 B
1914 1844 2032 1908 bus
2061 1847 2278 1928 aliquo
2319 1847 2507 1908 modo
2538 1864 2651 1928 per
2680 1846 2879 1909 fidem
2918 1855 2983 1910 et
3020 1853 3414 1910 sacramenta

319 1947 569 2028 literque
612 1954 1032 2029 assumptam,
1073 1946 1196 2009 hoc
1239 1953 1336 2008 est
1377 1945 1799 2028 superbeatis-

318 2044 526 2106 simam
557 2043 934 2107 Trinitatem
965 2045 1134 2107 clare
1174 2063 1290 2127 per
1325 2045 1608 2126 speciem
1651 2062 1801 2108 con-

319 2143 618 2224 templari,
640 2143 782 2224 ejus
813 2141 1152 2205 beneficiis
1185 2141 1798 2224 incomparabilibus

322 2241 653 2322 regratiari,
698 2248 763 2304 et
806 2241 1170 2323 specialiter
1213 2240 1420 2304 Verbo
1461 2248 1720 2314 aeterno,
1763 2258 1800 2302 a

322 2358 434 2422 quo
459 2341 615 2403 vidit
649 2339 1043 2423 hypostatice
1073 2358 1140 2402 se
1169 2347 1596 2421 assumptam;
1619 2357 1798 2402 orare

321 2457 552 2520 quoque
593 2456 711 2520 pro
746 2455 980 2518 genere
1022 2436 1325 2509 humano,
1359 2445 1422 2500 et
1462 2437 1798 2500 condolere

323 2535 694 2609 hominibus,
739 2553 936 2616 seque
981 2535 1452 2616 paratissimam
1494 2534 1798 2598 exhibere

320 2634 389 2695 ad
447 2634 762 2715 agendum
815 2640 880 2695 et
935 2633 1306 2715 patiendum
1377 2632 1680 2696 universa
1735 2639 1800 2694 et

322 2730 549 2811 singula
589 2749 734 2812 quae
771 2729 1044 2793 Trinitas
1085 2748 1338 2792 summa
1379 2730 1694 2812 disposuit
1735 2737 1800 2792 et

323 2827 590 2909 praevidit
641 2847 782 2892 eam
831 2828 1144 2891 facturam
1193 2835 1258 2891 et
1305 2847 1638 2910 passuram
1683 2845 1800 2911 pro

323 2925 631 2989 hominum
666 2928 1133 3009 redemptione,
1165 2925 1367 3008 gratia
1396 2935 1462 2989 et
1489 2927 1712 2989 salute.

1911 1963 2024 2008 seu
2053 1945 2239 2006 aliter
2268 1943 2603 2027 applicari,
2639 1952 2711 2007 ut
2741 1945 2909 2008 infra
2936 1946 3206 2008 dicetur.

2256 2154 2776 2220 PROPOSITIO
2824 2155 3061 2218 CXXI.

1989 2339 2367 2406 Christus
2408 2341 2650 2420 eaput
2692 2340 2817 2406 est
2855 2341 3213 2406 omnium
3258 2339 3413 2406 ele-

1907 2438 2247 2517 ctorum,
2318 2451 2411 2502 ac
2480 2435 2733 2503 totius
2810 2437 3252 2504 militantis
3319 2451 3411 2503 ac

1906 2535 2488 2616 triumphantis
2533 2535 2929 2602 Ecclesiae.

1987 2633 2165 2706 Quod
2224 2640 2343 2706 est,
2404 2632 2554 2715 quia
2610 2633 3151 2714 quemadmodum
3219 2641 3411 2715 caput

1907 2730 2235 2814 corporale
2266 2731 2506 2793 eminet
2546 2730 2777 2792 ceteris
2819 2730 3147 2806 membris,
3180 2739 3245 2793 et
3280 2750 3413 2795 om—

1909 2849 2020 2893 nes
2052 2849 2279 2892 sensus
2312 2829 2375 2890 in
2408 2845 2485 2891 eo
2514 2827 2659 2910 plus
2689 2827 2931 2910 vigent,
2952 2827 3223 2892 aliorum
3255 2846 3410 2911 quo—

1906 2947 2032 3010 que
2083 2925 2519 2990 membrorum
2572 2926 2849 2988 sensatio
2893 2945 2965 2989 ac
3016 2927 3235 2998 motio,
3280 2927 3411 2989 vita

391 3025 666 3108 Denique
691 3025 982 3088 Christus
1021 3023 1520 3105 comprehensor
1557 3024 1797 3086 exstitit
1831 3023 1874 3089 C
1909 3035 1974 3088 et
2028 3025 2408 3107 gubernatio
2474 3043 2511 3086 a
2578 3025 2785 3106 capite
2854 3024 3256 3107 dependent3
3316 3024 3410 3087 sic

323 3129 378 3183 et
417 3122 628 3186 viator.
673 3121 804 3185 Nec
856 3129 926 3184 ut
973 3120 1492 3204 comprehensori
1543 3139 1796 3204 compe·

323 3220 474 3282 tebat
513 3221 769 3295 mereri,
811 3220 922 3282 sed
969 3227 1036 3282 ut
1081 3219 1330 3293 viatori,
1375 3219 1441 3282 in
1485 3226 1797 3301 quantum

322 3319 620 3399 passibilis
669 3325 826 3390 erat,
878 3317 942 3380 in
997 3335 1188 3380 carne
1236 3318 1472 3399 degens
1520 3317 1792 3381 mortali.

323 3418 410 3480 Sic
436 3418 690 3481 demum
731 3417 1226 3480 efficacissimus
1266 3416 1391 3478 fuit
1427 3418 1504 3480 ad
1547 3435 1798 3500 prome-

322 3515 562 3578 rendum
609 3533 624 3578 :
669 3521 808 3576 tum
863 3514 1168 3595 quoniam
1209 3515 1688 3577 amantissimus
1730 3522 1794 3578 et

323 3613 784 3695 acceptissimus
827 3619 962 3674 erat
1009 3613 1137 3676 Deo
1178 3611 1367 3686 Patri,
1401 3618 1464 3674 et
1509 3613 1572 3674 in
1617 3613 1792 3675 omni

323 3710 530 3774 virtute
588 3719 718 3775 tam
777 3729 1030 3774 summe
1089 3710 1410 3794 perfectus
1469 3718 1540 3772 ut
1596 3729 1792 3793 capax

323 3817 438 3870 erat
479 3818 704 3872 natura
747 3817 1002 3888 creata3
1047 3815 1184 3870 tum
1229 3808 1382 3891 quia
1423 3808 1488 3869 in
1533 3809 1792 3872 caritate

325 3905 416 3968 Dei
445 3915 504 3970 et
529 3908 972 3990 proximorum
1005 3907 1512 3989 singularissime
1541 3905 1790 3970 ferven-

323 4004 580 4069 tissimus
621 4007 750 4068 fuit
789 4014 856 4069 et
899 4013 1426 4086 consummatus3
1458 4013 1598 4068 tum
1641 4007 1794 4087 quia

325 4103 731 4168 indesinenter
795 4103 1154 4187 promeruit
1236 4112 1406 4178 actu,
1473 4122 1549 4167 eo
1621 4105 1790 4186 quod

1909 3124 2199 3188 Christus
2228 3123 2467 3185 eminet
2498 3122 2749 3185 cunctis
2790 3121 3187 3195 hominibus,
3218 3130 3409 3205 atque

1903 3241 1983 3284 ex
2043 3219 2444 3304 plenitudine
2500 3221 2719 3302 gratiae
2776 3239 2907 3284 suae
2966 3219 3185 3283 influit
3241 3221 3405 3296 aliia,

1904 3337 2181 3402 quorum
2240 3318 2593 3401 spiritualis
2655 3319 2955 3392 sensatio‚
3008 3319 3159 3391 vita,
3212 3318 3407 3382 motio

1903 3425 1967 3480 et
1995 3417 2375 3499 gubernatio
2404 3416 2769 3498 dependent
2796 3437 2833 3480 a
2862 3417 3132 3490 Christo,
3168 3417 3277 3499 qui
3308 3417 3405 3478 di-

1905 3516 1998 3578 xit
2031 3533 2044 3577 :
2079 3517 2229 3578 Sine
2264 3533 2365 3577 me
2396 3514 2557 3577 nihil
2592 3515 2857 3597 potestis
2898 3515 3128 3578 facere.
3161 3515 3403 3597 Nempe
3454 3536 3681 3580 Joanmxv

1903 3615 1984 3678 ab
2043 3616 2185 3698 ipso
2240 3621 2335 3676 est
2392 3615 2522 3676 vita
2576 3614 2793 3696 gratiae
2858 3633 2931 3677 ac
2992 3622 3200 3678 motus
3258 3631 3404 3697 ope·
3434 3603 3473 3642 ⁵·

1905 3714 2193 3796 ratioque
2250 3712 2585 3786 virtutum,
2647 3731 2873 3776 sensus
2931 3712 3282 3795 spiritualis
3340 3720 3405 3775 et

1901 3811 2281 3892 gubernatio
2341 3811 2657 3872 salutaris.
2717 3810 3040 3892 Praecipue
3100 3827 3251 3872 vero
3306 3818 3404 3872 est

1901 3917 2094 3990 caput
2123 3907 2494 3970 habentium
2526 3907 2872 3970 caritatem.
2892 3908 3001 3970 Est
3032 3909 3183 3971 item
3216 3917 3403 3992 caput

1901 4007 2297 4087 angelorum,
2349 4005 2587 4087 quibus
2644 4005 2839 4068 etiam
2899 4007 3251 4068 secundum
3310 4026 3403 4068 as·

1901 4113 2223 4188 sumptam
2257 4103 2719 4167 humanitatem
2754 4103 3051 4186 praelatus
3080 4112 3177 4166 est
3205 4112 3269 4167 et
3308 4105 3400 4168 in-

325 4201 476 4263 nulla
533 4202 872 4285 occupatio
935 4201 1062 4264 alia
1127 4201 1440 4283 impedire
1513 4203 1792 4284 potuerit
1820 4201 1871 4264 D
1901 4203 2070 4277 fluit,
2105 4203 2237 4266 imo
2264 4211 2328 4266 et
2356 4205 2435 4266 de
2469 4203 2689 4266 multis
2720 4221 2828 4266 eos
2859 4202 3199 4265 illuminat.

325 4307 572 4363 mentem
615 4301 760 4380 ejus
797 4299 878 4362 ab
915 4299 1148 4362 actuali
1185 4299 1690 4364 consideratione
1727 4309 1792 4362 et

325 4399 686 4479 appetitione
743 4407 974 4462 nostrae
1031 4397 1276 4472 salutis,
1327 4399 1470 4461 ideo
1531 4417 1650 4462 nec
1709 4399 1791 4462 ab

324 4496 575 4560 oratione
633 4498 926 4575 interna3
978 4503 1116 4558 tum
1163 4497 1315 4578 quia
1365 4496 1429 4558 in
1481 4496 1620 4578 ipso
1669 4497 1790 4560 ruit

323 4593 496 4671 gratia
548 4595 780 4678 capitis
833 4601 1024 4676 atque
1085 4593 1395 4675 perfectio
1448 4595 1788 4675 generalia,

325 4708 422 4769 per
470 4711 618 4774 quas
673 4710 928 4755 summe
985 4690 1110 4753 fuit
1166 4691 1432 4756 idoneus
1489 4691 1790 4756 omnibus

327 4793 662 4868 promereri.
696 4793 1021 4863 Praeterea,
1061 4790 1362 4854 universa
1391 4811 1532 4873 quae
1562 4793 1690 4873 egit
1728 4799 1790 4854 et

326 4889 578 4966 pertulit,
614 4891 694 4952 ad
739 4895 1020 4952 nostram
1065 4889 1384 4952 ordinavit
1425 4889 1790 4954 subventio-

325 5004 452 5050 nem
489 5006 560 5050 ac
602 4989 714 5051 Dei
761 4989 1094 5062 honorem,
1147 4988 1226 5050 ad
1273 4987 1472 5051 Patris
1517 4989 1788 5070 gloriam

325 5092 379 5145 et
425 5094 691 5150 nostram
751 5086 1039 5148 salutem.
1103 5085 1346 5150 Idcirco
1403 5105 1518 5168 per
1573 5087 1792 5150 omnia

323 5179 418 5244 illa
465 5184 644 5247 nobis
699 5183 1058 5267 promeruit
1117 5183 1319 5246 multa
1372 5191 1438 5246 et
1495 5185 1788 5249 innume-

323 5279 520 5344 rabilia
559 5302 632 5346 ac
676 5283 960 5348 maxima
995 5281 1182 5358 bona,
1211 5283 1430 5366 gratiae
1467 5291 1532 5347 et
1566 5283 1788 5348 salutis

1983 4303 2195 4376 Porro,
2219 4321 2419 4384 quum
2450 4308 2644 4383 caput
2673 4301 3001 4383 corporale
3020 4320 3094 4364 ac
3115 4300 3401 4364 naturale

1900 4401 2190 4482 ejusdem
2250 4407 2489 4464 naturae
2546 4399 2629 4463 sit
2676 4419 2823 4463 cum
2876 4399 3183 4464 membris
3240 4400 3397 4474 suiS,

1900 4499 2189 4562 Christus
2236 4499 2445 4580 quoad
2491 4497 2612 4561 hoc
2664 4499 2863 4579 magis
2912 4498 3169 4581 proprie
3210 4505 3402 4580 caput

1900 4597 2259 4670 hominurn,
2293 4595 2645 4679 praesertim
2678 4596 2995 4669 fidelium,
3018 4595 3393 4678 appellatur.

1899 4695 2140 4776 ltaque,
2166 4693 2332 4756 sicut
2364 4694 2563 4756 multa
2593 4692 2883 4756 membra
2912 4693 3265 4775 corporalia
3286 4713 3401 4776 per

1899 4810 2130 4856 nervos
2177 4800 2239 4854 et
2286 4792 2411 4853 alia
2460 4792 2735 4854 invicem
2788 4791 3081 4873 copulata
3128 4799 3192 4854 et
3238 4792 3399 4854 vivi-

1898 4891 2110 4964 ficata,
2158 4899 2308 4952 sunt
2356 4909 2555 4952 unum
2606 4907 2839 4971 corpus
2890 4890 3173 4952 naturale
3222 4907 3398 4972 orga-

1899 4991 2141 5062 nicum,
2188 4988 2376 5070 cujus
2424 4995 2615 5070 caput
2661 4995 2759 5050 est
2804 5006 2947 5069 pars
2996 4988 3287 5052 eminens
3336 4997 3401 5052 et

1898 5104 2238 5169 suprema;
2290 5086 2383 5148 sic
2442 5085 2725 5148 universi
2777 5084 3005 5148 fideles
3052 5085 3207 5161 fide,
3260 5107 3395 5170 spe,

1897 5185 2157 5247 caritate
2216 5184 2511 5258 connexi,
2571 5190 2723 5245 sunt
2788 5201 2991 5246 unum
3049 5185 3395 5268 mysticum

1897 5299 2153 5366 corpus»,
2206 5283 2393 5365 cujus
2450 5281 2783 5365 spirituale
2830 5291 3020 5366 caput
3076 5289 3175 5346 est
3221 5283 3396 5348 Chri·
