4300 6259
844 470 923 534 94
1234 488 1660 535 utuunNrArm
1700 487 2161 534 rnrmsorch.
2208 505 2284 515 —
2332 486 2408 532 nn
2450 487 2848 536 summouit
2891 490 3318 538 tmivnasonuu
3359 491 3400 536 A
3443 491 3562 537 nuo

844 657 1167 738 secunda3
1200 657 1265 720 in
1305 666 1617 740 quantum
1657 675 1808 720 vero
1849 654 2166 718 intellexit
2203 672 2344 736 pro·
2370 656 2421 719 A
2453 655 2852 738 impossibile
2900 659 3029 720 Deo
3076 665 3193 732 est,
3245 676 3364 721 nec
3412 666 3716 722 creaturae
3763 675 3959 739 repu-

844 755 1051 837 priam
1082 757 1538 831 actualitatem,
1573 755 1873 839 produxit
1901 754 2178 837 primam
2209 754 2346 817 ani-

842 872 1013 915 mam
1058 854 1364 929 nobilem,
1398 874 1540 938 quae
1582 861 1676 917 est
1720 854 1933 916 anima
1976 851 2168 934 primi
2215 869 2343 914 mo-

841 951 988 1013 bilis
1040 952 1227 1032 coeli3
1279 953 1344 1015 in
1393 961 1703 1036 quantum
1762 960 1976 1013 autem
2028 949 2344 1012 intellexit

839 1050 1165 1132 propriam
1216 1051 1769 1132 potentialitatem,
1823 1049 2063 1112 creavit
2108 1065 2341 1130 corpus

839 1146 984 1210 coeli
1044 1147 1237 1210 illius.
1294 1147 1717 1212 conformiter
1774 1145 2198 1227 intelligentia
2247 1164 2340 1207 se·

839 1245 1047 1306 cunda
1094 1245 1336 1308 creavit
1382 1246 1657 1320 tertiam,
1704 1254 1768 1308 et
1814 1243 2160 1306 secundam
2212 1243 2342 1305 ani-

840 1362 1008 1405 mam
1059 1343 1367 1419 nobilem,
1419 1363 1493 1406 ac
1543 1362 1775 1426 corpus
1823 1343 1997 1405 orbis
2047 1342 2228 1422 ejus3
2280 1349 2344 1404 et

839 1442 925 1504 ita
975 1442 1279 1524 deinceps
1339 1461 1543 1524 usque
1592 1442 1670 1504 ad
1719 1442 2035 1504 decimam
2084 1449 2145 1502 et
2197 1441 2342 1502 ulti-

843 1559 1011 1602 mam
1043 1541 1530 1621 intelligentiam
1555 1559 1569 1602 :
1592 1560 1627 1602 a
1658 1559 1783 1621 qua
1813 1541 2113 1602 dixerunt
2141 1538 2343 1610 creari

840 1639 1086 1701 animas
1126 1639 1465 1701 rationales
1506 1645 1569 1702 et
1608 1638 1947 1710 elementa,
1984 1637 2346 1699 inferiores-

840 1755 965 1818 que
1022 1737 1260 1800 formas
1316 1738 1393 1799 de
1454 1738 1737 1819 potentia
1794 1736 1977 1798 educi
2039 1736 2338 1798 materiae.

2449 761 2599 835 gnat
2629 755 2887 818 directe.
2920 755 3058 818 Non
3087 756 3264 818 enim
3293 758 3372 818 de
3403 757 3648 820 ratione
3676 755 3960 818 effectus

2451 858 2548 913 est
2577 851 2682 914 hic
2721 860 2831 914 aut
2868 873 3062 928 nunc,
3096 873 3215 917 nec
3253 863 3504 937 oportet
3540 872 3796 917 causam
3836 853 3958 915 du-

2450 951 2692 1013 ratione
2737 952 3092 1033 praecedere
3137 972 3326 1016 suum
3371 954 3703 1026 effectum,
3749 970 3958 1034 quum

2449 1048 2780 1111 videamus
2835 1050 3046 1131 ignem
3093 1051 3319 1113 eodem
3371 1051 3632 1114 instanti
3676 1067 3804 1132 quo
3845 1067 3958 1130 ge-

2451 1154 2729 1220 neratur,
2780 1147 2992 1210 lucere
3050 1156 3114 1211 et
3169 1149 3578 1231 splendorem
3635 1148 3956 1218 emittere,

2450 1262 2522 1305 ac
2579 1244 2852 1306 calorem
2915 1245 3307 1328 imprimere.
3373 1247 3683 1330 Denique,
3743 1245 3794 1308 si
3855 1244 3958 1308 sol

2449 1340 2530 1403 ab
2588 1347 2823 1405 aeterno
2880 1342 3128 1418 suisset,
3181 1344 3394 1407 radius
3442 1361 3700 1427 quoque
3749 1342 3960 1425 ipsius

2451 1438 2834 1502 aeternaliter
2875 1442 3240 1505 exstitisset.
3284 1443 3410 1505 Nec
3454 1443 3624 1505 Deus
3661 1441 3959 1523 omnipo-

2451 1546 2592 1600 tens
2639 1539 3048 1620 impotentior
3087 1539 3211 1602 suit
3239 1540 3317 1604 ab
3347 1547 3584 1604 aeterno
3614 1541 3692 1602 ad
3737 1559 3962 1602 crean-

2453 1638 2606 1699 dum
2666 1637 2804 1699 sine
2861 1639 3196 1720 temporali
3256 1640 3534 1714 exordi0,
3595 1657 3785 1721 quam
3860 1638 3966 1701 sol

2455 1737 2532 1797 ad
2579 1736 2676 1797 sui
2721 1736 2881 1797 radii
2925 1736 3363 1800 diffusionem.
3413 1738 3700 1819 Denique
3747 1737 3970 1817 Augu-

839 1837 1056 1917 ltaque
1125 1835 1228 1898 isti
1296 1835 1665 1917 philosophi
1722 1834 2110 1907 asserebant,
2173 1834 2342 1916 quod
2374 1835 2421 1898 B
2456 1834 2661 1896 stinus
2710 1834 2775 1895 in
2823 1835 3041 1896 multis
3085 1835 3241 1897 locis
3286 1836 3349 1897 id
3395 1842 3801 1917 protestatur,
3848 1853 3967 1917 po-

842 1933 1048 2015 prima
1082 1933 1527 2014 intelligentia,
1548 1941 1737 2016 prout
1768 1951 1835 1994 se
1868 1931 2172 2012 intelligit
2202 1949 2346 1994 con-

840 2031 1039 2093 ditam
1098 2050 1134 2093 a
1190 2049 1443 2094 summo
1494 2033 1645 2106 Deo,
1698 2049 1889 2112 quem
1949 2031 2155 2092 cernit
2215 2049 2344 2112 prae

841 2129 1070 2192 ceteris
1126 2129 1317 2204 clare,
1374 2129 1711 2192 irradiatur
1768 2137 1831 2191 et
1881 2129 2190 2210 impletur
2250 2128 2343 2189 lu-

844 2229 1017 2290 mine
1046 2234 1243 2300 tanto‚
1280 2233 1409 2289 tarn
1440 2227 1884 2300 exuberanter,
1910 2227 2079 2308 quod
2111 2226 2346 2288 emicat

840 2345 877 2387 a
899 2345 966 2387 se
988 2333 1051 2387 et
1081 2326 1376 2407 producit
1404 2325 1808 2407 splendorem
1840 2324 2208 2406 quemdam,
2232 2324 2343 2405 qui

844 2430 941 2484 est
990 2422 1409 2502 intelligentia
1461 2422 1780 2501 secunda3
1828 2420 2192 2501 intelligens
2242 2422 2348 2483 de-

848 2540 1028 2584 mum
1086 2540 1267 2583 suam
1318 2521 1872 2603 potentialitatem‚
1924 2520 2105 2601 ejicit
2162 2520 2345 2601 quasi

847 2618 1145 2682 umbram
1174 2638 1210 2681 a
1240 2638 1329 2692 se,
1349 2626 1502 2701 puta
1533 2635 1764 2701 corpus
1796 2618 1940 2682 coeli
1972 2618 2341 2700 superioris.

846 2719 1081 2780 Verum
1114 2719 1234 2780 ista
1263 2718 1496 2799 positio
1527 2734 1653 2779 non
1686 2717 1893 2780 solum
1934 2733 2200 2778 erronea
2226 2724 2343 2790 est,

846 2816 958 2879 sed
1001 2817 1152 2878 item
1195 2815 1511 2889 haeretica,
1554 2834 1754 2897 quum
1794 2814 1967 2878 solus
2005 2815 2173 2876 Deus
2213 2833 2347 2876 cre-

846 2923 983 2979 ator
1028 2915 1131 2988 sit,
1179 2933 1297 2977 nec
1344 2933 1560 2978 creare
1608 2914 1947 2977 conveniat
1991 2913 2196 2976 finitae
2239 2931 2345 2996 po-

2458 1932 2666 1993 nendo
2715 1932 3010 2014 exempla
3065 1933 3144 1995 de
3193 1935 3354 2015 pede
3413 1943 3606 2015 atque
3663 1933 3964 2014 vestigi0,

2457 2029 2509 2091 si
2556 2049 2667 2112 pes
2710 2029 2790 2091 ab
2834 2037 3071 2093 aeterno
3111 2031 3390 2094 stetisset
3432 2031 3497 2093 in
3539 2031 3847 2114 pulvere;
3879 2031 3968 2094 de

2457 2128 2589 2190 sole
2632 2147 2704 2190 ac
2749 2128 2966 2207 radi03
2999 2129 3076 2191 de
3121 2130 3397 2210 virgulto
3441 2137 3507 2192 et
3549 2130 3777 2193 umbra
3815 2130 3967 2210 ejus

2458 2227 2522 2287 in
2554 2245 2734 2308 aqua.
2769 2227 3084 2289 Naturalis
3115 2228 3356 2310 quippe
3399 2229 3671 2291 effectus
3705 2245 3966 2292 coaevus

2458 2332 2554 2387 est
2608 2332 2718 2387 aut
2773 2344 2912 2388 esse
2969 2335 3177 2407 potest
3224 2346 3354 2390 suae
3412 2346 3637 2390 causae.
3691 2327 3960 2401 RursuS,

2457 2425 2622 2487 sicut
2652 2441 2778 2486 non
2811 2425 3120 2506 implicat,
3154 2424 3326 2488 hunc
3358 2426 3636 2508 lapidem
3675 2434 3808 2488 tota
3834 2425 3962 2488 hac

2456 2523 2560 2585 die
2614 2522 2837 2596 fuisse,
2899 2530 2962 2584 et
3019 2531 3228 2586 tamen
3291 2524 3356 2586 in
3415 2524 3624 2606 primo
3692 2522 3962 2586 instanti

2457 2620 2649 2700 hujus
2679 2620 2806 2683 diei
2838 2639 2977 2682 esse
3009 2629 3291 2683 creatum
3321 2639 3338 2700 ;
3370 2621 3456 2683 ita
3486 2639 3605 2684 nec
3644 2621 3960 2704 implicat,

2458 2724 2811 2780 creaturam
2857 2718 2938 2780 ab
2981 2725 3218 2782 aeterno
3259 2719 3482 2793 fuisse,
3524 2726 3590 2782 et
3629 2727 3846 2782 tamen
3889 2719 3966 2780 in

2460 2817 2669 2898 primo
2719 2816 2976 2886 instanti
3027 2817 3412 2880 exsistentiae
3455 2836 3586 2881 suae
3634 2817 3966 2880 conditam

2460 2932 2617 2976 esse.
2645 2915 2816 2976 Istud
2848 2932 3104 2996 quoque
3126 2914 3296 2977 Plato
3323 2922 3388 2977 et
3407 2915 3776 2978 Aristoteles
3807 2935 3963 2978 cum

846 3014 1101 3092 tentiae3
1144 3013 1406 3095 jamque
1450 3021 1779 3075 ostensum
1822 3013 1925 3086 sit,
1965 3013 2133 3094 quod
2179 3012 2346 3074 sicut
2382 3016 2425 3079 C
2461 3012 2592 3074 suis
2619 3011 2999 3093 sequacibus
3025 3021 3489 3076 concesserunt.
3506 3012 3757 3076 Sufficit
3779 3014 3968 3096 quip-

846 3112 1251 3193 omnipotens
1310 3111 1475 3173 Deus
1534 3112 1739 3193 plura,
1801 3111 1930 3174 imo
1986 3119 2051 3173 et
2104 3111 2344 3184 omnia,

848 3210 1042 3273 simul
1091 3210 1369 3292 practice
1411 3210 1716 3284 intuetur,
1754 3210 1845 3272 sic
1895 3216 2102 3292 potest
2145 3217 2209 3271 et
2249 3227 2348 3271 ea-

846 3310 992 3372 dem
1038 3308 1231 3370 simul
1275 3309 1539 3371 efficere
1582 3326 1595 3370 ε
1642 3308 1793 3390 quia
1836 3327 1956 3371 nec
2001 3309 2211 3371 minor
2254 3314 2351 3369 est

848 3407 989 3487 ejus
1020 3407 1305 3489 potentia
1346 3407 1411 3469 in
1452 3407 1860 3488 exsequendo
1899 3414 1963 3468 et
2000 3406 2345 3489 operando,

847 3524 1040 3586 quarn
1072 3505 1387 3586 sapientia
1424 3523 1539 3566 sua
1577 3505 1642 3565 in
1676 3504 2089 3585 intelligendo
2119 3522 2193 3565 ac
2223 3503 2347 3565 dis-

850 3604 1161 3685 ponendo.

1124 3810 1642 3875 PROPOSITIO
1688 3811 2065 3874 LXXXIX.

932 3995 1103 4061 Non
1134 3995 1459 4061 videtur
1488 3993 1871 4059 creaturae
1901 4004 2345 4071 repugnare

849 4093 947 4160 ab
994 4095 1291 4159 aeterno
1340 4107 1509 4158 esse
1556 4091 1929 4170 creatam,
1982 4090 2343 4156 absolute

2459 3129 2539 3193 pe
2569 3112 2645 3173 ad
2681 3111 2987 3172 rationem
3019 3111 3378 3184 creationis,
3411 3111 3654 3194 aliquid
3683 3130 3834 3175 vere
3864 3131 3966 3174 es-

2457 3227 2524 3271 se
2557 3210 2938 3291 productum
2969 3227 3047 3271 ex
3077 3209 3305 3283 nihilo,
3339 3210 3426 3271 ita
3456 3211 3623 3292 quod
3657 3227 3784 3273 non
3815 3229 3962 3273 esse

2456 3308 2780 3390 praecessit
2838 3307 3040 3389 ipsius
3098 3325 3238 3370 esse
3295 3308 3621 3390 prioritate
3687 3309 3964 3390 originis

2456 3415 2520 3468 et
2567 3414 2847 3484 naturae3
2899 3425 3018 3468 nec
3075 3406 3272 3487 exigit
3331 3407 3513 3481 ratio,
3567 3407 3738 3490 quod
3797 3426 3960 3489 prae-

2457 3503 2720 3566 cesserit
2750 3512 3057 3586 tempore.
3083 3504 3558 3578 Verumtamen,
3591 3504 3784 3566 etiam
3815 3503 3964 3584 qui·-

2456 3603 2601 3665 dam
2655 3602 2866 3683 magni
2917 3603 3204 3664 doctores
3253 3609 3474 3664 tenent
3515 3600 3709 3681 hujus
3758 3618 3961 3683 oppo-

2458 3701 2674 3774 situm,
2719 3708 2786 3761 ut
2830 3700 3206 3773 Alexander,
3255 3698 3577 3773 AlbertuS,
3619 3699 3960 3773 HenricuS,

2457 3805 2521 3860 et
2577 3797 2685 3860 alii
2749 3797 2952 3859 multi.
3006 3796 3220 3878 Aliqui
3279 3815 3430 3860 vero
3488 3797 3733 3870 dicunt,
3785 3796 3964 3877 quod

2458 3913 2584 3958 non
2626 3896 2689 3957 in
2732 3894 2922 3958 rebus
2963 3895 3398 3977 permanentis
3428 3897 3538 3957 sed
3579 3893 3964 3958 successivae

2456 4000 2696 4056 naturae
2755 3994 2924 4055 istud
2983 4000 3296 4075 repugnet
3347 4011 3361 4054 ε
3413 3995 3490 4056 ad
3549 3993 3720 4074 quod
3768 3992 3964 4055 fortia

2455 4092 2694 4154 habent
2757 4092 3011 4154 motiva.
3076 4092 3210 4153 Imo
3267 4092 3542 4154 rationes
3599 4091 3956 4154 dicentium

847 4192 1278 4274 loquend03
1322 4192 1691 4273 quamvis
1732 4204 1830 4254 ex
1878 4191 2346 4270 suppositio·
2375 4194 2425 4255 D
2458 4207 2584 4252 non
2643 4208 2782 4252 esse
2832 4189 3137 4271 possibile
3187 4196 3539 4251 creaturam
3586 4188 3667 4251 ab
3717 4196 3957 4252 aeterno

846 4305 945 4357 ne
997 4291 1073 4355 ei
1126 4291 1539 4370 repugnet,
1584 4290 1771 4368 quia
1818 4288 1914 4352 de
1968 4287 2178 4352 facto
2226 4289 2346 4352 sic

848 4390 971 4454 est
1011 4389 1219 4469 quod
1260 4389 1527 4455 omnia
1569 4386 1813 4452 simul
1839 4399 2021 4450 cum
2048 4386 2347 4466 tempo-

849 4504 959 4566 re,
1009 4502 1170 4554 non
1218 4486 1316 4553 ab
1357 4487 1654 4552 aeterno
1697 4485 2083 4565 producta
2132 4485 2343 4550 sunt.

932 4585 1109 4662 Quod
1137 4592 1252 4658 est,
1277 4585 1430 4667 quia
1462 4583 1629 4645 istud
1654 4599 1779 4644 non
1805 4582 2112 4664 implicat,
2138 4600 2348 4665 neque

2456 4288 2678 4360 fuisse,
2726 4305 2852 4350 non
2904 4287 3116 4348 minus
3161 4293 3310 4348 sunt
3353 4286 3548 4349 fortes
3597 4285 3956 4349 rationibus

2461 4386 2988 4468 philosophorum
3058 4385 3167 4465 qui
3242 4384 3465 4446 mundi
3533 4385 3958 4448 aeternitatem

2461 4484 2822 4568 ponebant3
2865 4485 3158 4566 quamvis
3202 4502 3320 4546 nec
3364 4483 3491 4547 illae
3530 4503 3647 4546 nec
3688 4485 3824 4548 istae
3865 4485 3964 4547 vi·

2461 4584 2729 4645 deantur
2772 4583 3302 4646 demonstrativae.
