4300 6259
965 523 1044 569 1>ss
1084 523 1312 570 munit-3
1355 523 1738 570 cflms‘rIANAE
1780 522 2084 578 Tnssomfflz,
2132 523 2308 570 mal-:n
2352 525 2391 568 1.
2438 543 2519 553 —
2558 524 2697 571 ΛΒΤ.
2746 525 2911 582 xux,
2958 526 2991 570 L

3406 505 3521 570 291

429 690 620 752 ducit.
635 691 1110 765 Verumtamen,
1129 692 1432 776 quoniam
1469 693 1616 756 mali
1646 694 1924 757 adhaesio
1950 692 2001 755 A
2032 693 2292 776 Propter
2320 696 2491 777 quod
2518 695 2765 758 inducit
2784 695 2957 759 Plato
2984 715 3308 758 summum
3334 696 3532 759 Deum

428 790 836 853 accidentalis
867 799 966 854 est
995 793 1224 855 animae
1253 802 1318 854 et
1349 793 1749 867 innaturaliS,
1783 812 1922 876 per-

429 894 614 968 petue
663 888 870 951 inesse
915 891 1159 972 nequit,
1195 897 1266 952 ut
1305 890 1394 952 ait
1429 908 1443 953 ε
1479 891 1748 974 ideoque
1793 891 1926 952 ani-

429 1005 560 1048 mas
591 986 862 1068 injustas
895 990 1150 1051 tandem
1181 1008 1218 1050 a
1245 989 1358 1051 tali
1399 989 1776 1052 infelicitate
1805 989 1925 1050 eri-

427 1086 512 1167 pi,
573 1085 934 1168 luminique
993 1087 1265 1169 separati
1327 1087 1692 1150 intellectus
1753 1087 1920 1149 uniri

426 1184 692 1262 asserit3
725 1183 818 1246 sic
860 1191 1098 1258 tamen,
1145 1193 1214 1246 ut
1257 1185 1691 1248 defectuosius
1733 1193 1924 1267 atque

428 1281 758 1344 confusius
789 1282 1210 1356 illustrentur,
1243 1284 1786 1365 quemadmodum
1831 1283 1924 1345 in-

429 1381 760 1444 doctorum
808 1387 874 1442 et
921 1379 1264 1443 infantium
1310 1381 1560 1444 animae.
1606 1381 1792 1444 Nulla
1835 1389 1924 1444 et-

432 1479 604 1540 enim
652 1487 940 1561 separata
983 1480 1216 1554 anima,
1257 1480 1449 1542 etiam
1495 1480 1922 1554 indoctorum,

433 1585 640 1660 potest
693 1579 950 1660 penitus
1005 1597 1233 1660 expers
1290 1598 1429 1642 esse
1479 1579 1926 1661 hujuscemodi

431 1675 878 1740 illuminativae
909 1675 1304 1740 influxionis.
1339 1677 1460 1740 Sed
1492 1677 1926 1740 indistinctius

431 1774 868 1857 intelligibiles
901 1775 1129 1857 recipit
1167 1775 1404 1838 formas
1447 1795 1572 1838 una
1611 1795 1802 1858 quam
1843 1775 1928 1838 al-

2036 792 2403 873 loquentem
2432 794 2510 855 ad
2541 794 2714 868 deoS,
2751 801 3063 876 quatenus
3095 793 3361 877 pignora
3390 813 3531 876 quae

2034 891 2409 973 corporibus
2442 893 3081 966 communicaverint,
3104 900 3248 974 post
3267 892 3533 954 dissolu-

2033 989 2277 1051 tionem
2311 997 2657 1052 resumant.
2702 991 2845 1053 Haec
2874 997 3087 1053 autem
3122 991 3186 1051 in
3223 990 3533 1052 Phaedone

2035 1095 2098 1149 et
2126 1087 2363 1150 Timaeo
2403 1087 2641 1150 diffuse
2682 1089 3019 1151 traduntur
3062 1107 3099 1150 a
3128 1089 3406 1150 Platone.

2115 1185 2295 1248 Nunc
2351 1194 2565 1249 autem
2626 1188 2690 1248 in
2740 1193 2989 1249 tantum
3042 1187 3311 1260 dicatur,
3363 1185 3533 1268 quod

2033 1283 2279 1346 animas
2327 1284 2521 1365 hujus
2572 1285 2795 1346 mundi
2839 1285 3001 1346 dixit
3043 1303 3080 1346 a
3124 1284 3533 1367 comparibus

2035 1381 2235 1444 stellis
2284 1382 2713 1460 descendere;
2764 1388 2827 1444 et
2872 1399 2979 1444 eas
3024 1401 3165 1464 quae
3214 1383 3279 1444 in
3330 1382 3537 1464 prima

2037 1479 2549 1562 incorporatione
2590 1479 2908 1562 justitiam
2968 1480 3323 1554 coluerunt,
3375 1481 3537 1542 dixit

2034 1578 2112 1640 ad
2157 1578 2485 1640 stellarum
2526 1579 2947 1642 contubernia
2984 1579 3240 1651 reverti,
3276 1579 3536 1660 illicque

2037 1675 2206 1738 bono
2242 1683 2533 1757 separato
2572 1684 2633 1738 et
2674 1676 3086 1739 intellectuali
3140 1676 3309 1738 uniri
3358 1684 3423 1738 et
3469 1677 3533 1739 in

2037 1774 2159 1836 hoc
2202 1773 2521 1844 felicitat-i,
2556 1781 2746 1857 prout
2786 1773 3087 1836 videlicet
3131 1773 3539 1836 illuminatio-

426 1881 581 1947 tera,
615 1879 920 1955 tanquam
953 1891 1080 1936 non
1111 1873 1404 1936 decorata
1435 1893 1548 1936 seu
1579 1872 1927 1937 conformis
1955 1876 2002 1938 B
2040 1891 2189 1935 nem
2238 1873 2601 1955 suscipiunt
2652 1880 2715 1934 et
2765 1872 3115 1935 formarum
3174 1871 3539 1953 intelligibi-

425 1971 592 2034 facta
635 1972 946 2054 separatis
989 1971 1384 2035 substantiis,

505 2071 596 2132 De
645 2069 764 2132 hac
813 2069 1092 2152 denique
1143 2071 1407 2133 materia
1457 2071 1686 2134 ceteris
1735 2071 1931 2134 subli-

427 2169 600 2230 mius
631 2168 888 2230 videtur
915 2169 1240 2231 Avicenna
1271 2168 1520 2232 locutus
1546 2186 1560 2230 :
1584 2169 1664 2231 ab
1693 2171 1930 2232 Aristo-

429 2267 558 2329 tele
587 2267 764 2330 enim
803 2267 1224 2330 determinata
1267 2285 1392 2330 non
1440 2269 1774 2350 reperitur.
1811 2268 1932 2330 Sed

431 2366 604 2447 quod
647 2365 808 2428 tales
855 2366 1102 2428 animas
1151 2365 1420 2447 injustas
1469 2384 1798 2447 resurgere
1845 2367 1934 2429 ait

429 2465 512 2526 ad
543 2464 944 2538 felicitatem,
969 2463 1278 2526 rationem
1309 2463 1642 2527 efficacem
1673 2483 1798 2528 non
1831 2466 1936 2528 ha·

2041 1971 2200 2033 lium
2242 1971 2709 2034 immissionem
2760 1971 2841 2032 ab
2891 1971 3206 2033 idealibus
3254 1971 3480 2033 formis
3522 1987 3537 2032 z

2040 2089 2313 2152 quarum
2384 2069 2775 2150 intelligibili
2836 2069 3322 2152 participatione
3380 2069 3541 2130 dixit

2041 2186 2301 2231 omnem
2349 2169 2803 2250 participatum
2858 2168 3272 2242 intellectum,
3309 2167 3541 2229 intelli-

2042 2275 2297 2349 gentem
2332 2267 2496 2330 fieri.
2533 2267 2806 2348 lnjustas
2849 2267 3061 2328 denuo
3100 2267 3345 2328 animas
3381 2266 3543 2328 dixit

2041 2367 2565 2448 transcorporari‚
2598 2366 2800 2428 donec
2832 2373 3133 2447 purgatae,
3156 2365 3233 2428 ad
3266 2365 3543 2427 sidereas

2044 2464 2409 2528 mansiones
2458 2463 2665 2526 redire
2716 2471 2995 2546 possent.
3041 2463 3304 2526 Animas
3352 2465 3536 2547 quip-

429 2563 562 2626 bet.
599 2564 756 2637 Quia
785 2582 1064 2645 namque
1095 2564 1344 2646 corpori
1373 2563 1588 2626 anima
1615 2563 1838 2625 unitur
1867 2571 1937 2625 ut
2045 2583 2124 2646 pe
2170 2581 2297 2626 non
2340 2562 2803 2624 intellectuales
2843 2562 3337 2644 transcorporari
3380 2562 3543 2624 dixit

427 2663 900 2736 sanctificetur,
945 2670 1010 2724 et
1057 2663 1136 2725 ad
1175 2662 1637 2726 beatitudinem
1682 2669 1936 2744 aptetur
2045 2661 2399 2724 secundum
2448 2660 2960 2722 vicissitudinem
3007 2667 3071 2722 et
3120 2660 3537 2740 indigentiam

421 2782 470 2824 a
517 2779 785 2844 corpore
843 2769 1152 2844 separata,
1207 2779 1332 2824 non
1389 2761 1645 2824 videtur
1699 2760 1934 2824 habere
2042 2759 2471 2841 generationis
2520 2766 2583 2820 et
2634 2757 2932 2819 materiai.
2984 2757 3345 2830 Enimvero,
3400 2765 3543 2840 post

423 2861 807 2923 facultatem
860 2859 1301 2942 reparationiS,
1353 2860 1536 2942 quasi
1587 2859 1799 2922 medio
1855 2859 1933 2921 ad
2045 2865 2410 2940 temporum
2440 2856 2775 2919 intervalla
2813 2854 2976 2917 dixit
3004 2863 3252 2918 sanctas
3294 2855 3543 2917 animas

421 2959 639 3022 finem
670 2959 960 3021 ordinato
988 2976 1229 3020 carens.
1251 2957 1710 3020 Rationabilius
1743 2957 1938 3038 igitur
2045 2975 2268 3018 rursus
2308 2953 2684 3036 corporibus
2724 2954 3048 3028 delectari,
3082 2953 3337 3036 illisque
3380 2953 3547 3016 velle

421 3058 736 3120 videntur
775 3057 1012 3118 dixisse
1056 3057 1166 3138 qui
1210 3075 1316 3118 eas
1356 3055 1680 3138 ponebant
1719 3074 1938 3137 perpe·
1967 3057 2011 3121 C
2049 3055 2325 3129 infundi,
2358 3071 2436 3116 60
2464 3053 2635 3136 quod
2666 3052 3181 3115 intellectualitas
3211 3071 3338 3116 non
3368 3053 3451 3115 sit
3480 3053 3545 3114 in

421 3165 547 3220 tue
589 3155 862 3238 deprimi
901 3163 966 3218 et
1004 3155 1275 3217 naturali
1325 3153 1630 3216 felicitate
1675 3153 1936 3236 privari,

423 3263 634 3337 atque
666 3255 730 3315 in
763 3253 1102 3316 innaturali
1120 3252 1432 3332 (terrestri
1456 3252 1782 3332 videlicet)
1801 3251 1941 3314 loco

423 3351 886 3416 obtenebratas
929 3349 1194 3412 recludi.

801 3567 1288 3633 ARTICULUS
1333 3568 1578 3631 XLIX.

425 3693 1002 3762 Quemadmodum
1050 3693 1130 3749 de
1179 3691 1482 3748 naturali
1539 3690 1944 3748 beatitudine

603 3782 904 3841 humanae
951 3780 1192 3838 animoe
1237 3781 1433 3840 Plato
1481 3781 1776 3838 senserit.

569 3940 791 4013 oum),
833 3941 986 4002 dum
1030 3939 1370 4002 mundanae
1409 3938 1758 4002 molitionis
1797 3939 1940 4002 fun-

583 4040 880 4102 damenta
903 4037 1336 4100 constituisset
1361 4036 1576 4119 opifex
1593 4038 1782 4113 Deus,
1803 4038 1943 4119 jux·

417 4151 492 4205 ta
545 4138 960 4201 traditionem
1009 4136 1307 4211 Platonis»,
1359 4136 1604 4198 animas
1661 4137 1942 4217 singulas

2051 3153 2208 3236 ipsis
2238 3153 2511 3226 sincera,
2532 3152 2643 3214 sed
2678 3151 3079 3214 inclinationi
3107 3151 3185 3216 ad
3218 3150 3546 3215 materiam

2049 3259 2114 3315 et
2143 3251 2501 3334 corporales
2542 3250 3095 3332 concupiscentias
3138 3250 3551 3333 quodammo-

2049 3351 2130 3413 do
2178 3350 2472 3413 obnoxia.
2524 3349 2640 3412 Per
2689 3349 2881 3412 talem
2933 3367 3165 3431 nempe
3213 3365 3551 3411 ascensum

2050 3457 2112 3512 et
2149 3449 2531 3511 descensum
2572 3446 2931 3510 animarum
2972 3446 3445 3528 generationem
3488 3446 3554 3508 in

2050 3547 2309 3609 entibus
2356 3546 2780 3628 perpetuavit.
2827 3546 3281 3607 Verumtamen
3330 3561 3554 3607 omnes

2053 3645 2246 3727 hujus
2306 3645 2532 3706 mundi
2590 3642 2829 3706 formas
2877 3663 2913 3706 a
2962 3642 3186 3705 formis
3246 3642 3555 3725 separatis

2052 3743 2307 3807 dicebat
2343 3741 2638 3816 effluere,
2675 3741 3214 3823 quemadmodum
3265 3738 3556 3823 procedit

2049 3842 2257 3906 forma
2288 3861 2448 3904 cerae
2488 3860 2525 3902 a
2569 3840 2776 3902 forma
2818 3838 3055 3920 sigilli3
3088 3840 3199 3902 sed
3245 3839 3551 3920 quasdam

2051 3939 2505 4024 separabiliter,
2526 3937 2831 4020 quasdam
2862 3954 3012 3999 vero
3043 3935 3553 4019 inseparabiliter

2051 4042 2213 4104 dixit
2244 4037 2610 4121 participari
2642 4056 2678 4099 a
2712 4036 3015 4115 materia3
3048 4043 3111 4098 et
3142 4035 3400 4117 quidem
3432 4036 3549 4096 im·

2055 4138 2352 4202 mortales
2382 4134 2545 4198 dixit
2574 4133 2920 4196 ascendere
2950 4140 3013 4196 et
3042 4131 3427 4196 descendere
3458 4152 3549 4198 se-

419 4255 644 4323 supra
689 4253 1018 4319 compares
1066 4234 1280 4298 stellas
1337 4234 1579 4308 statuit,
1630 4243 1944 4317 quatenus
1971 4239 2022 4304 D
2053 4237 2332 4302 cundum
2365 4231 2901 4296 interminabilem
2933 4231 3549 4315 periodum,quae¹....

421 4338 526 4402 dii
561 4335 836 4398 deorum
865 4333 1137 4414 singulis
1175 4331 1549 4414 corporibus
1589 4333 1943 4396 secundum

423 4440 738 4521 ipsorum
773 4432 1000 4494 merita
1027 4431 1266 4494 formas
1297 4429 1710 4494 infunderent
1743 4449 1756 4494 :
1791 4451 1944 4515 quo-

419 4537 626 4600 niam
657 4532 896 4615 primus
924 4539 1100 4594 actor
1117 4529 1384 4594 orbibus
1403 4537 1464 4592 et
1485 4530 1802 4594 sideribus
1835 4532 1948 4594 hu-

415 4637 542 4720 jus
589 4631 816 4695 mundi
864 4630 1338 4712 generationem
1387 4629 1944 4710 gubernationem-

418 4752 566 4819 que
599 4730 946 4804 commisit,
961 4729 1214 4792 dicente
1229 4727 1484 4791 Platone
1501 4727 1628 4790 :Dii
1659 4729 1942 4806 deorum,

418 4851 722 4918 quorum
777 4829 994 4911 opifex
1043 4835 1106 4890 et
1157 4833 1335 4910 pater
1383 4843 1516 4908 ego.
1571 4827 1806 4890 Horum
1858 4847 1948 4890 se-

419 4937 730 4998 mentem
763 4928 992 4991 faciam
1021 4925 1335 5009 vobisque
1363 4925 1641 5004 tradam3
1664 4935 1946 4989 vestrum

419 5039 658 5096 autem
701 5026 966 5108 exsequi
1006 5043 1120 5106 par
1159 5024 1297 5086 erit.
1335 5023 1510 5086 Unde
1553 5041 1775 5086 omnes
1818 5025 1950 5087 ani-

425 5149 608 5204 maS,
643 5127 838 5188 etiam
878 5125 1236 5197 brutorum,
1281 5122 1496 5205 posuit
1535 5123 1945 5186 immortales

2500 4459 2993 4526 ARTICULUS
3038 4457 3116 4524 L.

2059 4589 2140 4650 In
2173 4608 2297 4668 quo
2318 4587 2701 4648 Aleoeander
2718 4584 3057 4658 Peripatet
3067 4583 3290 4652 icu8,A
3304 4601 3557 4644 verroes

2133 4684 2597 4737 commentator
2653 4682 2713 4732 et
2764 4673 3144 4733 Ababacker
3201 4675 3557 4732 statuerint

2134 4769 2403 4844 finalem
2459 4764 2742 4823 hominis
2795 4763 3179 4836 felicitatem
3232 4782 3254 4820 .·
3302 4763 3375 4821 in
3433 4782 3558 4840 quo

2137 4859 2522 4916 declaratur
2551 4853 2862 4930 quomodo
2903 4852 3081 4910 inter
3109 4853 3406 4910 meliores
3435 4854 3558 4913 Pe·

2141 4945 2637 5021 ripateticorum
2685 4941 2771 4998 sit
2818 4940 3169 5000 diversitas
3217 4941 3285 4999 in
3339 4944 3558 5016 expla-

2140 5036 2361 5095 nando
2409 5039 2685 5090 mentem
2731 5030 3109 5090 Aristotelis
3156 5033 3335 5090 circa
3384 5049 3556 5108 prce-

2142 5132 2383 5183 sentem
2428 5121 2793 5180 materiam.

535 5347 554 5385 1
593 5341 658 5392 ln
684 5339 990 5406 archetypo
1020 5338 1264 5403 spatium
1297 5339 1418 5388 erat
1449 5351 1460 5388 :
1495 5337 1888 5394 desiderantur
1915 5340 2062 5392 enirn
2095 5337 2368 5404 quaedam.
2402 5336 2507 5400 (Ex
2540 5333 2669 5384 edit.
2698 5331 2921 5399 Colon.)
