4300 6259
785 462 903 531 17⁰

1633 487 2053 534 maxumum
2092 486 2490 534 ’maome-lm.
2537 505 2618 516 —
2657 487 2737 532 DE
2777 485 3036 532 Amans

778 654 1099 738 eipatibus
1126 656 1419 740 proxime
1456 658 1767 720 uniuntur
1802 664 1868 720 et
1904 675 2273 741 supponun-
2299 656 2352 721 A
2379 656 2673 730 fundant,
2693 655 3054 739 superiores
3083 673 3238 720 vero
3265 652 3700 718 inferioribus.
3719 651 3904 716 Hinc

774 760 901 829 tur,
932 772 1007 818 ac
1045 755 1303 837 Angelis
1341 762 1882 839 superponuntur,
1914 775 2064 820 cum
2104 763 2273 821 utro·

772 871 899 934 que
961 853 1158 916 choro
1222 855 1791 930 communicanteS,
1851 874 1925 918 ac
1984 855 2271 919 medium

771 950 941 1014 inter
986 968 1095 1014 eos
1144 959 1453 1016 tenentes
1502 953 2049 1027 Quemadmodum
2094 953 2269 1017 enim

770 1066 809 1111 a
882 1048 1352 1133 Principatibus
1430 1058 1967 1133 sursumaguntur
2034 1052 2101 1114 in
2168 1052 2270 1114 his

770 1165 915 1228 quae
960 1165 1039 1210 ex
1080 1147 1337 1211 illorum
1380 1149 1849 1212 illuminatione
1892 1157 2266 1231 agnoscunt,

770 1252 835 1307 et
865 1262 979 1326 per
1006 1244 1127 1308 hoc
1167 1247 1295 1309 Deo
1334 1247 1611 1330 amplius
1651 1248 2151 1322 conformantur,
2181 1256 2270 1310 at-

771 1359 897 1425 que
962 1361 1041 1406 ex
1101 1344 1243 1425 ejus
1300 1343 1641 1408 effectibus
1696 1346 2135 1409 accenduntur
2201 1345 2266 1407 in

774 1440 955 1523 ipso;
988 1441 1075 1504 ita
1103 1450 1169 1505 et
1196 1442 1321 1525 ipsi
1350 1443 1729 1524 Archangeli
1772 1444 1851 1506 ad
1881 1444 2268 1525 Angelorum

774 1557 842 1601 se
889 1539 1181 1610 ordinem
1230 1540 1489 1616 babent,
1532 1541 1689 1624 ipsis
1736 1541 2270 1604 communicando

773 1644 839 1699 et
867 1638 1207 1702 revelando
1232 1659 1375 1722 quae
1404 1639 1643 1702 habent
1669 1647 1734 1702 et
1761 1647 2013 1703 norunt.
2028 1641 2268 1703 Postre-

773 1753 901 1808 mo,
942 1736 1327 1817 Angelorum
1369 1739 1601 1800 chorus
1644 1745 1741 1800 est
1785 1737 2049 1800 infimus
2078 1745 2143 1800 et
2171 1757 2270 1800 ec-

2380 755 2654 839 quisque
2685 753 2854 836 quod
2884 754 2951 816 in
2982 772 3050 816 se
3077 754 3218 837 ipso
3245 770 3376 816 non
3403 753 3616 826 babet,
3639 751 3706 813 in
3737 749 3904 812 aliis

2379 853 2702 936 possidet3
2743 860 2809 914 et
2851 859 3080 915 mutuo
3130 851 3510 916 suavissime
3561 849 3688 913 sibi
3733 865 3902 911 con-

2377 953 2655 1036 gaudent
2681 959 2856 1017 tanto
2885 951 3364 1026 exuberantius,
3397 957 3638 1034 quanto
3673 968 3746 1012 se
3793 948 3902 1010 in-

2376 1051 2586 1114 vicem
2625 1050 2952 1116 ardentius
2991 1069 3066 1114 ac
3109 1049 3458 1134 perfectius
3499 1048 3804 1129 diligunt.

2458 1149 2748 1231 Denique
2777 1149 3006 1212 caritas
3037 1149 3242 1212 virtus
3279 1155 3378 1211 est
3417 1147 3686 1220 unitiva,
3715 1162 3902 1208 com-

2381 1247 2772 1310 municativa
2810 1253 2874 1310 et
2916 1245 3244 1321 diffusiva,
3277 1263 3420 1328 quae
3456 1251 3522 1308 et
3559 1249 3896 1307 amantem

2378 1344 2683 1408 transfert
2711 1352 2774 1408 et
2800 1344 3212 1408 transformat
3241 1344 3306 1406 in
3345 1344 3654 1406 dilectum
3688 1359 3703 1404 ε
3740 1360 3898 1423 quae

2379 1443 2434 1506 si
2484 1443 2768 1525 perfecta
2823 1444 2928 1518 sit,
2978 1460 3106 1505 non
3164 1443 3396 1506 retinet
3451 1440 3579 1504 sibi
3635 1439 3896 1522 aliquid

2381 1541 2733 1623 proprium.
2767 1540 3123 1604 Beatissimi
3170 1558 3321 1622 ergo
3360 1540 3456 1603 illi
3497 1555 3898 1621 supermun-

2380 1640 2527 1703 dani
2576 1639 2962 1716 intellectus,
3002 1659 3077 1703 ac
3127 1638 3628 1722 splendidissimi
3679 1636 3894 1700 animi

2380 1738 2889 1820 supercoelesteS,
2923 1757 3124 1820 quum
3156 1738 3224 1800 in
3253 1737 3434 1800 omni
3471 1741 3692 1799 sancta
3725 1735 3897 1798 dile-

771 1832 1141 1900 clesiasticae
1170 1835 1544 1900 hierarchiae
1574 1837 1863 1919 proxime
1905 1836 2268 1919 superposi-
2304 1840 2350 1902 B
2379 1836 2590 1900 ctione
2635 1836 3088 1919 perfectissimi
3125 1834 3690 1917 ardentissimique
3729 1850 3892 1896 con—

770 1939 895 2006 tus,
929 1933 1219 1996 revelans
1256 1933 1626 1998 hominibus
1655 1953 1729 1996 ac
1760 1935 1853 1998 eis
1881 1935 2268 1998 denuntians

769 2049 911 2113 quae
969 2050 1007 2092 a
1072 2031 1514 2113 superioribus
1572 2032 2085 2096 intellectualiter
2140 2033 2266 2096 sibi

767 2128 1203 2191 notificantur.
1238 2129 1537 2203 Quamvis
1566 2131 1739 2193 enim
1781 2131 2064 2194 universi
2093 2132 2267 2195 Beati

768 2225 971 2288 Deum
1004 2226 1371 2290 immediate
1402 2229 1467 2290 in
1498 2247 1567 2291 se
1598 2229 1738 2310 ipso
1766 2229 1935 2292 clare
1975 2248 2089 2312 per
2126 2248 2268 2312 spe-

768 2324 933 2386 ciem
994 2325 1528 2406 contemplentur,
1588 2345 1713 2390 non
1772 2334 1988 2390 tamen
2042 2347 2268 2392 omnes

770 2441 951 2504 aeque
983 2423 1184 2485 multa
1212 2433 1602 2506 cognoscunt
1631 2425 1697 2486 in
1739 2426 1897 2507 ipso,
1931 2445 2047 2488 nec
2086 2446 2267 2508 aeque

772 2519 982 2599 clare3
1027 2521 1138 2582 sed
1182 2528 1246 2583 et
1288 2523 1659 2585 eorumdem
1704 2523 2067 2586 divinorum
2111 2523 2268 2586 effe-

773 2624 995 2680 ctuum
1026 2617 1242 2700 plures
1286 2620 1562 2683 rationes
1605 2627 1996 2702 cognoscunt
2033 2621 2099 2683 in
2141 2623 2270 2685 Deo

771 2716 981 2796 angeli
1011 2717 1373 2799 superiores
1403 2737 1594 2800 quam
1626 2717 1979 2782 inferiores
2004 2720 2268 2782 Verum-

772 2821 983 2876 tamen
1016 2832 1135 2877 nec
1167 2816 1527 2897 superiores
1558 2835 1676 2878 nec
1708 2815 2041 2879 inferiores
2080 2836 2267 2898 ange-

774 2911 817 2972 li
860 2912 924 2974 in
964 2932 1039 2976 ea
1081 2922 1377 2976 crescunt
1420 2915 1779 2995 cognitione
1822 2922 1885 2976 et
1925 2915 2268 2978 dilectione

2378 1935 2625 2008 sistant,
2677 1934 2932 1997 divitias
2979 1953 3127 1997 suas
3175 1933 3538 2015 spirituales
3596 1933 3892 1994 internas

2381 2040 2604 2096 mutuo
2633 2032 2758 2095 sibi
2790 2032 3270 2115 impertiuntur,
3283 2050 3358 2094 ac
3389 2030 3599 2094 lucem
3627 2028 3888 2112 sapien-

2377 2131 2483 2194 tiae
2517 2151 2648 2194 suae
2683 2129 3058 2194 concivibus
3097 2131 3232 2193 suis
3271 2129 3774 2202 communicant,
3805 2147 3886 2191 ac

2380 2247 2632 2292 summe
2699 2229 3054 2311 adimplent
3118 2229 3290 2312 quod
3357 2228 3660 2310 princeps
3713 2226 3886 2290 dixit

2377 2327 2825 2409 Apostolorum
2870 2345 2885 2390 :
2929 2327 3380 2410 Unusquisque
3419 2326 3586 2388 sicut
3625 2324 3880 2407 accepit
3913 2343 4180 2450 &fetum

2377 2426 2669 2507 gratiam,
2705 2426 2770 2488 in
2801 2425 3180 2488 alterutrum
3212 2424 3390 2487 illam
3427 2423 3880 2487 administran-

2376 2530 2492 2586 teS.
2528 2523 2687 2586 Hinc
2728 2523 3090 2607 superiores
3129 2522 3339 2605 angeli
3377 2523 3679 2586 dicuntur
3717 2520 3880 2584 infe-

2377 2623 2576 2686 riores
2626 2640 2919 2704 purgare,
2969 2621 3336 2685 illuminare
3383 2629 3448 2684 et
3495 2621 3810 2703 perficere
3859 2637 3874 2681 ε

2380 2739 2669 2802 purgare,
2723 2721 3008 2802 inquam,
3059 2738 3188 2783 non
3237 2738 3274 2781 a
3319 2717 3603 2781 tenebris
3645 2717 3876 2800 culpae,

2377 2837 2588 2900 neque
2625 2817 2706 2880 ab
2747 2818 3102 2899 ignorantia
3143 2818 3358 2901 aliqua
3401 2815 3732 2898 culpabili,
3763 2817 3878 2879 sed

2377 2936 2414 2979 a
2453 2915 2864 2998 perfectionis
2913 2925 2976 2979 et
3013 2915 3394 2998 cognitionis
3435 2913 3880 2988 minoratione,

774 3009 839 3071 in
869 3029 995 3091 qua
1024 3010 1351 3074 beatitudo
1380 3029 1602 3074 eorum
1642 3013 2017 3094 principalis
2055 3032 2268 3076 essen·
2305 3021 2347 3084 C
2376 3023 2439 3078 et
2484 3016 2756 3096 quadam
2797 3014 3345 3087 dissimilitudine,
3377 3012 3719 3076 revelando
3749 3011 3882 3074 illis

770 3103 1005 3169 tialiter
1033 3107 1155 3170 sita
1182 3115 1299 3182 est,
1322 3108 1443 3171 hoc
1472 3117 1570 3171 est
1597 3109 1662 3172 in
1693 3110 1993 3173 beatifica
2020 3110 2267 3175 visione

770 3210 835 3265 et
870 3203 1131 3268 fruitiva
1168 3205 1508 3269 dilectione
1549 3208 2266 3290 superincomparabilis

770 3301 1117 3376 Trinitatis,
1158 3323 1300 3386 quae
1348 3313 1443 3368 est
1492 3307 1779 3380 unicum,
1824 3325 2155 3369 summum
2205 3314 2269 3369 et

769 3400 1211 3464 immediatum
1242 3403 1795 3484 obiectum,causa
1817 3413 1882 3468 et
1904 3404 2047 3467 fons
2071 3405 2266 3468 totius

768 3497 1109 3562 felicitatis,

1132 3712 1652 3778 PROPOSITIO
1697 3713 1906 3777 LXX.

850 3896 1058 3964 Ordo
1114 3897 1669 3966 hierarchicus
1720 3901 2264 3979 angelicorum

768 3996 1205 4075 spirituum
1236 3997 1607 4063 consistit
1632 3999 1719 4063 in
1747 4001 2030 4066 mutua
2058 4013 2266 4066 com-

768 4095 1306 4162 municatione
1349 4095 1734 4162 donorum
1772 4097 1975 4177 1psis
2003 4095 2266 4163 distri-

768 4191 1171 4273 butorum,
1234 4195 1317 4259 et
1374 4195 1460 4259 111
1521 4193 2023 4276 purg-atione,
2084 4196 2266 4262 illu·
2299 4199 2347 4262 D

767 4291 1207 4358 minatione
1274 4293 1357 4358 et
1435 4291 1919 4372 perfectione
1990 4307 2266 4362 eorum

769 4388 870 4454 ad
912 4386 1291 4456 invicem.

842 4486 1020 4561 Quod
1089 4493 1206 4560 est,
1268 4486 1418 4567 quia
1474 4487 1777 4568 angelicae
1836 4497 2081 4554 mentes
2140 4491 2268 4554 Deo

769 4584 1082 4661 fruentes,
1118 4604 1311 4667 supra
1342 4592 1404 4648 et
1436 4585 1601 4647 ultra
1631 4587 1985 4651 naturalem
2020 4590 2267 4672 capaci-

766 4691 961 4748 tatem
994 4691 1059 4748 et
1095 4683 1582 4766 dispositionem
1628 4683 1809 4749 factae
1852 4695 2002 4749 sunt
2040 4686 2269 4752 deifor-

769 4803 927 4857 meS,
964 4783 1093 4846 imo
1130 4790 1196 4846 et
1233 4782 1567 4856 deificatae,
1601 4782 1833 4848 divinae
1870 4793 1935 4848 et
1973 4786 2268 4850 increatae

766 4881 1071 4945 bonitatis
1140 4880 1639 4965 proprietatibus
1696 4883 2269 4948 exuberantissime

764 4981 1154 5062 adimpletae.
1196 4981 1533 5062 Quumque
1581 4981 1936 5063 proprietas
1985 4982 2137 5045 boni
2188 4984 2272 5046 sit

766 5097 834 5141 se
899 5077 1400 5152 communicare,
1459 5078 1798 5160 impertiri,
1858 5078 2269 5160 diffundere;

768 5183 1015 5239 constat
1044 5175 1214 5258 quod
1244 5174 1597 5238 beatissimi
1641 5175 1735 5237 illi
1773 5177 2045 5258 angelici
2087 5178 2271 5260 spiri-

770 5281 873 5336 tus
922 5271 1365 5356 copiosissime
1407 5292 1475 5336 se
1519 5275 1999 5338 communicent
2034 5294 2108 5338 ac
2151 5275 2270 5338 dif-

2377 3113 2620 3196 aliquid
2651 3113 2730 3176 de
2759 3112 2993 3174 abditis
3037 3120 3228 3195 atque
3273 3111 3594 3195 mysteriis
3630 3110 3882 3173 divino-

2379 3231 2522 3274 rum
2579 3210 2958 3286 effectuum,
3016 3211 3410 3292 judiciorum
3475 3227 3878 3292 operumque

2378 3309 2769 3391 magnalium
2811 3326 2825 3371 ε
2863 3327 2942 3371 ex
2992 3326 3266 3390 quorum
3311 3307 3635 3390 agnitione
3681 3306 3876 3369 etiam

2375 3407 2654 3489 amplius
2683 3407 3122 3470 accenduntur
3150 3407 3264 3487 qui
3301 3405 3512 3468 taliter
3556 3404 3876 3466 illustran—

2376 3514 2530 3585 tur3
2577 3506 2798 3586 sicque
2847 3503 3276 3587 perficiuntur
3332 3511 3397 3566 et
3455 3510 3750 3566 crescunt
3807 3503 3876 3564 in

2376 3602 2814 3685 spectantibus
2845 3601 2922 3665 ad
2954 3602 3292 3685 praemium
3331 3609 3394 3666 et
3430 3601 3736 3684 gaudium
3771 3619 3876 3662 ac—

2376 3700 2709 3764 cidentale.
2750 3700 2827 3762 Et
2872 3700 3165 3783 quamvis
3209 3699 3614 3782 superiorum
3656 3699 3740 3762 sit
3785 3699 3880 3762 in-

2375 3799 2641 3862 feriores
2684 3798 2777 3861 sic
2816 3798 3204 3873 illuminare,
3237 3798 3522 3861 universi
3552 3805 3765 3861 tamen
3791 3798 3875 3859 ad

2377 3899 2656 3962 invicem
2685 3899 2811 3961 sibi
2841 3898 3015 3980 loqui
3057 3906 3328 3980 possunt
3353 3897 3674 3981 spirituali
3705 3897 3878 3960 locu-

2374 3999 2571 4072 tione,
2632 4015 2824 4080 quam
2884 4015 3002 4060 nec
3059 3996 3279 4060 localis
3337 3995 3650 4079 impedire
3707 3995 3878 4058 valet

2379 4095 2696 4159 distantia.

2723 4302 3243 4368 PROPOSITIO
3289 4302 3532 4367 LXXI.

2459 4488 2755 4567 Angeli
2794 4486 3054 4553 saneti
3092 4490 3372 4554 mutuo
3420 4487 3877 4569 colloquun-

2377 4589 2516 4653 tur
2557 4586 2821 4653 modis
2862 4586 3158 4667 partim
3189 4585 3420 4652 nobis
3447 4587 3688 4667 notis,
3707 4601 3878 4667 par-

2378 4684 2531 4752 tim
2573 4686 3029 4763 incognitis.

2458 4783 2634 4858 Quod
2665 4789 2782 4856 est,
2816 4782 3118 4864 quoniam
3159 4781 3370 4862 angeli
3410 4783 3613 4846 sancti
3651 4792 3880 4847 mutuo

2378 4882 2502 4945 sibi
2535 4881 2861 4944 insinuant
2899 4897 3048 4944 suos
3093 4888 3441 4963 conceptus
3487 4900 3601 4964 per
3645 4882 3880 4945 mentis

2378 4980 2861 5044 conversionem
2891 4987 2956 5042 et
2984 4979 3525 5062 volitionem,qua
3552 4981 3778 5044 volunt
3807 4989 3876 5042 ut

2377 5077 2559 5140 alteri
2591 5077 2947 5140 innotescat
2985 5077 3154 5158 quod
3199 5087 3651 5160 conceperunt.
3685 5078 3761 5141 Et
3795 5079 3876 5141 ad

2377 5177 2498 5239 hoc
2543 5175 2782 5238 habent
2827 5174 3180 5238 invisibilia
3223 5175 3426 5257 signa,
3459 5183 3524 5238 et
3564 5185 3760 5240 nutus
3799 5195 3878 5239 ac

2378 5281 2596 5358 gestus
2672 5273 3138 5355 intelligibiles,
3218 5275 3614 5358 spiritualeS,
3691 5275 3882 5340 nobis
