4300 6259
913 513 992 561 DE
1033 513 1261 562 minua·
1301 513 1684 562 cums‘runffi
1726 510 2028 570 monus,
2071 513 2249 560 Lmen
2290 513 2331 561 1.
2378 531 2460 544 --
2500 515 2639 562 Aur.
2686 515 2795 562 vm

3285 496 3401 560 241

331 697 440 742 non
487 697 638 761 ergo
687 689 894 764 potest
954 701 1022 745 se
1079 683 1384 746 reducere
1442 683 1506 746 in
1563 690 1798 745 actum.
1833 680 1885 744 A
1915 683 2205 748 ordinata
2262 703 2522 749 necesse
2569 693 2666 749 est
2713 683 3101 749 constituere
3150 681 3409 746 initium

327 777 574 840 Necesse
615 787 716 841 est
758 780 950 860 igitur
987 789 1134 843 aute
1177 799 1368 844 omne
1407 801 1548 844 esse
1590 799 1804 844 causa-

327 883 446 936 tum
487 893 724 957 ponere
771 896 912 940 esse
949 878 1370 941 incausatum.
1415 878 1585 942 Nihil
1629 879 1802 941 enim

325 981 408 1034 est
431 973 606 1055 prius
636 993 752 1037 eo:
787 976 956 1038 unde
985 994 1247 1040 necesse
1276 983 1374 1038 est
1403 976 1615 1059 ipsum
1647 996 1806 1038 nun-

327 1089 498 1152 quam
529 1071 867 1154 incepisse.
903 1073 1013 1135 Est
1050 1074 1248 1154 igitur
1285 1093 1424 1136 esse
1463 1074 1590 1136 tale
1626 1082 1803 1137 aeter-

327 1188 486 1242 num,
507 1169 815 1252 quoniam
845 1171 1107 1234 dissolvi
1139 1172 1402 1254 nequit:
1427 1172 1599 1254 quod
1628 1171 1802 1235 enim

325 1266 438 1328 enti
493 1286 570 1330 ex
626 1286 696 1330 se
752 1275 816 1332 et
873 1269 1132 1352 propria
1188 1271 1426 1333 virtute
1474 1271 1802 1353 competit,

325 1365 728 1447 inseparabile
759 1384 1020 1449 prorsus
1051 1376 1166 1430 est.
1200 1368 1462 1451 Propter
1491 1369 1612 1432 hoc
1643 1369 1806 1432 dixit

323 1462 671 1526 Aristoteles
718 1482 732 1527 :
779 1463 1080 1538 Quamvis
1133 1465 1199 1528 in
1247 1466 1472 1529 eodem
1525 1467 1806 1549 potentia

325 1560 620 1642 praecedat
658 1570 897 1638 actum,
943 1563 1325 1645 simpliciter
1368 1572 1582 1627 tamen
1626 1573 1804 1627 actus

324 1667 409 1720 est
431 1661 603 1740 prior
632 1663 933 1742 potentia.
968 1662 1294 1738 Praeterea,
1329 1663 1394 1726 in
1425 1663 1682 1726 entibus
1710 1671 1808 1726 est

325 1765 504 1820 status
533 1765 596 1820 et
624 1759 781 1823 ordo
813 1778 827 1821 :
862 1768 958 1822 est
995 1778 1145 1842 ergo
1185 1762 1466 1844 primum
1507 1781 1640 1824 enS.
1675 1761 1804 1824 Hoc

1914 790 1978 844 et
2018 783 2367 846 terminum
2416 803 2430 846 :
2474 804 2619 847 nam
2668 791 2909 848 naturae
2952 802 3168 846 rerum
3212 781 3414 845 finitae

1914 886 2084 953 sunt,
2117 882 2269 962 quia
2298 883 2620 946 ordinatae.
2646 881 2756 944 Est
2784 900 2935 964 ergo
2964 882 3179 963 aliqua
3208 881 3417 963 prima

1914 987 2140 1041 natura
2196 979 2631 1042 actualissima
2696 987 2759 1042 et
2816 979 3290 1053 formalissima,
3352 984 3416 1040 et

1914 1093 2136 1138 rursus
2178 1076 2393 1158 aliqua
2436 1076 2679 1139 infima.
2727 1077 2849 1140 Sed
2890 1077 3191 1158 quoniam
3242 1075 3417 1158 prin-

1916 1172 2159 1254 cipium
2192 1179 2257 1235 et
2286 1173 2485 1236 finem
2525 1181 2773 1256 oportet
2813 1191 2954 1236 esse
2994 1173 3418 1256 incomposita

1916 1277 1980 1333 et
2021 1271 2289 1334 omnino
2331 1272 2673 1355 simplicia,
2706 1279 2956 1355 oportet
2999 1272 3273 1354 primam
3312 1289 3419 1333 na-

1915 1377 2124 1432 turam
2155 1387 2295 1432 esse
2326 1369 2976 1453 simplicissimam,et
3004 1368 3419 1432 conformiter

1917 1465 2211 1530 ultimam
2245 1474 2497 1550 oportet
2526 1467 3017 1550 incompositam
3057 1486 3196 1530 esse
3228 1467 3294 1528 in
3324 1485 3415 1542 se,

1915 1565 2008 1627 sic
2049 1573 2118 1628 ut
2160 1565 2369 1647 prima
2406 1573 2631 1628 natura
2677 1566 2759 1629 sit
2788 1566 3242 1640 actualissima,
3279 1565 3421 1627 ulti-

1919 1682 2020 1726 ma
2049 1680 2203 1726 vero
2234 1663 2783 1745 potentialissima.
2819 1664 2993 1739 Quod
3026 1671 3237 1726 autem
3272 1664 3421 1726 sim-

1917 1760 2345 1844 plicissimum
2416 1767 2513 1824 est
2576 1769 2639 1824 et
2698 1762 2972 1845 simplex
3038 1771 3239 1836 actuS,
3300 1761 3420 1825 hoc

323 1863 516 1918 autem
579 1875 840 1920 necesse
898 1865 996 1920 est
1044 1859 1445 1922 incausatum
1495 1858 1630 1922 l'ore
1683 1877 1698 1921 :
1749 1859 1802 1922 si
1840 1859 1888 1922 Β
1917 1859 2461 1942 perfectissimum
2494 1868 2589 1922 est
2625 1878 2639 1922 :
2672 1861 2797 1922 tale
2826 1868 3040 1923 autem
3073 1878 3187 1922 ens
3217 1861 3419 1923 Deum

324 1955 478 2017 enim
516 1954 656 2036 ejus
696 1975 838 2019 esse
877 1957 1214 2040 dependet,
1249 1957 1512 2021 habebit
1547 1976 1803 2022 causam

323 2061 452 2114 ante
481 2072 570 2128 se,
605 2071 732 2116 non
765 2072 916 2136 ergo
945 2063 1114 2118 esset
1153 2057 1452 2138 primum.
1487 2057 1803 2138 AmpliuS,

323 2151 513 2214 dabile
564 2159 658 2214 est
703 2171 848 2214 esse
896 2162 1226 2216 causatum
1275 2160 1548 2228 tantum,
1599 2161 1661 2216 et
1710 2172 1806 2218 es-

323 2270 382 2314 se
417 2269 678 2312 causans
726 2258 792 2313 et
834 2259 1162 2314 causatum
1197 2269 1210 2314 :
1245 2259 1496 2334 oportet
1537 2271 1686 2335 ergo
1717 2252 1806 2316 so-

323 2369 382 2412 re
420 2368 552 2413 esse
596 2368 864 2414 causans
899 2357 1164 2412 tantum.
1207 2350 1364 2414 Nam
1413 2350 1806 2433 ubicumque

325 2448 444 2510 dari
507 2455 717 2530 potest
789 2448 1074 2511 medium
1147 2449 1597 2532 compositum,
1667 2449 1802 2512 dari

324 2555 556 2628 oportet
601 2555 884 2610 extrema
931 2547 1272 2630 simplicia,
1324 2554 1435 2610 aut
1483 2547 1680 2610 ibitur
1737 2549 1802 2610 in

325 2646 656 2708 infinitum.
691 2646 939 2720 Adhuc,
972 2647 1142 2728 quod
1187 2653 1282 2708 est
1326 2665 1442 2729 per
1478 2665 1547 2709 se
1583 2652 1648 2708 et
1691 2665 1806 2728 per

323 2745 667 2818 essentiam,
701 2744 884 2826 prius
913 2751 1012 2806 est
1039 2761 1116 2807 eo
1153 2744 1323 2825 quod
1361 2750 1458 2807 est
1487 2762 1601 2825 per
1629 2743 1803 2806 aliud

323 2851 378 2906 et
414 2861 522 2924 per
561 2842 1136 2926 participationem.
1172 2841 1454 2905 Primum
1497 2859 1648 2922 ergo
1690 2861 1804 2904 ens

323 2939 806 3004 substantialiter
853 2948 951 3003 est
987 2959 1176 3003 suum
1217 2958 1356 3002 esse
1395 2947 1460 3002 et
1498 2939 1804 3020 indepen-

1918 1957 2340 2020 nominamus.
2379 1957 2543 2020 Ordo
2582 1976 2732 2040 ergo
2770 1965 3143 2021 naturarum
3184 1965 3247 2021 et
3284 1977 3422 2040 spe-

1917 2055 2163 2118 cierum
2208 2057 2409 2119 Deum
2454 2057 2865 2119 demonstrat.

1996 2153 2325 2227 Praeterea,
2378 2154 2443 2216 in
2493 2153 2827 2217 ordinibus
2876 2162 3137 2217 actuum
3186 2162 3249 2218 et
3300 2153 3422 2218 for-

1919 2271 2168 2314 marum
2215 2271 2472 2335 semper
2510 2252 2802 2334 superior
2843 2252 3047 2316 forma
3085 2271 3197 2316 seu
3242 2261 3423 2316 actus

1917 2349 2142 2431 purior
2184 2356 2281 2412 est
2323 2350 2553 2412 ceteris
2600 2369 2613 2412 :
2661 2352 2831 2414 unde
2877 2351 3239 2414 intellectus
3282 2368 3423 2434 pro-

1917 2455 2059 2528 pter
2089 2448 2189 2510 sui
2224 2449 2697 2511 immunitatem
2720 2468 2757 2511 a
2780 2449 3065 2522 materia,
3092 2449 3422 2512 immixtus

1915 2547 2171 2620 dicitur,
2215 2555 2277 2609 et
2318 2547 2524 2610 l'orma
2562 2547 2775 2610 vitalis
2814 2549 3117 2611 elevatior
3157 2557 3253 2610 est
3297 2547 3421 2613 for—

1917 2646 2040 2706 mis
2070 2663 2197 2708 non
2231 2645 2611 2708 viventium.
2634 2646 2905 2709 Necesse
2934 2654 3031 2708 est
3062 2646 3255 2728 igitur
3285 2645 3420 2710 fore

1916 2743 2187 2806 formam
2235 2744 2499 2807 omnino
2545 2750 2901 2827 separatam
2952 2753 3015 2806 et
3061 2744 3417 2808 immunem

1913 2861 1950 2904 a
1993 2841 2276 2925 potentia
2312 2859 2325 2903 :
2359 2841 2511 2922 quia
2548 2840 2613 2903 in
2650 2841 2823 2904 omni
2869 2841 3093 2904 ordine
3134 2843 3417 2924 primum

1915 2947 2012 3002 est
2055 2939 2437 3022 simpliciter
2477 2939 2623 3001 tale.
2666 2939 2813 3002 Ideo
2851 2939 3217 3003 Aristoteles
3258 2941 3420 3003 dixit

321 3039 544 3102 denter.
600 3039 876 3120 Ideoque
933 3037 1210 3100 Hilarius
1257 3039 1348 3100 ait
1399 3055 1414 3099 :
1466 3037 1618 3100 Esse
1674 3055 1801 3100 non
1839 3036 1882 3100 C
1915 3037 2114 3100 Deum
2176 3055 2316 3099 esse
2369 3055 2603 3119 purum
2661 3045 2897 3099 actum.
2950 3037 3197 3112 Adhuc,
3251 3039 3420 3100 sicut

321 3145 408 3200 est
449 3136 742 3200 accidens
791 3137 940 3210 Dee,
987 3137 1094 3199 sed
1145 3135 1500 3198 subsistens
1542 3136 1800 3208 veritaS,

323 3255 572 3299 manens
603 3254 812 3309 causa,
845 3242 909 3297 et
939 3235 1246 3297 naturalis
1276 3235 1528 3316 generis
1561 3234 1805 3318 propri-

323 3343 459 3396 etas.
493 3334 666 3398 Unde
705 3340 770 3396 et
810 3333 878 3394 in
923 3331 1089 3395 libro
1128 3332 1474 3396 Causarum
1517 3331 1752 3394 dicitur
1785 3348 1800 3394 τ

323 3432 506 3494 Causa
547 3431 752 3513 prima
795 3431 1012 3494 lumen
1053 3438 1149 3493 est
1187 3431 1358 3513 quod
1397 3447 1525 3493 non
1565 3429 1802 3492 illumi-

323 3534 494 3588 natur
519 3525 603 3588 ab
629 3526 778 3600 alio,
811 3526 922 3588 sed
953 3527 1168 3608 ipsum
1205 3525 1526 3588 illuminat
1563 3525 1798 3589 omnia.

325 3625 596 3706 Insuper,
633 3642 844 3708 rerum
877 3623 1033 3688 ordo
1062 3640 1190 3686 non
1234 3631 1359 3687 stat
1388 3623 1454 3686 in
1499 3621 1801 3706 imperfe-

328 3730 418 3783 cto
456 3739 470 3783 :
503 3723 784 3804 primum
831 3721 1026 3802 igitur
1069 3739 1208 3784 esse
1253 3720 1652 3784 incausatum
1682 3727 1797 3783 est.

393 3820 520 3882 Jam
569 3819 760 3900 igitur
806 3819 1128 3892 elucescit,
1171 3819 1340 3900 quod
1387 3819 1803 3901 quemadmo-

325 3917 460 3980 dum
485 3917 700 3981 aeterni
731 3923 874 3980 e‘sse
903 3916 1359 3999 contemplatio
1387 3914 1800 3991 difficillima,

325 4014 442 4078 imo
489 4015 906 4098 impossibilis
957 4022 1055 4077 est
1109 4014 1316 4096 quoad
1367 4016 1532 4094 quid
1577 4023 1694 4084 esc,
1737 4015 1803 4076 in

325 4113 440 4176 vita
478 4114 598 4176 hac
639 4113 933 4188 naturali,
986 4113 1078 4176 sic
1125 4111 1507 4176 facillimum
1547 4112 1804 4193 penitus

323 4220 409 4274 est
440 4230 779 4294 agnoscere
817 4211 1030 4294 ipsum
1074 4209 1284 4293 quoad
1325 4213 1482 4290 quia
1525 4219 1640 4272 est.

699 4472 1188 4538 ARTICULUS
1235 4471 1420 4536 Vm.

327 4623 496 4690 Quod
531 4641 618 4684 ex
651 4623 916 4684 naturis
957 4631 1016 4682 et
1059 4622 1408 4682 ordinibus
1449 4622 1804 4698 specierum

397 4714 690 4773 universi
742 4712 1189 4773 demonstrari
1241 4712 1448 4787 possit
1503 4711 1810 4770 divinum

399 4824 547 4875 esse,
578 4823 688 4865 seu
724 4806 934 4867 Deum
976 4804 1140 4879 fore.

443 4999 1119 5066 ONTEMPLANTIBUS
1197 4999 1438 5082 quippe
1520 5000 1812 5062 ordinem

469 5100 749 5164 universi
783 5099 849 5161 id
879 5097 1094 5180 ipsum
1119 5105 1386 5172 constat,
1405 5097 1576 5181 quod
1607 5099 1673 5159 in
1705 5117 1812 5160 na-

1914 3152 2250 3216 processus
2289 3133 2535 3197 ordinis
2573 3142 2695 3196 stat
2738 3134 2803 3196 in
2847 3134 3417 3217 imperfectissimo

1915 3233 1978 3294 in
2011 3232 2458 3306 descensu‚sic
2489 3239 2613 3294 stat
2643 3232 2706 3295 in
2738 3251 3009 3295 ascensu
3040 3232 3105 3294 in
3139 3233 3417 3314 quodam

1913 3329 2401 3412 perfectissimo.
2465 3330 3011 3404 Quemadmodum
3074 3329 3268 3411 igitur
3324 3331 3418 3393 in-

1914 3426 2145 3489 fimum
2179 3427 2421 3490 entium
2456 3434 2553 3489 est
2582 3446 2743 3510 pura
2782 3427 3086 3510 potentia,
3120 3427 3213 3490 sic
3246 3429 3417 3511 prin-

1914 3526 2157 3609 cipium
2211 3524 2273 3587 in
2322 3523 2581 3590 entibus
2629 3534 2726 3588 est
2773 3544 2973 3608 purus
3018 3532 3219 3588 actus.
3271 3527 3417 3589 Am·

1913 3625 2106 3707 plina,
2182 3623 2495 3686 naturalia
2563 3623 2879 3686 desideria
2950 3641 3074 3686 non
3148 3624 3419 3688 tendunt

1913 3721 2196 3785 finaliter
2236 3721 2301 3783 in
2342 3739 2470 3784 non
2510 3740 2645 3795 enS‚
2679 3721 2790 3784 sed
2832 3721 2897 3782 in
2938 3720 3179 3784 bonum
3224 3723 3420 3802 quod-

1913 3819 2631 3884 dam.lntellectualium
2661 3827 2875 3882 autem
2910 3827 3281 3882 naturarum
3312 3821 3417 3883 de-

1913 3918 2147 3982 sideria
2186 3917 2456 3981 tendunt
2496 3916 2777 3980 finaliter
2822 3918 2886 3979 in
2936 3915 3264 3979 infinitum
3308 3917 3419 3982 bo-

1914 4035 2088 4078 num.
2142 4015 2319 4090 Quod
2379 4034 2457 4077 ex
2515 4031 2591 4076 eo
2649 4021 2907 4088 constat,
2957 4014 3108 4096 quia
3164 4014 3417 4078 nullum

1914 4115 2155 4177 bonum
2202 4113 2462 4176 l'initum
2504 4112 2709 4195 replet
2746 4111 3162 4194 capacitatem
3208 4120 3272 4176 et
3312 4132 3419 4198 ap-

1831 4211 1882 4275 D
1915 4212 2187 4295 petitum
2221 4209 2672 4274 intellectualis
2703 4209 3005 4273 desiderii
3032 4226 3046 4272 t
3070 4229 3219 4274 nam
3250 4211 3419 4276 sicut

1916 4309 2088 4374 omni
2123 4309 2291 4372 bono
2321 4307 2511 4370 finito
2541 4307 2905 4371 intellectus
2937 4307 3146 4390 majus
3175 4309 3417 4392 aliquid

1919 4407 2217 4489 intelligit
2264 4414 2329 4470 et
2376 4406 2821 4489 apprehendit,
2874 4406 2966 4469 sic
3014 4413 3077 4470 et
3124 4408 3419 4474 voluntas

1916 4506 2182 4591 appetit,
2216 4524 2416 4588 quum
2458 4503 2700 4568 bonum
2748 4504 3145 4569 intellectum
3190 4507 3275 4569 sit
3308 4506 3421 4572 ob-

1915 4606 2159 4687 Jectum
2201 4603 2567 4668 voluntatis.
2614 4603 2682 4665 1d
2728 4610 2940 4666 autem
2986 4606 3154 4687 quod
3204 4604 3419 4668 infini-

1917 4712 2055 4767 tum
2088 4703 2329 4765 bonum
2373 4707 2490 4775 est,
2524 4700 2801 4763 dicimus
2832 4702 3054 4764 Deum.
3089 4701 3415 4782 Praeterea,

1919 4803 2086 4866 Deus
2116 4807 2215 4864 est
2243 4800 2308 4863 id
2348 4818 2474 4882 quo
2516 4799 2605 4861 nil
2648 4799 2856 4880 majus
2895 4801 3155 4882 cogitari
3186 4811 3417 4884 potest.

1921 4902 2050 4965 Hoc
2105 4907 2321 4963 autem
2381 4916 2508 4961 non
2567 4903 2774 4980 potest
2829 4916 2971 4960 esse
3020 4899 3085 4960 in
3131 4900 3267 4964 solo
3326 4901 3421 4964 in-

1923 5000 2206 5073 tellectu,
2239 4997 2391 5080 quia
2428 4995 2707 5078 amplius
2745 5002 2844 5058 est
2881 4996 3050 5077 quod
3090 5005 3189 5059 est
3225 5000 3419 5063 etiam

1925 5099 1989 5160 in
2037 5116 2105 5160 re
2151 5098 2312 5179 ipsa,
2343 5112 2537 5178 quam
2584 5093 2867 5175 quod-in
2912 5093 3421 5176 solopintellectu

329 5199 480 5260 turis
521 5216 732 5261 rerum
779 5216 907 5259 una
949 5215 1202 5279 semper
1243 5196 1574 5259 formalior
1613 5203 1712 5258 est
1752 5204 1817 5259 et
1925 5204 2038 5259 est.
2076 5195 2186 5256 Est
2215 5210 2365 5274 ergo
2396 5194 2461 5254 in
2491 5191 2747 5254 entibus
2787 5189 2851 5252 id
2891 5209 3017 5273 quo
3046 5192 3137 5255 nil
3168 5195 3423 5276 dignius

328 5296 626 5359 actualior
659 5297 804 5360 alia.
837 5296 906 5358 ln
935 5294 1110 5358 omni
1149 5303 1364 5358 autem
1403 5294 1815 5358 multitudine
1926 5292 2320 5377 apprehendi
2364 5296 2574 5372 potest
2607 5289 2765 5352 :hoc
2806 5297 3019 5354 autem
3064 5295 3423 5360 necessario

567 5431 628 5482 Τ.
666 5431 746 5482 33.

3102 5429 3165 5478 16
