4300 6259
640 994 723 1036 art.
746 1004 821 1037 xv.

600 4432 659 4475 Do
688 4432 827 4479 nivin.

560 4508 677 4538 110111.
703 4509 742 4539 0.
764 4510 805 4539 lv

609 4850 649 4891 p.
670 4839 746 4879 375
763 4836 823 4879 (ζ’.

838 493 961 559 378

1338 514 1419 562 DE
1457 514 1687 562 Lunum
1728 512 2111 562 cumsuANAE
2151 512 2454 571 Tamum,
2498 514 2674 561 LIBER
2715 515 2755 560 1.
2802 532 2882 543 —
2922 514 3062 562 Am.
3109 513 3254 573 cxu,
3297 512 3446 561 cxul

843 682 1005 757 Quia
1031 701 1183 765 ergo
1222 683 1441 748 divina
1476 685 1710 749 veritas
1752 684 1959 769 prima
2002 692 2068 748 et
2106 684 2339 767 impar-
2367 682 2420 747 A
2450 685 2597 749 dam
2627 694 2727 748 est
2747 703 2764 767 ;
2797 693 2864 749 et
2890 704 3020 769 quo
3059 704 3239 749 mens
3269 684 3466 748 fuerit
3487 686 3632 749 luce
3671 681 3924 766 plenior,

844 781 1109 865 ticipata
1154 790 1273 858 est,
1316 784 1453 867 ipsa
1501 784 1697 849 totius
1745 784 2031 847 veritatis
2083 802 2338 846 mensu·

846 898 917 943 ra
964 881 1355 963 perhibetur.
1403 882 1649 957 Adhuc,
1695 883 2336 965 praedemonstratum

845 979 1149 1061 est,quod
1176 979 1470 1043 divinum
1500 999 1641 1044 esse
1670 998 1747 1045 eo
1778 982 1918 1064 ipso
1947 998 2075 1063 quo
2104 980 2340 1063 impar-

843 1076 1179 1159 ticipatum
1222 1087 1287 1142 et
1329 1079 1790 1162 independenS,
1836 1080 1919 1142 sit
1958 1079 2342 1161 simpliciter

838 1175 1218 1256 perfectum,
1251 1177 1591 1260 omnisque
1622 1177 2035 1261 perfectionis
2066 1178 2343 1261 plenitu-

838 1274 1056 1338 dinem
1098 1275 1405 1357 simplum
1451 1277 1766 1340 manendo
1811 1277 1877 1339 in
1927 1295 1994 1339 se
2052 1294 2340 1359 compre·

835 1372 1141 1436 hendenS.
1157 1374 1502 1437 Veritatem
1525 1392 1857 1457 ergo,quae
1886 1374 2171 1437 sublimis
2203 1392 2341 1457 per-

836 1471 1030 1535 fectio
1060 1479 1177 1547 est,
1211 1471 1485 1536 includit
1511 1472 1754 1555 absque
1784 1473 2246 1556 compositione
2277 1480 2342 1536 et

834 1570 1222 1634 diversitate.
1274 1571 1441 1634 Deus
1488 1589 1638 1652 ergo
1685 1570 2188 1635 substantialiter
2235 1590 2339 1635 ve-

834 1688 945 1731 rax
983 1677 1097 1731 est.
1134 1668 1405 1732 Necesse
1435 1688 1667 1752 nempe
1696 1677 1793 1733 est
1832 1677 1903 1732 ut
1941 1670 2218 1753 primum
2259 1671 2343 1733 sit

836 1765 1335 1829 substantialiter
1383 1775 1447 1830 et
1494 1767 1775 1849 perfecte
1823 1786 2015 1832 omne
2064 1768 2126 1830 id
2169 1769 2338 1851 quod

2449 802 2526 847 eo
2554 784 2777 867 purior
2804 792 2902 847 est
2937 792 3004 848 et
3042 784 3359 848 mundior.
3395 785 3562 847 Deus
3599 791 3809 847 autem
3845 789 3930 845 est

2449 883 2668 947 lumen
2707 884 3029 947 luminum
3069 891 3133 947 et
3176 882 3320 946 fons
3363 883 3560 946 totius
3603 882 3784 956 lucia,
3824 898 3930 944 nec

2449 982 2736 1045 defectus
2801 982 3037 1064 aliquis
3095 990 3204 1044 aut
3263 982 3428 1044 lucis
3485 980 3766 1043 carentia
3820 979 3930 1062 ipsi

2450 1081 2767 1144 convenit.
2803 1081 2916 1143 Est
2955 1097 3106 1163 ergo
3149 1080 3656 1143 substantialiter
3693 1086 3759 1141 et
3795 1094 3935 1161 quo-

2452 1179 2802 1242 modolibet
2830 1187 3109 1242 sanctus.
3145 1179 3490 1243 Enimvero
3517 1177 3816 1242 sanctitas
3849 1184 3938 1240 est

2449 1278 2903 1361 contemplatio
2933 1278 3090 1353 veri,
3124 1285 3190 1341 et
3225 1296 3407 1342 amor
3443 1276 3619 1351 boni,
3651 1282 3716 1340 et
3757 1274 3936 1338 firma

2449 1374 2607 1438 fixio
2664 1376 2730 1438 in
2781 1383 3070 1458 utroque.
3127 1375 3397 1439 Divinus
3442 1382 3655 1439 autem
3707 1373 3939 1436 intelle-

2451 1482 2590 1537 ctus
2620 1480 2856 1537 aeterna
2892 1474 3430 1557 contemplatione
3457 1471 3820 1557 speculatur
3845 1471 3938 1533 sui

2453 1572 2656 1654 ipsius
2700 1572 3301 1655 superessentialem
3341 1573 3712 1651 veritatem3
3743 1578 3808 1633 et
3839 1586 3938 1632 vo-

2450 1670 2661 1733 luntas
2690 1670 2803 1734 Dei
2833 1670 2915 1734 ab
2945 1688 3162 1734 amore
3191 1671 3426 1735 divinae
3455 1670 3778 1743 bonitatis,
3810 1686 3942 1751 quae

2453 1788 2614 1851 pura
2650 1777 2715 1831 et
2753 1768 3008 1833 infinita
3049 1777 3167 1843 est,
3200 1769 3509 1832 declinari
3551 1786 3680 1831 non
3724 1775 3938 1851 potest.

838 1872 953 1929 est.
997 1864 1131 1928 Non
1174 1865 1347 1927 enim
1398 1874 1566 1929 esset
1615 1886 1815 1949 purus
1865 1874 2066 1941 actuS,
2110 1866 2164 1929 si
2213 1864 2339 1928 sibi
2376 1862 2423 1925 B
2453 1868 2619 1930 Deus
2650 1885 2800 1948 ergo
2829 1886 2908 1930 ex
2939 1886 3028 1941 se,
3051 1875 3114 1931 et
3145 1868 3210 1929 in
3241 1886 3333 1941 se,
3361 1875 3427 1930 et
3454 1885 3570 1949 per
3599 1886 3667 1929 se
3695 1874 3941 1929 sanctus

836 1964 1077 2027 additio
1126 1964 1539 2044 conveniret3
1591 1972 1656 2028 et
1695 1965 1749 2027 si
1794 1964 1947 2048 quid
2003 1965 2342 2048 participa-

840 2069 959 2135 ret,
1001 2070 1167 2125 esset
1214 2080 1291 2125 ex
1341 2082 1409 2125 se
1460 2063 1932 2145 imperfectum.
1986 2065 2162 2128 Unde
2211 2063 2343 2126 elu-

840 2161 1059 2234 cescit,
1104 2160 1390 2223 divinam
1432 2162 1763 2225 veritatem
1810 2161 2134 2225 infinitam
2180 2162 2337 2226 iore.

840 2258 1075 2321 Eadem
1106 2276 1380 2340 namque
1410 2268 1507 2323 est
1533 2259 1866 2342 dispositio
1898 2279 2109 2323 rerum
2143 2260 2206 2323 in
2238 2278 2344 2323 ve-

842 2356 1028 2419 ritate
1045 2364 1121 2419 et
1149 2356 1436 2433 entitate,
1474 2358 1827 2421 secundum
1856 2359 2336 2441 Philosophum.

1217 2620 1711 2686 ARTICULUS
1757 2620 1963 2687 CXII.

1054 2764 1151 2823 De
1190 2763 1536 2822 sanctitate
1574 2762 1823 2822 divinoe
1864 2764 2117 2823 mentis.

980 2948 1069 3011 ST
1114 2967 1349 3029 nempe
1392 2948 1716 3023 sanctitaS,
1751 2949 2067 3012 munditia
2110 2950 2342 3013 mentis

2452 1971 2714 2039 est‚tam
2743 1965 3077 2028 sanctitate
3109 1964 3472 2028 intellectus
3510 1982 3702 2047 quam
3733 1964 3944 2027 volun·

2450 2063 2616 2125 tatis.
2662 2061 2888 2125 Divina
2929 2081 3080 2144 ergo
3123 2064 3445 2137 sanctitas,
3491 2061 3754 2126 fontana
3795 2062 3944 2124 ratio

2452 2169 2549 2224 est
2575 2162 2785 2225 omnis
2817 2162 3193 2236 sanctitatis,
3227 2161 3484 2224 infinita
3511 2169 3578 2223 et
3614 2160 3945 2243 supersub-

2451 2260 2762 2323 stantialis
2794 2260 3106 2323 exsistens
3139 2260 3204 2321 in
3237 2278 3306 2322 se
3336 2260 3591 2343 ipsa3et
3617 2258 3946 2341 impuritas

2453 2359 2688 2422 mentis
2719 2366 2945 2423 creatae
2984 2358 3158 2421 aliud
3200 2377 3328 2422 non
3369 2365 3468 2421 est
3504 2358 3630 2420 nisi
3666 2376 3946 2420 recessus

2451 2456 2530 2520 ab
2551 2457 2773 2520 ordine
2794 2464 2858 2521 et
2885 2456 3286 2519 institutione
3315 2456 3551 2520 divinae
3579 2456 3942 2519 sanctitatis.

2531 2555 2840 2637 Denique,
2857 2555 3157 2618 sanctitas
3187 2555 3397 2618 cordis
3427 2560 3525 2617 est
3553 2572 3669 2637 per
3693 2571 3950 2617 conver-

2452 2652 2694 2717 sionem
2743 2660 2808 2715 et
2865 2654 3429 2736 transpositionem
3480 2654 3579 2715 sui
3631 2654 3834 2735 ipsius
3887 2654 3948 2714 in

2452 2752 3055 2835 superessentialem
3087 2752 3490 2815 sanctitatem
3521 2752 3752 2833 primae
3789 2770 3952 2814 men-

2451 2853 2557 2925 tis,
2572 2852 3109 2936 contemplatione
3139 2852 3504 2915 intellectus
3531 2859 3596 2915 et
3613 2852 3952 2915 voluntatis

2451 2950 2712 3014 affectu.
2732 2950 2810 3012 Et
2838 2969 2966 3032 quo
2996 2951 3222 3033 primae
3248 2950 3535 3013 veritatis
3564 2959 3630 3015 et
3657 2950 3953 3014 bonitatis

1007 3044 1202 3108 totius
1262 3045 1651 3127 impuritatis
1709 3065 1956 3129 expers.
2012 3048 2179 3111 Deus
2235 3068 2342 3111 au·
2378 3048 2421 3112 C
2454 3049 2673 3132 primae
2705 3049 3229 3132 contemplationi
3259 3057 3452 3131 atque
3478 3049 3748 3113 affectui
3769 3049 3954 3112 fuerit

844 3152 974 3207 tem
1023 3143 1395 3207 naturaliter
1436 3153 1499 3206 et
1542 3144 2094 3228 imparticipanter
2136 3146 2342 3210 bonus

845 3250 945 3305 est
991 3260 1004 3304 ε
1054 3242 1325 3325 ideoque
1370 3250 1594 3306 natura
1638 3244 1781 3324 ejus
1827 3244 2074 3308 bonitas
2118 3252 2235 3319 est,
2283 3252 2346 3307 et

847 3359 974 3404 non
1020 3340 1142 3404 nisi
1189 3360 1349 3423 pura
1390 3349 1452 3404 et
1492 3342 1863 3406 omnimode
1905 3343 2208 3425 perfecta.
2243 3344 2344 3406 Nil

845 3439 1041 3522 igitur
1087 3440 1441 3502 admixtum
1488 3460 1629 3505 esse
1687 3448 1896 3523 potest
1954 3441 2346 3524 impuritatis

846 3538 1067 3601 divino
1096 3556 1254 3601 esse.
1280 3539 1737 3602 Mundissimus
1768 3547 1865 3602 est
1894 3557 2045 3621 ergo
2075 3541 2265 3614 Deus,
2284 3547 2348 3603 et

844 3636 924 3699 ab
967 3636 1144 3699 omni
1190 3636 1562 3718 impuritate
1609 3637 1775 3700 liber
1824 3655 1838 3700 :
1892 3646 2148 3701 sanctus
2196 3656 2348 3719 ergo

845 3742 960 3797 est.
995 3735 1322 3810 Praeterea,
1356 3736 1658 3798 sanctitas
1701 3742 1798 3798 est
1837 3735 2250 3818 pulchritudo
2285 3744 2350 3799 et

847 3833 1099 3897 bonitas
1133 3833 1383 3896 mentis.
1420 3834 1537 3897 Cui
1571 3833 1766 3914 igitur
1796 3833 1956 3895 nihil
1990 3833 2170 3897 deest
2208 3834 2348 3917 pul-

847 3930 1255 4005 chritudinis,
1287 3931 1409 3993 hoc
1440 3937 1732 3993 sanctum
1774 3938 1871 3993 est
1908 3938 1972 3993 et
2013 3949 2350 4013 supersan-

849 4037 1045 4092 ctum.
1067 4030 1137 4090 ln
1167 4029 1387 4091 divino
1416 4037 1627 4091 autem
1661 4028 2042 4112 superdiviti
2073 4048 2236 4103 esse,
2257 4037 2354 4092 est

850 4128 1061 4191 omnis
1120 4127 1536 4210 pulchrorum
1584 4135 1647 4190 et
1694 4127 2010 4191 bonorum
2069 4127 2352 4210 perfecta

2463 3165 2645 3209 mens
2688 3147 3132 3209 vehementius
3174 3147 3439 3223 intenta,
3471 3164 3548 3211 eo
3585 3144 3954 3209 deiformior

2454 3252 2518 3306 et
2547 3244 2781 3308 divinae
2821 3243 3142 3307 sanctitati
3185 3243 3462 3308 similior
3497 3244 3812 3308 efficitur.

2814 3504 3308 3571 ARTICULUS
3353 3504 3598 3569 CXIII.

2523 3648 2635 3707 An
2679 3645 2986 3721 possibile
3025 3645 3110 3703 sic
3155 3646 3474 3704 mundum
3519 3644 3602 3703 ab
3649 3651 3892 3703 oeterno

2583 3736 2815 3811 fuisse,
2846 3743 2908 3794 et
2939 3742 3156 3793 tamen
3185 3752 3334 3793 vere
3360 3742 3654 3794 creatum
3684 3752 3836 3793 esse.

2466 3926 3146 4139 QUEMADMODUM
3193 3948 3232 3991 a
3278 3928 3602 4011 principio
3656 3927 3951 3992 editionis

2633 4028 2818 4091 istius
2869 4028 3113 4089 dictum
3160 4036 3278 4101 est,
3331 4028 3688 4090 secundum
3737 4046 3952 4090 omnes
4008 4050 4180 4089 atum

2462 4126 2894 4209 philosophoS,
2915 4131 3046 4187 tam
3081 4126 3532 4209 Peripateticos
3557 4126 3700 4208 (qui
3731 4126 3952 4189 ceteris
3975 4115 4014 4153 ‘²
4029 4122 4060 4151 ⁸*

854 4227 1193 4309 possessio,
1226 4233 1289 4289 et
1318 4227 1484 4288 Deus
1524 4226 1666 4289 fons
1704 4234 1801 4288 est
1839 4227 2049 4289 omnis
2093 4233 2352 4291 ornatus
2385 4231 2434 4294 D
2467 4224 2760 4288 meliores
2807 4224 2985 4305 sunt)
3031 4242 3222 4306 quam
3265 4224 3530 4298 StoicoS,
3583 4224 3948 4287 universum

854 4332 919 4387 et
960 4323 1204 4387 ordinis
1247 4331 1439 4406 atque
1483 4324 1750 4387 decoris.
1787 4324 2212 4397 Quamobrem
2259 4342 2353 4387 se-

2462 4323 2544 4386 ab
2582 4330 2820 4386 aeterno
2861 4321 2887 4384 s
2893 4323 3004 4397 uit,
3038 4329 3102 4385 et
3137 4329 3354 4385 tamen
3391 4342 3429 4385 a
3469 4322 3680 4405 primo
3723 4322 3960 4385 bonita-

854 4422 1135 4485 cundum
1167 4422 1609 4504 Areopagitam
1645 4422 2037 4505 Dionysium,
2062 4423 2228 4485 Deus
2259 4430 2357 4486 est
2464 4430 2601 4485 tum
2633 4421 2808 4485 fonte
2837 4421 3151 4483 veraciter
3180 4421 3512 4502 processit.
3547 4421 3801 4484 Etenim
3829 4419 3960 4483 Ari·

809 4528 821 4541 ·
854 4519 1357 4583 substantialiter
1393 4538 1467 4583 ac
1505 4520 1786 4583 totaliter
1830 4520 2119 4603 pulcher,
2153 4529 2217 4583 et
2255 4540 2355 4583 su-

850 4616 1356 4701 per-pulchrifica
1386 4618 1814 4700 pulchritudo.
1850 4619 2113 4691 Rursus,
2147 4620 2213 4681 in
2252 4618 2353 4681 his

854 4737 995 4799 quae
1025 4717 1104 4780 de
1132 4715 1352 4778 divina
1390 4715 1787 4779 beatitudine
1829 4717 2020 4799 paulo
2057 4725 2205 4779 ante
2247 4718 2356 4779 ha-

852 4815 985 4878 bita
1029 4821 1200 4889 sunt,
1234 4822 1563 4878 ostensum
1609 4822 1725 4889 est,
1760 4834 1969 4897 neque
2013 4815 2350 4898 privativa,

850 4932 1061 4994 neque
1096 4911 1280 4985 mala,
1314 4930 1523 4994 neque
1556 4912 1908 4975 materialia
1937 4912 2003 4975 in
2046 4914 2175 4976 Deo
2214 4931 2356 4995 pos·

850 5030 919 5074 se
949 5010 1317 5073 consistere.
1354 5009 1509 5091 Ejus
1550 5028 1702 5091 ergo
1745 5012 2047 5074 sanctitas
2094 5028 2354 5094 prorsus

850 5109 1053 5173 libera
1082 5116 1181 5172 est
1208 5116 1273 5171 et
1303 5108 1729 5191 impermixta.

929 5207 1174 5281 Adhuc,
1209 5206 1512 5269 sanctitas
1555 5214 1653 5270 est
1693 5207 1801 5269 lux
1846 5207 2136 5290 quaedam
2181 5228 2356 5271 men-

850 5306 975 5387 tis3
1008 5314 1071 5369 et
1109 5304 1478 5389 oppositum
1524 5305 1688 5387 ejus,
1722 5306 2141 5371 tenebrositas
2185 5326 2353 5390 quae-

2465 4519 2743 4593 stotele5‚
2777 4519 2888 4601 qui
2929 4526 3154 4582 octavo
3196 4518 3610 4601 physicorum
3653 4519 3963 4582 aeternita—

2464 4625 2595 4680 tem
2627 4616 2875 4689 mundi,
2898 4623 3105 4679 motus
3136 4632 3208 4678 ac
3238 4617 3571 4698 temporiS,
3593 4624 3657 4679 et
3685 4616 3964 4679 secundo

2462 4716 2541 4779 de
2569 4714 2988 4779 Generatione
3039 4715 3532 4797 perpetuitatem
3579 4722 3642 4777 et
3689 4714 3963 4777 infinita-

2459 4822 2590 4878 tem
2619 4812 3045 4896 generationis
3089 4820 3348 4875 conatur
3382 4812 3720 4876 ostendere
3752 4832 3768 4875 ε
3805 4814 3964 4875 idem

2465 4914 2601 4995 ipse
2633 4912 2700 4973 in
2731 4910 3013 4973 secundo
3044 4910 3201 4974 Coeli
3229 4910 3391 4984 ait,a
3421 4911 3632 4993 primo
3658 4911 3960 4975 omnibus

2463 5012 2683 5074 datum
2715 5009 2852 5073 fore
2883 5028 3024 5072 esse
3055 5015 3121 5072 et
3148 5008 3401 5089 vivere3
3433 5017 3498 5073 et
3525 5010 3812 5073 secundo
3839 5008 3962 5073 Pri-

2467 5130 2586 5173 mae
2651 5106 3078 5191 philosophiae
3141 5106 3410 5181 inducit,
3471 5109 3641 5189 quod
3697 5107 3782 5171 ab
3847 5108 3962 5170 hoc

2464 5215 2611 5272 ente
2641 5205 3044 5288 dependeant
3082 5205 3317 5269 coelum
3347 5212 3412 5268 et
3439 5214 3607 5269 terra
3643 5225 3716 5269 ac
3751 5206 3963 5269 omnis

2465 5314 2710 5371 natura.
2745 5304 2825 5368 Et
2849 5304 3023 5367 hunc
3061 5303 3353 5387 sequitur
3393 5304 3613 5369 schola
3649 5305 3962 5389 Peripate·
