4300 6259
944 478 1067 544 428

1516 502 1596 548 DF:
1636 501 1864 548 umine
1905 500 2286 547 cnms'rIANAE
2327 498 2628 557 THEORIAE,
2674 500 2848 546 LIBER
2890 502 2953 547 n.
3000 519 3078 531 --
3121 502 3260 548 Aur.
3305 502 3503 547 xxxin

948 668 1236 752 pariam?
1281 672 1438 735 dicit
1480 673 1807 736 Dominus
1857 673 1920 735 Si
1964 690 2081 754 ego
2127 671 2233 753 qui
2280 677 2442 734 cete·
2470 666 2522 731 A
2553 669 2634 733 tis
2677 688 2692 733 :
2735 690 2878 754 quae
2921 672 3138 736 omnia
3181 672 3398 736 divina
3440 672 3606 737 fides
3645 671 3720 735 de
3759 671 3916 734 Patre
3947 676 3996 732 et

948 767 1036 831 ris
1084 772 1558 851 generationem
1602 770 1837 845 tribuo,
1882 772 2019 854 ipse
2069 770 2305 834 sterilis
2353 788 2445 832 re-

950 868 1266 931 manebo?
1305 870 1459 931 dicit
1502 870 1809 933 Dominus
1853 871 2039 937 Deua.
2076 869 2441 942 Enimvero,

949 964 1015 1028 in
1065 966 1313 1029 cunctis
1362 966 1551 1030 rebus
1601 976 1664 1031 et
1714 988 1929 1033 rerum
1967 967 2326 1039 ordinibuS‚
2361 968 2446 1030 vi—

948 1064 1134 1125 detur
1170 1066 1341 1145 quod
1380 1066 1889 1149 uniuscujusque
1929 1066 2093 1129 entis
2134 1065 2446 1147 perfectio

948 1161 1014 1222 in
1056 1162 1338 1225 trinitate
1376 1164 1647 1246 quadam
1697 1164 1988 1228 consistit
2029 1182 2043 1227 :
2090 1164 2338 1226 scilicet
2379 1164 2444 1225 in

948 1277 1109 1331 esse,
1145 1279 1330 1342 posse
1370 1269 1433 1325 et
1469 1280 1698 1342 agere;
1734 1264 1797 1325 in
1838 1280 2129 1335 numero,
2165 1261 2445 1344 pondere

948 1364 1013 1420 et
1056 1376 1354 1421 mensura
1376 1377 1392 1438 ;
1428 1360 1492 1421 in
1538 1360 1879 1443 principio,
1915 1360 2127 1423 medio
2170 1367 2234 1422 et
2270 1359 2443 1436 fine3

948 1454 1013 1516 in
1051 1464 1219 1530 actu,
1264 1459 1570 1539 potentia,
1619 1467 1682 1521 et
1728 1478 1950 1523 eorum
2001 1457 2444 1539 colligatione3
2491 1494 2511 1505 -

947 1561 1011 1615 et
1054 1554 1141 1616 ita
1187 1555 1250 1616 in
1297 1556 1516 1619 multis
1559 1557 1723 1631 aliis,
1758 1578 1899 1639 quae
1941 1557 2085 1639 quis
2124 1555 2448 1619 subtiliter

945 1654 1277 1716 attendens
1328 1656 1697 1737 comperiet.
1753 1658 1969 1738 ltaque
2018 1657 2081 1718 in
2141 1654 2445 1718 omnibus

946 1759 1044 1814 est
1085 1754 1375 1833 quaedam
1421 1753 1725 1817 trinitatis
1768 1756 2113 1838 expressio.
2165 1753 2294 1817 Hoc
2337 1772 2445 1815 au·

2554 769 2713 833 Filio
2742 771 2955 834 dicere
2986 771 3339 835 consuevit.

2631 867 2961 950 Adjiciunt
3006 870 3199 933 etiam
3247 869 3448 952 aliqui
3489 870 3789 952 quosdam
3833 866 4002 949 philo·

2554 966 2787 1049 sophos
2837 967 3095 1041 dixisse,
3146 968 3318 1050 quod
3361 969 3528 1031 Deus
3577 967 3660 1029 sit
3701 985 3898 1029 monas
3928 966 4002 1045 gi·

2552 1084 2754 1146 gneus
2787 1067 3147 1141 monadem,
3179 1073 3245 1129 et
3285 1066 3348 1128 in
3391 1085 3458 1128 se
3493 1084 3679 1127 suum
3709 1063 4002 1127 reflectens

2553 1164 2846 1226 ardorem
2883 1182 2896 1226 :
2931 1164 3103 1245 quod
3133 1164 3212 1227 de
3239 1163 3448 1226 Verbo
3477 1170 3544 1225 et
3569 1181 3777 1225 amore
3803 1162 3900 1243 qui
3927 1171 4003 1223 est

2554 1261 2830 1343 Spiritus
2877 1262 3166 1336 Sanctus,
3211 1262 3465 1324 videtur
3507 1261 3734 1325 debere
3771 1259 3967 1342 accipi.

2878 1490 3368 1555 ARTICULUS
3414 1490 3730 1554 XXXIII.

2555 1615 2642 1673 Et
2687 1621 2780 1671 est
2823 1612 3227 1673 introductio
3279 1613 3616 1672 rationum
3663 1613 3882 1691 quibus
3911 1610 4004 1670 Ra·-

2633 1702 2922 1761 clzardus
2969 1703 3048 1759 de
3078 1702 3148 1761 S.
3190 1701 3440 1761 Victore
3477 1703 3798 1776 yloriatus
3837 1708 3917 1758 est
3953 1718 4005 1756 se

2635 1810 2765 1850 non
2806 1808 3054 1865 parum
3094 1790 3348 1866 fecisse,
3401 1798 3639 1865 utputa
3676 1790 4006 1865 superbene-

944 1858 1076 1913 tem
1116 1860 1212 1914 est
1250 1852 1513 1916 evidens
1558 1854 1836 1935 signum,
1871 1854 2039 1936 quod
2086 1854 2149 1915 in
2192 1853 2320 1916 Deo
2362 1852 2445 1914 sit
2481 1852 2527 1915 B
2635 1881 2880 1939 dictam
2925 1879 3320 1939 Trinitatem
3364 1880 3838 1939 demonstrasse,

944 1950 1234 2030 quaedam
1276 1951 1545 2025 trinitaS,
1588 1958 1651 2013 et
1697 1970 1823 2015 non
1875 1960 2264 2013 naturarum.
2315 1950 2444 2013 Nec

812 2086 827 2091 -
946 2046 1196 2109 sufficit
1239 2048 1407 2129 quod
1449 2049 1532 2111 sit
1571 2049 1899 2111 dumtaxat
1942 2050 2007 2111 in
2053 2048 2444 2131 perfectione

601 2918 773 2957 xxxvm,
784 2919 920 2952 cxxix.

946 2143 1247 2219 triformi,
1288 2154 1516 2228 utputa
1566 2147 1629 2208 in
1681 2148 2013 2229 sapientia,
2059 2147 2344 2230 potentia
2384 2155 2448 2210 et

948 2241 1253 2317 bonitate,
1298 2244 1464 2306 sicut
1512 2245 1639 2307 dici
1680 2245 1841 2308 solet
1884 2264 1898 2307 :
1939 2246 2091 2328 quia
2138 2264 2447 2308 numerus

947 2339 1307 2403 divinarum
1344 2342 1808 2423 perfectionum
1831 2344 1910 2405 ad
1942 2343 2290 2406 trinitatem
2318 2362 2446 2406 non

946 2437 1351 2501 sufficienter
1379 2440 1722 2503 reducitur.
1757 2442 1885 2504 Nec
1916 2441 2185 2516 sufficit,
2217 2443 2271 2503 si
2302 2442 2447 2524 quis

948 2536 1136 2611 dicat,
1197 2538 1367 2619 quod
1426 2540 1773 2602 secundum
1835 2540 1987 2602 istas
2047 2549 2176 2603 tres
2246 2541 2449 2623 perfe-

948 2636 1191 2699 ctiones
1248 2637 1331 2699 sit
1379 2639 1545 2701 Deus
1606 2639 1883 2701 maxime
1942 2658 2132 2701 causa
2199 2640 2449 2701 univer-

948 2751 1185 2796 sorum.
1220 2735 1376 2798 Nam
1410 2756 1526 2819 per
1554 2737 1951 2800 voluntatem
1981 2744 2079 2801 est
2116 2737 2448 2819 potissime

836 2858 918 2885 ar·
950 2850 1163 2896 rerum
1210 2853 1419 2908 causa,
1455 2843 1526 2897 ut
1568 2856 1759 2919 supra
1807 2837 2144 2918 probatum
2190 2842 2304 2899 est.
2340 2836 2450 2897 Est

950 2949 1100 3011 ergo
1144 2932 1207 2993 in
1253 2934 1379 2996 Deo
1422 2936 1835 3015 personarum
1881 2935 2154 2997 trinitas,

2686 2046 3030 2111 NIMVERO
3089 2055 3318 2110 nostrae
3377 2046 3703 2128 religionis
3756 2046 4004 2108 doctores

2715 2146 2980 2228 quidam
3011 2163 3138 2209 non
3173 2146 3462 2208 minimae
3493 2144 3892 2214 auctoritatiS,
3921 2143 4006 2203 ha·

2555 2245 2778 2307 bentes
2810 2242 2964 2306 fidei
2997 2244 3366 2317 zelum,non
3393 2243 3528 2323 jam
3560 2244 3867 2306 dumtaxat
3894 2258 4007 2322 pro-

2556 2328 3027 2417 babili,‘verum
3059 2342 3252 2404 etiam
3284 2341 3776 2405 demonstrativa
3801 2338 4006 2401 ratione

2553 2441 2840 2504 arbitrati
2873 2449 3022 2503 sunt
3051 2460 3120 2504 se
3147 2446 3434 2502 sanctam
3459 2439 3820 2501 Trinitatem
3843 2444 4008 2500 osten·

2556 2540 2746 2602 disse.
2791 2539 2991 2603 Credo
3038 2556 3318 2619 namque
3364 2537 3605 2620 (inquit
3654 2534 4005 2613 Richardus).

2554 2639 2633 2701 ad
2663 2636 3099 2720 quorumlibet
3127 2637 3644 2719 explanationem
3674 2655 3808 2718 quae
3831 2652 4009 2697 neces-

2555 2757 2623 2800 se
2668 2745 2764 2800 est
2805 2755 2966 2809 esse,
3010 2755 3136 2799 non
3182 2736 3370 2799 modo
3411 2734 3788 2816 probabilia,
3821 2750 4006 2795 verum

2555 2836 2747 2899 etiam
2797 2835 3156 2897 necessaria
3213 2841 3591 2915 argumenta
3637 2850 3762 2896 non
3807 2832 4006 2900 deesse,

2557 2934 2851 3016 quamvis
2909 2934 3020 2995 illa
3074 2932 3400 3015 contingat
3458 2931 3718 2995 interim
3773 2939 4007 2994 nostram

1030 3027 1751 3110 Praeterea,Augustinus
1782 3030 1983 3093 fertur
2010 3030 2443 3112 dixisse,quod
2485 3031 2528 3095 C
2559 3030 2939 3095 industriam
2986 3031 3199 3095 latere.
3232 3031 3390 3094 Nam
3429 3032 3629 3111 (sicut
3670 3038 3809 3114 post
3843 3046 4008 3112 pauca

949 3125 1353 3205 evangelium
1418 3128 1700 3200 mannis,
1772 3129 1840 3189 In
1923 3127 2243 3211 principio
2314 3137 2449 3191 erat

948 3223 1251 3295 Verbum,
1286 3244 1490 3307 usque
1520 3226 1599 3287 ad
1640 3226 1822 3287 illum
1870 3226 2080 3288 locum
2127 3245 2254 3307 quo
2298 3226 2449 3289 dici-

947 3328 1073 3393 tur,
1108 3321 1183 3382 Et
1212 3321 1340 3384 vita
1378 3330 1513 3386 erat
1554 3323 1659 3385 lux
1703 3324 2061 3396 hominum,
2099 3324 2234 3405 ipse
2281 3324 2449 3387 inve-

949 3419 1115 3481 nerit
1172 3420 1236 3482 in
1297 3420 1480 3483 libris
1548 3430 1611 3483 et
1670 3421 1959 3484 doctrina
2014 3422 2313 3486 Platonis.
2375 3424 2450 3483 Et

949 3518 1241 3598 quamvis
1272 3519 1664 3598 Augustinus
1696 3519 1815 3581 hoc
1847 3537 1973 3582 non
2004 3519 2267 3594 diceret,
2299 3528 2450 3582 atta-

950 3634 1095 3678 men
1129 3618 1439 3679 veraciter
1466 3618 1566 3699 (ut
1595 3617 1872 3698 videtur)
1904 3618 1990 3680 ita
2015 3627 2132 3693 est,
2170 3621 2339 3701 quod
2371 3638 2446 3681 ex

947 3715 1205 3796 scriptis
1263 3716 1537 3779 Platonis
1606 3716 1826 3779 haberi
1896 3718 2098 3799 possit
2155 3717 2321 3800 quod
2382 3718 2445 3780 in

947 3812 1209 3895 praefato
1249 3814 1389 3877 loco
1426 3834 1463 3877 a
1498 3815 1736 3878 Joanne
1782 3815 2024 3878 dictum
2068 3824 2181 3877 est.
2218 3816 2336 3878 Sed
2382 3816 2446 3877 in

948 3912 1066 3973 hac
1106 3920 1283 3993 parte
1329 3914 1645 3993 evangelii
1695 3914 1953 3977 Joannis
1996 3923 2214 3996 aperte
2258 3914 2447 3976 tradi-

946 4018 1051 4072 tur
1081 4010 1382 4073 divinitas
1425 4010 1623 4073 Patris
1668 4019 1730 4073 et
1776 4012 1935 4073 Filii.
1973 4011 2083 4074 Illa
2128 4030 2278 4093 ergo
2322 4012 2450 4074 Pla·

945 4106 1082 4170 toni
1130 4108 1443 4187 innotuit3
1491 4117 1554 4171 et
1596 4127 1722 4171 non
1764 4110 2017 4172 videtur
2054 4110 2226 4191 quod
2264 4110 2448 4173 aliter

2557 3130 2760 3209 addit)
2789 3147 2915 3192 non
2949 3136 3046 3192 est
3076 3129 3366 3210 cujusvis
3409 3129 3644 3192 animae
3687 3124 4006 3210 hujusmodi

2557 3228 2833 3291 rationes
2873 3228 2950 3289 de
2991 3226 3311 3309 profundo
3350 3236 3414 3289 et
3457 3227 3772 3291 latebroso
3811 3232 4008 3289 naturae

2558 3326 2702 3388 sinu
2752 3325 3008 3399 elicere,
3051 3332 3115 3387 et
3155 3324 3334 3387 velut
3373 3326 3451 3387 de
3502 3325 3732 3388 intimo
3777 3323 4006 3406 quodam

2557 3424 2887 3507 sapientiae
2931 3424 3274 3487 secretario
3315 3431 3552 3497 erutas,
3603 3424 3670 3485 in
3711 3438 4006 3486 commune

2557 3522 2891 3585 deducere.
2929 3522 3258 3603 Siquidem
3289 3523 3390 3602 (ut
3433 3540 3658 3583 rursus
3694 3520 3920 3598 asserit)
3956 3518 4006 3578 in

2558 3628 2784 3683 natura
2823 3627 3034 3682 creata
3068 3619 3342 3701 legimus
3379 3619 3535 3701 quid
3581 3620 3660 3682 de
3699 3626 3902 3681 natura
3933 3617 4006 3677 in·

2558 3727 2766 3781 creata
2833 3737 3102 3801 pensare
3161 3718 3492 3781 debemus.
3553 3718 3669 3780 Hic
3726 3717 3900 3799 igitur
3957 3713 4006 3774 in

2557 3816 2740 3879 libris
2771 3818 2904 3879 suis
2938 3818 3016 3879 de
3046 3816 3374 3890 Trinitate‚
3409 3824 3480 3879 ut
3509 3817 3778 3889 videtur,
3807 3812 4008 3896 triplici

2559 3915 2890 3997 potissime
2921 3932 3226 3997 processu
3265 3915 3496 3978 nititur
3535 3915 3886 3979 Trinitatem
3923 3912 4007 3973 de-

2558 4022 2930 4077 monstrare.
2984 4014 3233 4077 Primus
3291 4012 3852 4095 argumentationis
3901 4028 4008 4072 suae

2556 4130 2891 4193 processus
2939 4130 3016 4173 ex
3074 4111 3581 4175 consideratione
3638 4106 4006 4194 plenitudinis

948 4225 1140 4288 quam
1192 4226 1267 4269 ex
1322 4208 1594 4269 naturali
1657 4209 1903 4271 lumine
1953 4226 1966 4271 :
2020 4216 2154 4271 erat
2212 4228 2446 4291 nempe
2477 4214 2526 4275 D
2557 4210 2788 4273 divinae
2819 4209 3121 4272 bonitatis
3151 4218 3447 4291 sumptus
3467 4218 3578 4272 est.
3605 4208 3909 4274 Secundus
3925 4224 4006 4267 ve·

946 4303 1203 4385 gentilis
1237 4303 1672 4385 philosophus.
1694 4305 2010 4385 AmpliuS,
2036 4314 2099 4367 et
2127 4315 2224 4368 est
2254 4306 2447 4387 hujus

949 4401 1373 4465 confirmatio.
1406 4401 1563 4463 Nam
1595 4403 1659 4464 B.
1696 4403 2053 4466 Bernardus
2096 4422 2319 4467 secure
2358 4406 2447 4467 di—

948 4500 1056 4574 cit,
1102 4500 1274 4582 quod
1326 4500 1642 4562 maximus
1694 4500 1802 4563 ille
1850 4502 2026 4582 gigas
2066 4503 2443 4583 (Platonem,

948 4598 1178 4681 inquit,
1232 4597 1484 4680 loquor)
1534 4598 1768 4661 dixerit
1811 4619 1878 4662 se
1924 4601 2051 4662 duo
2097 4601 2442 4675 invenisse,

2556 4327 2627 4371 ro
2662 4308 2725 4370 in
2757 4308 3160 4391 plenitudine
3197 4306 3432 4371 divinae
3471 4308 3788 4372 felicitatis
3817 4305 4008 4369 funda·

2557 4414 2679 4469 tur.
2715 4407 2964 4470 Tertius
3011 4414 3225 4468 autem
3264 4406 3396 4469 vim
3447 4426 3630 4470 suam
3679 4405 3914 4470 sortitur
3944 4421 4004 4465 ex

2559 4504 3064 4567 consideratione
3096 4504 3519 4587 plenitudinis
3551 4505 3779 4569 divinae
3804 4502 4002 4586 gloriae.

2638 4601 2817 4665 Ratio
2848 4601 3040 4683 igitur
3070 4601 3279 4684 prima
3310 4600 3374 4664 in
3406 4602 3527 4665 hoc
3560 4602 3857 4675 consistit,
3871 4598 4004 4683 quod

945 4698 1205 4759 tertium
1246 4704 1463 4758 autem
1509 4714 1636 4758 non
1683 4696 1964 4779 potuisse
2011 4698 2321 4762 invenire.
2373 4699 2448 4761 Et
2560 4702 2709 4774 Dec,
2743 4700 2808 4763 in
2839 4718 2966 4782 quo
2995 4706 3092 4762 est
3121 4701 3333 4763 omnis
3364 4700 3668 4764 bonitatis
3699 4699 4004 4785 plenitudo,

946 4803 1017 4858 ut
1077 4793 1287 4857 innuit
1343 4795 1721 4869 Bernardu5‚
1775 4814 1888 4877 per
1948 4797 2075 4859 duo
2133 4797 2446 4861 intellexit
2557 4818 2807 4862 summa
2840 4798 3068 4861 caritas
3098 4799 3318 4861 deesse
3350 4816 3478 4861 non
3522 4808 3748 4881 potest.
3783 4800 4006 4864 Caritatt⁸

944 4893 1189 4955 Patrem
1220 4900 1285 4955 et
1314 4891 1614 4955 Verbum.
1650 4893 1894 4967 Adhuc,
1929 4893 2286 4959 Avicebron
2317 4896 2446 4959 Pla·
2557 4899 2752 4971 enim,
2774 4906 2843 4960 ut
2871 4897 3261 4980 experimur,
3283 4897 3373 4959 nil
3405 4898 3674 4972 dulcius,
3697 4918 3770 4961 ea
3797 4914 4006 4981 quoquc

945 4991 1197 5054 tonicus
1229 4991 1671 5074 philosophuS‚
1705 4992 1861 5054 dicit
1900 5001 2235 5075 paternum
2269 4996 2448 5057 intel·
2557 4997 2646 5061 nil
2682 4996 2930 5059 melius.
2965 4998 3160 5059 Amor
3190 5003 3404 5058 autem
3435 5005 3535 5060 est
3563 4998 3660 5060 vis
3692 4998 3930 5061 tendens
3958 4992 4004 5054 in

948 5088 1183 5152 lectum
1216 5108 1402 5170 agere
1448 5108 1560 5171 per
1598 5090 1866 5152 verbum
1910 5092 2178 5155 interius
2223 5111 2446 5156 conce·
2554 5095 2748 5158 aliud.
2782 5094 3034 5158 Amoris
3065 5112 3344 5176 namque
3379 5102 3479 5157 est
3521 5114 3719 5157 unum
3757 5093 3917 5157 alteri
3954 5098 4007 5151 ut

951 5195 1153 5270 ptum.
1177 5187 1251 5249 Et
1283 5206 1502 5251 rursus
1532 5188 1826 5270 ait,quod
1860 5189 1967 5251 lux
1999 5209 2035 5251 a
2069 5191 2206 5254 luce
2240 5192 2446 5273 prima
2553 5198 2875 5255 amantem
2914 5199 3123 5256 amato
3161 5192 3348 5255 unire
3391 5209 3405 5253 :
3447 5193 3746 5275 quoniam
3790 5196 4010 5275 propter

949 5286 1157 5368 prime
1188 5286 1542 5367 egredienS,
1575 5285 1655 5349 sit
1685 5287 1956 5351 verbum
1997 5287 2229 5353 divinae
2269 5308 2444 5352 men·
2554 5290 2878 5372 suiipsius
2900 5290 3234 5373 proprium
3267 5288 3715 5374 privatumque
3742 5306 4003 5357 amorem,
