4300 6259
72 1096 134 1138 lib.
152 1095 201 1141 11.
214 1099 295 1139 art.

74 2877 135 2920 lib.
154 2878 199 2929 ll,
211 2884 289 2921 art.

80 2953 129 2981 ιι.

902 519 980 564 DE
1020 518 1247 565 Lunum
1288 517 1671 565 cnmsrlANAE
1712 516 2014 575 THEORIAE',
2061 519 2238 566 LIBER
2279 521 2342 565 11.
2389 538 2470 549 —
2509 523 2647 568 Am.
2695 523 2862 569 XXXV

3316 505 3431 569 431

320 704 465 748 nam
498 705 582 749 eo
613 687 757 770 ipso
784 704 911 770 quo
950 687 1190 769 recepit
1226 686 1307 749 ab
1346 688 1473 751 alio
1511 685 1825 770 quidquid
1854 687 1904 750 A
1936 687 2356 770 telligentiam
2399 689 2749 753 effluxisse.
2794 691 3270 765 Verumtamen,
3301 691 3438 773 qui-

320 792 434 858 est,
482 786 843 848 seeundum
894 785 1276 848 documenta
1324 786 1525 849 Procli
1588 784 1825 847 summi

322 882 818 959 Platonicorum,
852 902 1111 946 necesse
1142 891 1238 946 est
1270 885 1481 967 ipsum
1515 882 1827 964 inaequale

321 1000 459 1045 esse
508 992 577 1044 et
628 983 840 1044 minus
895 982 1301 1064 perfectum;
1350 990 1415 1044 et
1462 982 1581 1045 hoc
1638 980 1827 1044 Arius

322 1080 515 1143 etiam
548 1080 731 1143 dixit.
766 1081 885 1144 Sed
918 1089 1375 1163 praeostensum
1410 1089 1507 1143 est
1536 1081 1655 1143 hoc
1700 1096 1825 1142 non

146 1172 241 1201 ³¹¹¹·
323 1180 457 1241 fore
486 1180 925 1242 necessarium
960 1198 974 1242 ε
1007 1180 1293 1259 genitum
1330 1198 1561 1261 nempe
1588 1178 1825 1261 aequari

322 1286 531 1361 potest
588 1286 831 1341 naturae
887 1278 1267 1360 generantis.
1330 1278 1505 1351 Quod
1565 1278 1831 1358 insuper

320 1377 647 1458 adjectum
678 1385 777 1439 est
812 1377 891 1439 de
929 1374 1145 1438 verbis
1177 1376 1558 1450 Avicebron‚
1593 1376 1826 1439 intelli-

318 1476 603 1557 gendum
664 1482 759 1538 est
816 1476 985 1557 quod
1048 1493 1161 1555 per
1220 1475 1489 1537 verbum
1550 1481 1827 1555 paternae

324 1576 581 1649 mentiS,
613 1574 863 1656 accepit
894 1574 1165 1655 primam
1198 1579 1262 1635 et
1300 1591 1619 1636 summam
1662 1590 1827 1633 crea-

321 1682 529 1735 turam
567 1690 582 1735 :
618 1673 793 1735 Plato
822 1690 1121 1754 namque,
1158 1691 1350 1754 quem
1391 1673 1702 1753 sequitur,
1735 1670 1826 1732 di-

1936 787 2083 849 dam
2140 788 2348 851 solent
2405 789 2617 852 dicere
2677 807 2802 852 non
2863 791 3097 852 mirum
3160 809 3318 863 esse,
3381 791 3433 853 si

1937 885 2214 966 Spiritus
2261 887 2550 961 SanctuS,
2593 888 2702 969 qui
2753 888 2906 951 olim
2963 908 3077 970 per
3125 907 3194 951 os
3241 888 3435 952 asinae

1936 984 2186 1045 Balaam
2231 984 2405 1066 loqui
2454 986 2676 1058 voluit,
2721 987 2804 1048 sit
2847 986 3039 1049 etiam
3088 1005 3201 1068 per
3239 988 3436 1050 Plato-

1938 1100 2085 1143 nem
2116 1101 2228 1144 seu
2271 1082 2796 1165 philosophorum
2841 1085 3150 1165 quosdam
3195 1093 3432 1147 tantam

1941 1179 2019 1240 de
2067 1180 2372 1243 Trinitate
2419 1182 2750 1244 veritatem
2801 1182 3056 1245 effatuS.
3112 1184 3232 1246 Sed
3281 1184 3435 1265 quid

1943 1278 2107 1339 Deus
2138 1277 2347 1341 facere
2385 1279 2562 1353 velit,
2597 1280 2916 1343 humanus
2955 1300 3180 1344 sensus
3225 1282 3436 1345 metiri

1942 1394 2066 1439 non
2101 1386 2465 1459 praesumat.
2502 1379 2661 1452 Quid
2691 1388 2906 1442 autem
2939 1381 3248 1443 naturalis
3279 1382 3438 1443 ratio

1940 1476 2162 1557 possit,
2182 1475 2316 1557 jam
2349 1476 3127 1561 inquiritur.—Denique,
3153 1480 3438 1562 pulchrae

1936 1580 2001 1635 et
2050 1572 2232 1638 bonae
2271 1584 2420 1637 sunt
2459 1577 2732 1639 rationes
2780 1579 2948 1641 circa
2995 1577 3432 1660 probationem

1935 1671 2261 1736 Trinitatis
2293 1674 2896 1757 inductae,quamvis
2923 1678 3436 1741 demonstrativae

3475 907 3613 951 Num.
3627 922 3727 963 xxu,

3463 973 3530 1023 28,
3553 973 3620 1014 30.

320 1774 415 1835 xit
459 1772 681 1836 omnia
724 1771 889 1833 facta
932 1789 1071 1833 esse
1116 1790 1231 1854 per
1274 1770 1823 1851 intelligentialem
1936 1789 2063 1834 non
2097 1771 2226 1833 sint
2259 1790 2273 1833 t
2309 1772 2476 1835 sicut
2503 1792 2620 1835 nec
2655 1774 2778 1837 illae
2809 1794 2950 1856 quae
2982 1795 3186 1857 nuper
3213 1784 3434 1840 contra
3461 1803 3543 1842 m.
3570 1812 3670 1842 xxx.

318 1872 691 1934 dictionem.
740 1869 914 1932 L'nde
962 1887 1185 1932 omnes
1234 1888 1335 1931 res
1384 1876 1630 1942 creatae,
1676 1874 1827 1930 sunt
1857 1866 1903 1927 B
1939 1868 2312 1933 Trinitatem
2356 1872 2644 1935 adductae
2683 1881 2849 1934 sunt.
2881 1874 3176 1937 Rationes
3217 1882 3432 1938 tamen

320 1970 517 2033 verba
581 1969 872 2051 quaedam
932 1967 1165 2031 divinae
1222 1968 1523 2030 dictionis
1584 1984 1599 2029 :
1658 1967 1825 2029 sicut

172 2104 197 2131 ι
252 2103 295 2139 n,
320 2069 637 2151 scriptum
668 2074 787 2139 est,
811 2066 953 2147 lpse
982 2066 1163 2140 dixit,
1196 2073 1260 2128 et
1293 2066 1456 2127 facta
1494 2073 1659 2127 sunt.
1686 2064 1823 2127 Non

168 2167 245 2203 ‘³²¹'
280 2186 291 2195 ·
318 2185 471 2248 ergo
502 2167 765 2239 mirum,
788 2166 841 2227 si
872 2165 1481 2227 excellentissimam
1515 2164 1626 2227 Dei
1658 2182 1828 2225 crea-

320 2276 531 2329 turam
562 2263 1031 2347 appellaverint
1060 2262 1329 2326 verbum
1362 2262 1609 2345 paterni
1642 2262 1824 2324 intel-

319 2366 544 2427 lectus.
609 2363 765 2426 Nam
828 2362 947 2425 boc
1006 2362 1217 2433 modo,
1280 2363 1521 2425 ratione
1580 2360 1829 2423 scilicet

316 2461 858 2545 supereminentis
892 2460 1399 2543 participationis
1429 2458 1661 2522 divinae
1690 2478 1827 2541 per-

324 2561 651 2633 fectioniS,
686 2559 847 2622 dixit
876 2559 1065 2621 Arius
1097 2558 1419 2621 Christum
1451 2564 1515 2620 et
1544 2558 1827 2638 unigeni-

319 2669 457 2723 tum
499 2678 643 2723 esse
684 2658 817 2730 Dei,
861 2665 925 2720 et
974 2657 1471 2739 primogenitum
1516 2664 1828 2718 creatura-

318 2779 484 2822 rum.
520 2758 645 2821 Sed
692 2757 954 2819 mentita
994 2764 1091 2818 est
1132 2756 1437 2837 iniquitas
1480 2754 1627 2829 sibi,
1662 2754 1830 2817 sicut

317 2867 465 2921 ante
516 2866 739 2920 contra
784 2874 934 2918 eum
996 2854 1441 2936 multipliciter
1499 2872 1575 2916 ex
1634 2872 1827 2916 sacrae

316 2958 669 3039 Scripturae
715 2953 1101 3017 testimoniis
1150 2960 1665 3033 argumentatum
1708 2960 1822 3015 est.

1937 1966 2232 2029 Richardi
2277 1986 2402 2030 non
2452 1977 2604 2031 sunt
2649 1970 2992 2033 admodum
3043 1972 3434 2056 philosophi-

1938 2084 2049 2139 cae,
2074 2067 2183 2129 sed
2215 2067 2478 2141 devotae,
2499 2069 2828 2151 mentique
2861 2070 3124 2134 sincerae
3155 2072 3429 2155 sapiunt.

1938 2165 2113 2238 Quod
2144 2173 2356 2228 autem
2403 2185 2508 2229 eas
2551 2166 2714 2229 dixit
2755 2168 3307 2245 demonstrativaS,
3343 2171 3436 2232 in-

1937 2261 2340 2326 sufficienter
2381 2264 2622 2326 dictum
2668 2274 2764 2328 est
2798 2284 2811 2328 z
2845 2286 2963 2329 nec
3006 2269 3179 2330 enim
3225 2275 3439 2332 essent

1936 2366 2239 2443 tanquam
2273 2362 2843 2426 demonstrationes
2873 2365 3254 2428 adversariis
3294 2384 3436 2448 pro-

1938 2460 2266 2540 ponendae.
2328 2461 2522 2523 Amor
2579 2461 2820 2545 quippe
2879 2470 2976 2525 est
3027 2463 3105 2525 ad
3161 2465 3432 2527 alterum

1936 2557 2036 2619 vel
2069 2566 2372 2640 tanquam
2417 2560 2491 2621 ad
2531 2560 2825 2634 alterum,
2859 2581 3060 2644 quum
3102 2562 3270 2625 dicat
3297 2564 3434 2625 Ari-

1936 2655 2216 2729 stoteleS,
2261 2657 2430 2738 quod
2476 2675 2657 2719 amor
2704 2658 2814 2739 qui
2863 2665 2961 2721 est
3008 2660 3086 2721 ad
3134 2660 3431 2735 alterum,

1937 2754 2179 2815 oriatur
2217 2773 2294 2817 ex
2342 2774 2557 2820 amore
2605 2756 2716 2838 qui
2763 2765 2858 2820 est
2907 2758 2983 2821 ad
3033 2778 3100 2821 se
3151 2760 3362 2843 ipsum
3416 2778 3431 2823 t

1940 2853 2081 2915 ideo
2109 2872 2188 2915 ex
2219 2853 2610 2936 perfectione
2639 2854 2844 2918 divini
2873 2857 3110 2920 amoris
3139 2860 3434 2923 concludi

1939 2969 2066 3013 non
2100 2959 2314 3033 posset
2340 2952 2706 3015 adversario
2747 2954 2994 3017 trinitas
3036 2956 3102 3018 in
3145 2957 3436 3038 personis

320 3056 429 3117 Est
478 3056 657 3117 enim
708 3053 993 3116 Christus
1040 3071 1231 3115 verus
1283 3052 1471 3125 DeuS,
1522 3060 1586 3114 et
1633 3052 1829 3114 'totius
1862 3050 1905 3113 C
1940 3050 2005 3112 in
2064 3050 2542 3132 supersimplici
2609 3052 2969 3116 Divinitate.
3033 3055 3176 3118 Haec
3243 3056 3436 3136 igitur

314 3154 575 3216 deitatis
648 3152 1140 3235 plenitudinem,
1196 3168 1323 3213 non
1395 3151 1831 3233 participatio-

314 3272 487 3327 nem,
532 3250 859 3331 accipiens
901 3268 937 3311 a
979 3265 1234 3311 summo
1263 3248 1583 3312 Genitore.

398 3352 617 3424 Pori-0,
648 3349 727 3411 ad
770 3366 993 3411 omnes
1037 3348 1313 3410 rationes
1358 3348 1652 3410 Richardi
1700 3368 1826 3410 una

316 3450 581 3512 daretur
608 3446 687 3510 ab
717 3447 1079 3509 adversario
1109 3447 1461 3528 responsiO,
1496 3447 1662 3528 quod
1705 3447 1823 3509 sci·

319 3548 471 3610 licet
516 3547 583 3609 in
631 3546 757 3608 Deo
800 3546 883 3607 sit
925 3563 1177 3607 summa
1226 3544 1477 3617 caritaS,
1526 3545 1693 3606 sicut
1738 3546 1824 3622 [et

316 3644 679 3727 plenitudo]
712 3642 945 3705 divinae
976 3641 1297 3715 bonitatis,
1332 3660 1471 3723 quae
1502 3641 1695 3704 etiam
1726 3649 1823 3705 est

314 3743 649 3823 obJectum
710 3740 1053 3804 voluntatis
1110 3740 1361 3802 divinae.
1414 3740 1551 3803 Non
1608 3748 1821 3804 tamen

316 3842 465 3904 ideo
524 3840 887 3921 exigeretur
944 3838 1276 3921 pluralitas
1337 3838 1400 3899 in
1462 3840 1751 3920 personis
1804 3856 1818 3901 ε

316 3940 472 4022 quia
522 3939 690 4000 sicut
748 3937 811 3999 in
872 3936 1350 4019 supersimplici
1410 3937 1629 3998 divino
1683 3956 1823 4000 esse

318 4046 570 4101 cunctae
621 4035 1046 4118 perfectiones
1092 4036 1503 4097 continentur
1544 4035 1713 4097 sicut
1756 4036 1822 4099 in

318 4134 715 4219 supervivali
764 4133 939 4196 fonte
988 4140 1053 4195 et
1098 4133 1466 4195 omnimode
1515 4133 1819 4215 perfecte,

316 4236 413 4297 sic
452 4235 519 4295 in
568 4250 645 4295 eo
692 4239 789 4295 est
833 4232 993 4293 ratio
1042 4231 1341 4314 perfectae
1388 4231 1819 4307 amabilitatiS,

318 4333 527 4416 plenae
570 4331 788 4412 gloriae
829 4348 901 4393 ac
944 4348 1211 4392 summae
1260 4328 1604 4392 felicitatis,
1646 4332 1821 4405 Quod

312 4432 557 4495 etenim
595 4430 659 4492 in
694 4428 1105 4491 inferioribus
1139 4428 1214 4490 fit
1244 4447 1359 4510 per
1399 4428 1604 4510 plura,
1638 4428 1715 4491 fit
1756 4430 1821 4492 in

314 4529 763 4615 superioribus
796 4547 909 4610 per
950 4528 1289 4609 pauciora3
1324 4527 1389 4590 in
1434 4528 1563 4591 Deo
1604 4537 1815 4591 autem

314 4630 585 4695 omnino
626 4627 1127 4710 simplicissime.

395 4728 577 4803 Quod
610 4746 829 4789 rursus
860 4726 1116 4799 dicitur,
1151 4725 1393 4787 dictum
1427 4744 1565 4787 esse
1605 4744 1641 4787 a
1680 4726 1818 4807 phi-

317 4827 629 4909 losophiS,
680 4825 891 4888 lllonas
938 4824 1143 4905 gignit
1194 4824 1555 4895 monadem,
1610 4825 1821 4887 multi-

318 4926 575 5009 pliciter
602 4924 836 5005 exponi
872 4922 1377 5005 potest.Quidam
1410 4922 1581 4984 enim
1616 4924 1818 5005 philo-

316 5026 671 5106 sophorum
714 5022 1013 5083 dixerunt
1050 5019 1130 5082 ab
1180 5038 1307 5083 uno
1355 5020 1637 5102 simplici
1682 5022 1820 5085 uni-

316 5122 612 5185 formiter
650 5138 717 5182 se
747 5118 1041 5193 habente,
1074 5136 1199 5181 non
1246 5136 1431 5201 posse
1479 5120 1819 5200 procedere

318 5222 443 5283 nisi
484 5238 691 5283 unum
722 5218 997 5299 simplex
1032 5233 1047 5278 t
1082 5217 1249 5279 sicut
1278 5217 1604 5279 Avicenna
1633 5217 1815 5293 dixit,

316 5338 356 5384 a
404 5320 535 5383 Deo
594 5314 965 5381 immediate
1018 5316 1293 5399 primam
1344 5315 1675 5379 dumtaxat
1724 5317 1816 5379 in-

1938 3156 2171 3211 sanctae
2201 3148 2523 3211 Trinitatis
2551 3150 2792 3230 agnitio
2821 3168 2948 3215 non
2976 3152 3099 3215 nisi
3143 3172 3220 3215 ex
3260 3153 3435 3217 fonte

1937 3246 2140 3308 divini
2173 3247 2381 3309 cordis
2416 3249 2714 3321 manavit,
2748 3257 2812 3311 et
2841 3252 3434 3333 supernaturalibus

1936 3344 2171 3407 divinae
2217 3345 2473 3408 virtutis
2522 3348 2914 3427 argumentis
2963 3348 3248 3425 fulcitur,
3294 3351 3432 3433 qui-

1938 3441 2057 3503 bus
2102 3450 2563 3523 praeostensum
2607 3451 2704 3505 est
2747 3444 2945 3507 fidem
2991 3446 3198 3508 inniti.

2279 3717 2767 3782 ARTICULUS
2813 3718 3093 3782 XXXV.

1936 3856 2071 3916 Cur
2099 3857 2322 3931 potius
2350 3857 2573 3916 divini
2599 3877 2728 3916 esse
2767 3860 3015 3929 unitas,
3046 3880 3242 3937 quam
3277 3881 3433 3937 per-

2014 3964 2326 4004 sonarum
2380 3947 2678 4015 trinitati,
2746 3950 3262 4009 demonstrativa
3334 3953 3432 4011 in-

2016 4036 2370 4112 quisitione
2402 4036 2720 4111 indayart'
2751 4037 2980 4111 possit.

1856 4232 1903 4295 D
1938 4230 2272 4394 PALAM
2303 4238 2398 4292 est
2434 4238 2673 4304 autem,
2706 4232 2787 4295 ab
2825 4234 3159 4314 agentibus
3197 4258 3431 4323 suppo-

2089 4329 2358 4391 sitaliter
2388 4329 2706 4392 distinctis
2748 4350 2874 4395 non
2917 4350 3100 4414 posse
3139 4339 3430 4401 eamdem

1936 4446 2204 4491 nume-ro
2233 4428 2447 4510 egredi
2477 4429 2817 4504 actionem,
2852 4432 2975 4494 nisi
3025 4444 3284 4517 propter
3323 4458 3428 4500 na-

1933 4535 2090 4591 turae
2141 4528 2451 4589 unitatem
2501 4545 2514 4589 τ
2562 4547 2748 4610 agere
2798 4531 2969 4593 enim
3020 4540 3083 4595 et
3130 4554 3292 4609 esse,
3335 4545 3432 4600 est

1934 4626 2457 4706 suppositorum;
2531 4626 2802 4709 ideoque
2871 4632 3291 4711 personaliter
3367 4644 3431 4697 et

1932 4723 2436 4785 substantialiter
2500 4724 2899 4789 diversorum
2959 4746 3084 4791 non
3143 4739 3241 4793 est
3303 4753 3431 4797 una

1932 4840 2203 4885 numero
2271 4823 2438 4885 actio
2513 4825 2866 4887 secundum
2945 4846 3270 4910 egressum
3346 4833 3428 4896 ab

1929 4921 2284 5002 agentibus.
2336 4921 2570 4984 Natura
2616 4931 2830 4986 autem
2880 4935 2975 4988 est
3034 4928 3426 5014 principium

1929 5020 2234 5102 operandi
2293 5028 2356 5082 et
2411 5021 2640 5102 agendi
2687 5023 2866 5085 ratio.
2919 5025 3225 5098 Quoniam
3277 5049 3426 5111 ergo

1930 5119 2167 5181 creatio
2198 5137 2408 5180 rerum
2443 5119 2554 5182 toti
2587 5119 2874 5182 Trinitati
2905 5132 2968 5185 et
2999 5125 3258 5189 cuilibet
3287 5148 3424 5210 per-

1928 5236 2099 5281 sonae
2130 5216 2455 5297 sigillatim
2487 5218 2750 5280 attribui
2793 5220 2972 5295 solet,
3009 5224 3422 5291 manifestum

1928 5323 2026 5380 est
2066 5316 2188 5379 hoc
2217 5332 2354 5377 esse
2395 5323 2656 5398 propter
2693 5318 3093 5383 identitatem
3132 5325 3422 5391 essentiae
