4300 6259
580 2832 657 2876 lib.
690 2831 723 2881 1.
744 2837 827 2876 art.

563 2910 620 2939 vn
634 2900 678 2938 et
694 2908 729 2939 s.

856 452 978 519 456

1444 468 1524 518 DE
1563 468 1793 515 Lunum
1832 464 2215 515 cmusrunffl:
2255 465 2556 525 THEORIAE,
2600 467 2777 515 LIBER
2818 470 2881 515 11.
2927 486 3008 498 --
3047 471 3190 517 Anr.
3235 471 3382 517 tvm

858 641 1289 706 rificari.Nam
1317 659 1441 724 quo
1466 639 1711 723 species
1736 647 2023 702 naturam
2054 638 2361 701 intellecti
2390 638 2437 700 A
2474 639 2700 703 dorum
2731 640 3137 721 cognoscitur
3175 641 3257 704 de
3299 660 3490 703 causa
3531 641 3684 723 quid
3729 641 3813 705 sit
3849 661 3951 724 per

859 742 1095 805 clarius
1138 747 1568 823 repraesentat,
1610 757 1686 802 eo
1734 738 2065 821 limpidior
2113 738 2363 800 exsistit

860 841 1095 903 mentis
1124 838 1492 922 speculatio.
1528 837 1749 901 Omnis
1779 845 1991 901 autem
2024 843 2234 899 creata
2265 855 2359 898 es-

860 939 1085 1013 sentia,
1117 938 1323 1001 forma
1352 944 1415 1001 et
1448 937 1715 1020 specieS,
1752 956 1789 998 a
1818 934 2360 1018 supersubstanti-

858 1037 943 1099 ali
976 1037 1087 1100 Dei
1118 1042 1343 1098 natura
1373 1035 1625 1098 infinite
1656 1034 1983 1097 occumbit
2013 1042 2077 1097 et
2105 1034 2363 1097 obtene-

859 1135 1113 1199 brescit.
1159 1135 1453 1197 Divinam
1504 1152 1654 1215 ergo
1703 1132 2046 1197 essentiam
2098 1141 2360 1195 eatenus

860 1240 1314 1315 repraesentare
1345 1249 1473 1294 non
1504 1232 1691 1305 valet,
1727 1238 1797 1293 ut
1826 1250 1941 1313 per
1970 1250 2111 1294 eam
2142 1230 2362 1293 divina

858 1332 1215 1395 substantia
1263 1332 1329 1393 in
1378 1350 1447 1394 se
1499 1331 1635 1414 ipsa
1685 1338 1749 1393 et
1797 1329 2223 1393 essentialiter
2269 1329 2362 1391 vi-

858 1431 1082 1493 deatur
1115 1449 1128 1491 :
1166 1430 1297 1492 imo
1327 1437 1455 1492 tam
1498 1428 1954 1491 defectibiliter
1990 1429 2215 1510 primae
2254 1446 2360 1489 ve-

858 1529 1063 1591 ritatis
1094 1529 1561 1611 superexaltata
1592 1528 1835 1610 puritas
1868 1528 1931 1589 in
1972 1528 2147 1589 omni
2190 1545 2361 1588 crea-

859 1634 922 1690 ta
950 1627 1213 1690 entitate
1244 1626 1629 1708 resplendet,
1664 1633 1735 1687 ut
1766 1626 1829 1686 in
1864 1624 2194 1687 infinitum
2225 1625 2359 1687 haec

859 1725 999 1806 ipsa
1057 1724 1529 1807 resplendentia
1578 1743 1615 1785 a
1677 1722 1948 1785 fontanae
2008 1742 2137 1785 suae
2200 1723 2358 1784 lucis

2469 736 2800 811 effectum,
2834 738 2958 802 nisi
2988 738 3260 801 effectus
3291 740 3371 801 sit
3399 740 3740 821 adaequans
3768 739 3950 802 virtu·

2468 843 2598 897 tem
2630 855 2856 909 causae,
2885 838 2980 899 sic
3010 844 3080 899 ut
3107 845 3238 900 tota
3267 856 3472 901 causae
3501 838 3706 901 virtus
3736 838 3802 900 in
3831 838 3954 920 ipso

2471 935 2554 997 sit
2583 954 2899 1017 expressa.
2937 936 3058 999 Sed
3089 937 3265 999 nulla
3295 944 3585 999 creatura
3611 944 3708 999 est
3747 937 3954 1016 hujus-

2471 1034 2743 1107 cemodi,
2777 1041 2847 1095 ut
2876 1042 3005 1096 tota
3035 1033 3143 1097 Dei
3171 1035 3373 1097 virtus
3413 1035 3506 1097 sic
3549 1035 3612 1097 in
3659 1054 3734 1098 ea
3771 1035 3954 1097 resul-

2471 1140 2576 1195 tet.
2603 1132 2811 1195 Palam
2843 1152 3014 1215 ergo,
3039 1151 3166 1196 non
3198 1152 3384 1217 posse
3414 1135 3617 1197 Deum
3651 1134 3712 1196 in
3745 1142 3957 1197 semet-

2473 1230 2613 1311 ipso
2656 1232 2953 1312 cognosci
2999 1249 3114 1313 per
3154 1232 3438 1313 speciem
3481 1239 3777 1295 creatam.

2550 1329 2865 1412 Amplius,
2885 1330 3178 1392 divinum
3209 1349 3350 1393 esse
3380 1330 3501 1393 sub
3531 1330 3711 1394 nullo
3740 1348 3956 1411 genere

2471 1433 2535 1489 et
2593 1427 2658 1488 in
2720 1428 2934 1509 specie
2992 1428 3170 1490 nulla
3218 1428 3809 1510 comprehenditur,
3855 1428 3956 1488 sed

2471 1524 2918 1587 universaliter
2991 1534 3057 1588 et
3131 1526 3694 1589 interminabiliter
3766 1525 3958 1608 perfe-

2471 1631 2643 1685 ctum
2678 1632 2776 1687 est
2809 1642 2823 1686 τ
2859 1643 3000 1706 quae
3031 1625 3246 1687 omnia
3276 1644 3469 1707 supra
3505 1633 3760 1688 ostensa
3797 1632 3954 1687 sunt.
4013 1656 4074 1700 m,-
4099 1658 4123 1699 1⁸
4145 1662 4188 1697 ,ἢ

2471 1720 2692 1783 Omnis
2742 1731 2954 1785 autem
3003 1730 3212 1786 creata
3253 1724 3532 1787 essentia
3573 1724 3696 1786 sub
3739 1742 3960 1804 genere
3982 1735 4196 1765 mmm
4241 1712 4243 1761 ῑ

857 1821 1242 1903 limpiditate
1291 1822 1501 1884 distet.
1545 1822 2057 1884 Demonstratum
2104 1828 2200 1882 est
2245 1820 2356 1902 igi·
2387 1819 2433 1882 B
2472 1821 2744 1901 quodam
2780 1821 3157 1895 continetur,
3189 1829 3254 1884 et
3281 1823 3638 1885 terminatae
3677 1821 3962 1903 perfecti-

855 1927 981 1993 tur‚
1018 1939 1130 2002 per
1159 1920 1403 1981 nullam
1435 1927 1709 1982 creatam
1743 1919 2047 2001 speciem,
2073 1918 2356 1981 divinam

856 2037 1043 2101 posse
1086 2020 1429 2080 essentiam
1476 2019 1538 2079 in
1584 2038 1651 2080 se
1697 2019 1833 2099 ipsa
1876 2015 2154 2097 agnosci.

934 2116 1262 2189 Praeterea,
1296 2117 1536 2197 agnitio
1568 2116 1678 2178 Dei
1712 2135 1826 2197 per
1866 2116 2146 2196 speciem
2189 2132 2358 2175 crea-

854 2224 1007 2289 tam,
1033 2223 1132 2278 cst
1160 2216 1438 2296 cognitio
1470 2234 1675 2279 causae
1709 2234 1821 2296 per
1849 2214 2178 2276 effectum.
2201 2213 2356 2276 Con-

855 2314 1044 2395 tingit
1102 2320 1317 2376 autem
1376 2332 1631 2375 causam
1693 2312 1988 2393 cognosci
2041 2331 2156 2394 per
2203 2311 2362 2374 effe-

856 2419 1031 2474 ctum
1117 2411 1476 2494 tripliciter.
1552 2412 1797 2489 Primo,
1854 2412 2006 2473 dum
2084 2409 2358 2471 effectus

855 2510 1136 2572 sumitur
1194 2528 1309 2592 pro
1370 2510 1584 2573 medio
1640 2510 1718 2571 ad
1788 2509 2358 2572 demonstrandum

855 2607 1100 2691 aliquid
1145 2610 1223 2671 de
1267 2627 1458 2670 causa
1493 2626 1506 2669 :
1540 2607 2081 2690 quemadmodum
2123 2606 2359 2668 accidit

858 2706 923 2769 in
992 2706 1649 2769 demonstrationibus
1711 2708 1870 2784 quia
1928 2715 2038 2765 est.
2097 2704 2173 2766 Et
2238 2705 2357 2766 hoc

859 2806 1047 2868 modo
1108 2806 1310 2868 multa
1368 2805 1665 2887 superius
1722 2804 2154 2866 demonstrata
2209 2811 2360 2865 sunt

857 2903 935 2966 de
979 2904 1108 2965 Deo
1153 2922 1230 2965 ex
1274 2904 1520 2965 naturis
1565 2921 1798 2965 rerum.
1846 2902 2160 2975 Secund0,
2202 2902 2356 2962 dum

2470 1918 2610 1981 onis
2657 1928 2772 1981 est.
2827 1921 2960 1983 Non
3009 1938 3160 2001 ergo
3207 1940 3323 2003 per
3367 1940 3510 1983 eam
3561 1920 3960 2003 agnoscibilis

2469 2026 2564 2079 est
2593 2019 2758 2080 Deus
2793 2038 2906 2101 per
2937 2020 3301 2082 essentiam.
3336 2020 3584 2093 Adhuc,
3617 2020 3961 2082 similitudo

2471 2134 2610 2197 quae
2639 2117 2982 2179 essentiam
3014 2117 3290 2198 alicujus
3320 2124 3758 2199 repraesentat,
3793 2125 3959 2179 natu-

2469 2231 2603 2274 ram
2637 2220 3151 2295 repraesentatam
3186 2214 3695 2297 comprehendit.
3722 2215 3872 2277 Nam
3905 2224 3960 2275 et

2472 2310 2767 2373 definitio
2813 2331 2956 2393 quae
3003 2312 3346 2375 essentiam
3387 2313 3719 2395 exprimit,
3759 2314 3962 2377 termi-

2469 2428 2590 2471 nus
2636 2418 2896 2471 vocatur
2937 2427 2952 2471 :
2997 2410 3144 2473 finit
3199 2430 3478 2493 namque
3528 2419 3592 2474 et
3635 2412 3814 2474 velut
3852 2410 3962 2473 sub

2469 2508 2659 2569 certis
2691 2507 3006 2570 limitibus
3039 2509 3372 2571 constituit
3401 2510 3826 2591 quidditatem
3865 2510 3962 2571 de·

2469 2605 2658 2667 finiti.
2695 2605 2817 2668 Sed
2857 2625 3056 2687 quum
3094 2607 3306 2669 omnis
3345 2607 3706 2671 similitudo
3743 2614 3960 2679 creata,

2467 2702 2742 2784 alicujus
2774 2704 2926 2767 certi
2959 2706 3213 2785 generis
3243 2706 3347 2779 sit,
3381 2713 3445 2767 et
3485 2705 3550 2768 in
3581 2705 3963 2787 perfectione

2467 2800 2673 2874 finita,
2717 2802 3006 2864 divinum
3058 2821 3212 2866 vero
3260 2823 3400 2866 esse
3449 2822 3714 2886 prorsus
3765 2804 3965 2866 infini-

2468 2908 2628 2972 tum,
2677 2907 2924 2963 constat
2969 2908 3244 2963 creatam
3293 2902 3574 2983 speciem
3617 2920 3746 2965 non
3791 2920 3962 2984 posse

858 3002 926 3064 in
976 3001 1215 3065 effectu
1261 3002 1515 3064 videtur
1554 3020 1745 3064 causa
1787 3001 2143 3063 secundum
2188 3000 2354 3082 quod
2391 2997 2433 3061 C
2467 2990 2750 3060 divinam
2803 2998 3227 3061 substantiam
3291 3001 3648 3063 secundum
3701 3002 3964 3083 propriae

859 3100 924 3162 in
982 3100 1220 3163 effectu
1274 3100 1515 3162 relucet
1561 3100 1830 3180 ejusque
1887 3098 2242 3160 similitudo
2293 3098 2358 3160 in

858 3200 969 3262 illo
1013 3199 1326 3261 resultat:
1361 3198 1528 3260 sicut
1573 3198 1765 3261 homo
1810 3198 2064 3259 videtur
2107 3197 2171 3258 in
2219 3216 2358 3277 spe-

858 3298 1004 3360 culo
1056 3297 1119 3358 in
1165 3314 1293 3378 quo
1349 3297 1551 3379 ipsius
1600 3296 1808 3376 imago
1861 3294 2245 3377 resplendet,
2297 3302 2360 3356 et

857 3395 1401 3479 quemadmodum
1446 3394 1870 3475 intelligentia
1909 3413 2035 3456 una
2073 3394 2361 3474 agnoscit

857 3495 1134 3577 primam
1167 3492 1469 3555 omnibus
1502 3492 1971 3574 superpositam
2004 3510 2260 3554 causam
2294 3492 2358 3553 in

856 3593 1122 3655 alterius
1156 3591 1454 3654 essentia.
1482 3590 1556 3652 Et
1589 3590 1890 3672 quoniam
1926 3590 2095 3652 idem
2125 3589 2362 3652 dicitur

862 3697 1077 3754 motus
1125 3708 1254 3772 quo
1305 3690 1448 3772 quis
1500 3689 1704 3752 fertur
1752 3690 1817 3751 in
1864 3687 2358 3751 similitudinem

858 3789 951 3851 rei
1002 3795 1067 3851 et
1116 3807 1251 3850 rem
1309 3788 1538 3869 ipsam,
1592 3787 1733 3849 ideo
1785 3787 1850 3848 in
1901 3787 2020 3849 hoc
2079 3788 2362 3850 secundo

860 3887 1047 3950 modo
1080 3906 1205 3948 una
1235 3886 1565 3947 dumtaxat
1593 3884 1831 3966 agnitio
1862 3891 1997 3963 est3
2030 3884 2172 3947 duae
2212 3904 2361 3949 vero

858 3993 1008 4049 sunt
1037 3986 1391 4067 agnitiones
1426 3985 1489 4046 in
1524 3984 1732 4066 primo
1762 3984 1964 4046 modo.
1980 3984 2190 4046 Tertio
2221 4002 2362 4046 con·

859 4084 1050 4165 tingit
1081 4101 1339 4145 causam
1372 4082 1668 4163 cognosci
1699 4101 1813 4163 per
1844 4082 2174 4155 effectum,
2207 4082 2360 4144 dum

2473 3104 2713 3159 naturae
2758 3095 3109 3159 claritatem
3158 3106 3636 3179 repraesentare.

2833 3358 3326 3423 ARTICULUS
3375 3360 3616 3425 LVIII.

2501 3492 2823 3558 Quomodo
2853 3492 3027 3550 Deus
3069 3491 3379 3551 videatur
3411 3509 3538 3568 per
3579 3496 3934 3555 essentiam.

2643 3784 2854 3847 nalem
2891 3785 3278 3868 plenamque
3305 3787 3518 3851 omnis
3549 3798 3779 3853 creatoe
3805 3810 3962 3853 men-

2471 3882 2552 3943 tis
2623 3881 2992 3957 elicitatem,
3037 3884 3100 3945 in
3147 3904 3219 3947 ea
3263 3886 3488 3967 primae
3531 3889 3818 3951 veritatis
3857 3908 3958 3951 seu

2472 3980 2672 4043 divini
2705 3999 2843 4044 esse
2883 3984 3423 4064 contemplatione
3462 3986 3813 4051 consistere
3847 4007 3963 4069 qua

2472 4080 2727 4142 videtur
2773 4080 2939 4142 Deus
2988 4080 3052 4142 in
3103 4100 3170 4143 se
3221 4082 3361 4164 ipso
3409 4091 3473 4145 et
3520 4102 3647 4147 non
3709 4086 3775 4147 in
3821 4085 3958 4148 aeni·

2477 3681 2905 3944 QUONlAM
2938 3695 3152 3750 autem
3185 3695 3516 3751 ostensum
3546 3710 3726 3753 nunc
3755 3700 3869 3765 est,
3891 3691 3958 3753 fi-

859 4182 999 4264 ipsa
1028 4181 1381 4244 similitudo
1411 4199 1616 4243 causae
1648 4180 1710 4242 in
1745 4186 1999 4257 causato
2029 4180 2358 4255 exsistenS,
2390 4179 2443 4242 D
2471 4184 2703 4259 gmate,
2737 4179 3088 4241 secundum
3133 4181 3456 4263 propriam
3500 4182 3752 4247 scilicet
3789 4203 3958 4247 suam

860 4280 1146 4343 efficitur
1183 4279 1391 4342 forma
1438 4298 1564 4362 qua
1607 4285 1936 4341 causatum
1987 4298 2167 4341 suam
2216 4298 2360 4341 cau-

861 4398 995 4441 sam
1043 4378 1378 4461 conspicit,
1414 4379 1579 4440 sicut
1624 4376 2054 4458 intelligibilia
2093 4380 2358 4459 quaeviS,

860 4484 925 4540 et
954 4496 1069 4559 per
1100 4478 1304 4558 ipsam
1334 4476 1432 4538 sui
1460 4476 1802 4539 essentiam
1828 4475 2113 4555 agnoscit
2138 4476 2359 4540 Deum.

861 4575 1114 4637 Etenim
1148 4574 1268 4637 hoc
1300 4574 1511 4648 mod0,
1546 4574 1599 4635 si
1631 4592 1775 4635 arca
1816 4572 2079 4635 haberet
2114 4574 2360 4638 intelle-

859 4680 1059 4745 ctum,
1079 4692 1193 4754 per
1224 4672 1547 4755 propriam
1579 4690 1758 4734 suam
1791 4671 2060 4734 formam
2086 4674 2360 4736 materiae

859 4771 1238 4853 impressam
1275 4777 1647 4851 agnosceret
1682 4769 1954 4833 formam
1987 4770 2140 4832 artis
2170 4789 2206 4832 a
2236 4790 2361 4853 qua

858 4868 1168 4951 profluxit
1215 4874 1280 4931 et
1328 4867 1512 4948 cujus
1560 4867 1768 4948 imago
1812 4874 1925 4930 est.
1980 4867 2083 4930 Sic
2126 4887 2359 4951 nempe

858 4967 1134 5048 septimo
1188 4965 1413 5029 Primae
1481 4965 1903 5047 philosophiae
1970 4966 2057 5027 ait
2124 4967 2358 5030 Aristo-

855 5064 1036 5138 telea,
1070 5065 1238 5146 quod
1270 5063 1505 5126 sanitas
1534 5070 1629 5125 est
1658 5082 1694 5125 a
1724 5064 2014 5137 sanitate,
2036 5072 2101 5126 et
2130 5066 2358 5127 domus

855 5182 893 5225 a
922 5163 1111 5225 domo
1146 5162 1417 5224 :domus
1461 5160 1723 5242 quidem
1770 5160 2094 5224 sensibilis
2138 5162 2220 5224 ab
2268 5163 2358 5225 in-

855 5260 1177 5342 telligibili
1219 5262 1427 5324 domo.
1462 5259 1649 5323 Nullo
1691 5267 1904 5323 autem
1949 5261 2178 5325 horum
2226 5279 2356 5324 mo-

2472 4276 2890 4358 quidditatem
2918 4293 2935 4356 ;
2969 4276 3180 4339 denuo
3209 4279 3714 4345 demonstratum
3755 4290 3870 4356 est,
3900 4283 3958 4343 id

2472 4376 2682 4457 ipsum
2743 4393 2858 4457 per
2915 4375 3196 4457 speciem
3259 4385 3534 4441 creatam
3597 4399 3726 4443 non
3786 4400 3958 4464 posse

2468 4472 2778 4545 accidere,
2829 4491 3030 4553 quum
3079 4480 3293 4536 tamen
3341 4476 3480 4537 sine
3537 4479 3756 4559 specie
3811 4498 3958 4561 qua·

2468 4573 2612 4634 dam
2663 4570 2808 4632 fieri
2858 4588 2984 4633 non
3035 4572 3233 4653 possit
3287 4590 3301 4634 :
3350 4582 3544 4636 restat
3589 4575 3809 4658 igitur,
3855 4597 3960 4661 per

2469 4670 2812 4731 increatam
2857 4670 3141 4751 speciem
3191 4671 3354 4733 hanc
3400 4672 3633 4738 divinae
3673 4677 3958 4739 essentiae.

2468 4768 2779 4830 visionem
2840 4769 3068 4830 creatis
3127 4769 3561 4835 intellectibus
3609 4776 3958 4837 communi·

2467 4867 2616 4929 cari.
2664 4867 2948 4929 lncreata
2989 4884 3176 4948 porro
3221 4870 3468 4950 species
3520 4870 3644 4934 alia
3687 4891 3818 4936 non
3868 4882 3957 4937 est

2467 4964 2589 5027 nisi
2653 4964 2790 5047 ipsa
2837 4965 2948 5027 Dei
2997 4966 3292 5041 essentia,
3337 4986 3480 5049 quae
3529 4969 3734 5033 divini
3784 4973 3956 5035 intel·

2468 5063 2669 5126 lectus
2728 5062 3153 5144 intelligibilis
3209 5066 3457 5147 species
3525 5076 3641 5130 est.
3705 5070 3776 5132 ln
3834 5071 3952 5133 Deo

2465 5161 2638 5225 enim
2689 5161 3124 5224 identificatur
3170 5164 3519 5244 cognitum,
3569 5184 3952 5250 cognoscens

2463 5268 2527 5324 et
2579 5260 2784 5323 forma
2845 5260 3318 5341 cognoscibilis,
3372 5282 3513 5345 quai
3571 5275 3670 5328 est
3728 5266 3950 5330 iutelli-
