4300 6259
938 512 1018 558 nr.
1058 511 1283 559 tumus
1324 510 1709 557 CHmSTIANAE.
1750 508 2053 567 rumam,
2098 510 2275 557 uana
2317 510 2380 557 ιι.
2425 528 2508 541 —-
2545 512 2684 558 Ari-r.
2731 512 2798 558 11
3311 494 3430 559 397

306 687 507 761 atque
548 680 875 744 tristitiam
925 682 1147 745 dantes
1193 699 1313 765 pro
1360 680 1627 743 meritis.
1672 679 1820 752 Quae
1849 677 1901 741 A
2058 680 2259 746 ORRO
2306 682 2468 745 bene
2528 682 2820 766 dispositi
2881 683 3242 746 intellectus
3301 700 3432 745 non

308 779 533 841 omnia
564 780 620 841 si
652 798 803 843 vera
830 788 1063 853 essent,
1098 799 1424 862 nunquam
1457 780 1537 841 ab
1558 780 1821 861 Aposto-

312 878 389 939 lis
424 877 667 941 Christi
698 879 791 941 sic
822 879 1172 941 comminui
1204 897 1277 940 ac
1308 878 1548 941 destrui
1582 876 1821 959 potuis-

308 984 456 1037 sent
491 994 507 1037 τ
546 994 707 1057 quos
740 985 987 1039 constat
1014 976 1303 1058 gentium
1335 976 1485 1039 deos
1525 975 1821 1037 abstulis-

308 1092 403 1145 se,
428 1074 587 1136 dum
621 1074 819 1136 fidem
854 1074 1087 1138 Christi
1128 1094 1240 1156 per
1272 1074 1584 1137 mundum
1625 1073 1822 1135 disse·

312 1171 749 1234 minaverunt.
809 1174 877 1235 In
933 1192 1061 1255 quo
1118 1172 1510 1235 sensibiliter
1562 1178 1826 1253 apparet

310 1269 515 1349 hujus
563 1270 899 1351 positionis
939 1270 1205 1344 falsitaS,
1240 1277 1306 1331 et
1342 1268 1683 1350 gentilium
1728 1286 1824 1331 er·

49 1386 277 1440 nuum,
312 1386 439 1431 ror.
470 1369 650 1432 Unde
680 1377 745 1431 et
775 1369 839 1429 in
870 1370 1119 1432 Psalmo
1150 1368 1389 1431 dicitur
1422 1388 1437 1431 ε
1470 1368 1825 1431 Simulacra

52 1452 161 1492 1517.

308 1467 611 1547 gentium
642 1475 979 1547 argentum
1012 1476 1076 1530 et
1104 1485 1355 1541 aurum,
1380 1484 1575 1548 opera
1608 1485 1825 1528 manu-

310 1585 423 1627 um
455 1566 823 1645 hominum3
846 1584 917 1627 os
939 1566 1275 1640 habent,et
1308 1584 1431 1628 non
1467 1565 1819 1647 loquentur:

308 1681 531 1744 neque
580 1664 755 1725 enim
802 1672 899 1725 est
941 1663 1205 1745 spiritus
1252 1663 1316 1725 in
1362 1680 1469 1725 ore
1514 1663 1819 1744 ipsorum.

390 1762 711 1842 Denique,
744 1761 915 1843 quod
944 1761 1024 1823 ab
1057 1760 1385 1823 intellectu
1426 1761 1641 1841 aliquo
1680 1759 1823 1821 effi-

2086 787 2182 841 est
2241 789 2540 863 praestare
2589 781 2905 843 auxilium
2953 781 3031 844 ad
3079 780 3433 843 exsecutio-

1934 896 2081 939 nem
2142 897 2356 941 rerum
2417 881 2864 962 pessimarum.
2927 880 3042 943 Per
3101 897 3430 962 magorum

1932 984 2147 1038 autem
2179 979 2613 1059 operationem
2655 980 2986 1053 adulteria,
3021 978 3192 1041 furta
3229 986 3294 1041 et
3331 978 3438 1040 ho-

1936 1074 2216 1148 micidia,
2252 1076 2560 1159 pluraque
2599 1077 2960 1140 consimilia
2997 1076 3376 1140 efficiuntur
3419 1094 3434 1137 ε

1933 1192 2079 1235 nam
2113 1180 2178 1235 et
2209 1173 2485 1236 malefici
2526 1175 2951 1257 appellantur,
2986 1175 3096 1257 qui
3138 1175 3256 1237 hac
3303 1181 3438 1236 arte

1936 1278 2222 1333 utuntur.
2260 1272 2394 1335 Non
2439 1280 2534 1335 est
2577 1272 2772 1354 igitur
2815 1274 3166 1336 secundum
3213 1272 3436 1335 volun·

1934 1376 2129 1431 tatem
2183 1369 2371 1444 bona,
2421 1369 2780 1433 substantia
2828 1370 3278 1434 intellectualis
3320 1371 3436 1432 hu-

1932 1467 2216 1547 jusmodi
2277 1468 2702 1550 patrocinium
2761 1467 3132 1531 efficientiae
3192 1468 3436 1549 impen-

1935 1565 2111 1627 denS.
2150 1566 2456 1648 Denique,
2490 1567 2610 1629 hoc
2658 1567 2826 1631 idem
2869 1567 3244 1629 ostenditur.
3280 1567 3434 1630 Nam

1936 1663 2053 1726 hac
2082 1672 2216 1725 arte
2250 1672 2516 1727 utuntur
2547 1665 2840 1727 homines
2880 1665 3263 1747 plerumque
3307 1684 3439 1727 sce·

1938 1760 2137 1823 lerati.
2186 1762 2567 1824 Hominibus
2617 1771 2830 1825 autem
2882 1763 3207 1825 sceleratis
3259 1762 3439 1825 fami-

310 1860 623 1948 cientiam
666 1860 988 1941 accipiant
1028 1876 1223 1941 opera
1270 1876 1625 1940 magorum,
1670 1858 1821 1921 hine
1850 1853 1899 1915 B
1939 1860 2160 1922 liarem
2196 1878 2334 1922 esse
2365 1861 2557 1922 etiam
2602 1862 2664 1923 in
2709 1861 2808 1923 his
2838 1881 2980 1944 quae
3021 1862 3248 1924 nociva
3291 1870 3441 1924 sunt

308 1958 649 2031 elucescit,
683 1957 989 2039 quoniam
1020 1958 1097 2019 ad
1132 1958 1576 2039 producendos
1618 1966 1823 2019 certos

309 2057 617 2129 effectus,
682 2063 950 2118 utuntur
1009 2054 1278 2119 vocibus
1346 2054 1821 2136 significativis,

310 2158 445 2218 Vox
485 2164 706 2217 autem
750 2154 815 2215 in
858 2162 1171 2236 quantum
1210 2153 1663 2235 significativa,
1699 2170 1825 2215 non

312 2254 439 2315 nisi
468 2251 919 2314 ab·intellectu
951 2252 1254 2314 virtutem
1297 2251 1507 2325 habet,
1543 2252 1643 2315 vel
1686 2268 1829 2335 pro-

310 2351 587 2413 ferentis
626 2350 729 2413 vel
770 2350 912 2430 ejus
955 2350 1031 2412 ad
1077 2368 1270 2432 quem
1316 2350 1656 2432 profertur.
1691 2349 1827 2411 Non

314 2457 531 2533 potest
580 2457 795 2512 autem
848 2448 999 2523 dici,
1051 2449 1221 2531 quod
1272 2448 1507 2510 virtute
1556 2448 1829 2510 dicentis

312 2549 601 2611 habeant
629 2565 817 2611 voces
860 2546 985 2610 illae
1024 2547 1251 2628 agendi
1286 2546 1669 2609 efficaciam.
1706 2546 1829 2607 Hu-

315 2666 553 2709 manus
584 2645 757 2709 enim
791 2645 1153 2708 intellectus
1193 2662 1320 2708 non
1363 2652 1461 2706 est
1499 2652 1687 2707 tantae
1726 2662 1831 2706 ex·-

314 2745 659 2819 cellentiae,
704 2751 775 2806 ut
816 2762 933 2807 sua
972 2742 1335 2825 cognitione
1376 2751 1439 2805 et
1476 2742 1831 2825 apprehen·

313 2846 499 2908 sione
552 2843 755 2927 possit
803 2860 905 2905 res
952 2841 1305 2925 producere
1358 2858 1373 2902 t
1428 2842 1559 2903 imo
1616 2840 1828 2922 potius

316 2942 607 3022 cognitio
648 2940 789 3021 ejus
832 2946 1130 3001 causatur
1176 2958 1213 3001 a
1262 2937 1473 3001 rebus,
1522 2937 1651 3001 Nec
1699 2936 1826 2998 dici

1936 1959 2197 2039 optimis
2227 1959 2404 2033 viriS,
2440 1976 2566 2021 non
2597 1967 2696 2021 est
2724 1959 2988 2022 virtuosi
3025 1960 3386 2022 intellectus
3421 1977 3437 2022 ε

1938 2057 2106 2138 quod
2145 2063 2358 2119 tamen
2403 2056 2556 2118 facit
2593 2056 2948 2119 substantia
2991 2058 3440 2121 intellectualis

1938 2154 2268 2237 complens
2299 2172 2493 2236 opera
2525 2173 2875 2236 magorum.
2902 2157 3164 2230 Rursus,
3197 2156 3439 2219 bonum

1940 2251 2302 2313 intellectus
2349 2259 2447 2313 est
2487 2252 2721 2314 veritas
2765 2268 2778 2313 :
2825 2251 2986 2315 bene
3031 2270 3182 2333 ergo
3223 2273 3290 2316 se
3338 2254 3442 2317 ha·

1938 2349 2097 2411 bens
2130 2349 2518 2423 intellectuS‚
2552 2350 2772 2431 dirigit
2803 2359 3046 2423 ceteros
3080 2352 3441 2415 intellectus

1942 2448 2005 2509 in
2052 2448 2408 2521 veritatem,
2452 2456 2516 2510 et
2559 2466 2686 2511 non
2733 2449 2797 2511 in
2841 2449 3152 2513 fraudem.
3206 2451 3327 2513 Sed
3374 2451 3440 2512 in

1939 2546 2243 2627 operibus
2313 2564 2642 2628 magorum
2709 2566 2783 2609 ea
2847 2548 3218 2629 frequenter
3273 2548 3443 2611 fiunt

1940 2644 2178 2725 quibus
2209 2644 2627 2706 ludificantur
2655 2652 2720 2707 et
2750 2645 3164 2728 decipiuntur
3191 2647 3441 2709 adstan-

1940 2749 2057 2815 teS,
2094 2750 2165 2803 ut
2206 2742 2620 2804 manifestum
2661 2750 2775 2805 est.
2813 2742 3154 2807 Enimvero
3191 2746 3444 2826 (quem-

1939 2839 2284 2903 admodum
2335 2840 2561 2903 scribit
2601 2839 2986 2923 Porphyrius
3027 2842 3106 2903 ad
3153 2842 3443 2906 Anebon·

1941 2938 2100 3019 tem)
2119 2938 2286 3019 magi
2318 2939 2384 3001 in
2416 2938 2923 3002 invocationibus
2953 2940 3084 3002 suis
3118 2941 3443 3004 mendacia

316 3046 558 3122 potest,
592 3039 763 3121 quod
802 3038 1229 3121 quorumdam
1269 3036 1605 3100 hominum
1643 3035 1827 3097 intel·
1857 3029 1902 3093 C
1941 3045 2005 3100 et
2062 3036 2488 3118 impossibilia
2537 3036 2736 3099 multa
2784 3047 3302 3113 commemorant,
3353 3040 3444 3103 di·

322 3140 531 3201 lectus
592 3156 669 3199 ex
728 3136 991 3218 speciali
1052 3136 1382 3199 stellarum
1430 3135 1669 3197 virtute
1724 3133 1831 3196 ha—

319 3236 519 3299 beant
578 3254 709 3317 prae
758 3234 987 3296 ceteris
1048 3232 1497 3313 hujuscemodi
1558 3239 1831 3314 potesta-

60 3356 293 3397 mmvu.
322 3342 477 3397 tem.
532 3333 837 3395 Habitum
887 3340 983 3394 est
1030 3332 1203 3394 enim
1256 3332 1319 3392 in
1372 3332 1601 3413 primo,
1658 3330 1829 3411 quod

318 3432 693 3495 intellectus
736 3430 978 3492 directe
1022 3446 1145 3491 non
1188 3428 1409 3491 subest
1438 3447 1645 3510 neque
1684 3428 1829 3489 sub-

318 3532 635 3594 sternitur
685 3527 1094 3610 impressioni
1135 3544 1477 3608 corporum
1518 3526 1827 3590 coelorum

316 3639 429 3692 aut
462 3629 769 3691 siderum.
790 3625 1198 3709 Relinquitur
1230 3625 1443 3707 itaque
1473 3625 1643 3706 quod
1672 3624 1827 3687 effe-

317 3738 467 3790 ctus
498 3744 833 3807 magorum
864 3744 979 3807 per
1015 3725 1321 3787 virtutem
1364 3723 1539 3787 illius
1580 3723 1825 3786 intelle-

317 3836 467 3887 ctus
526 3824 965 3906 producantur
1020 3822 1099 3884 ad
1160 3840 1353 3903 quem
1412 3839 1623 3885 sermo
1681 3820 1829 3883 diri-

316 3925 543 4005 gitur:
578 3922 767 4004 cujus
806 3922 997 3983 etiam
1042 3921 1297 4002 signum
1341 3928 1439 3983 est
1484 3920 1623 3995 hoc,
1657 3920 1827 4002 quod

318 4024 419 4086 hae
487 4039 681 4084 voces
754 4038 913 4102 quas
982 4018 1149 4099 magi
1216 4018 1516 4091 formant,
1578 4019 1831 4081 invoca-

320 4120 533 4183 tiones
582 4126 757 4191 sunt,
800 4116 1321 4199 supplicationes,
1372 4115 1825 4197 adjurationeS,

1941 3141 2156 3198 centes
2205 3135 2376 3216 quod
2433 3134 2558 3198 nisi
2607 3135 2661 3197 is
2710 3135 2821 3217 qui
2884 3136 3237 3211 invocatur,
3278 3138 3444 3200 adsit

1937 3252 2011 3295 ac
2042 3250 2231 3314 opem
2263 3232 2445 3307 ferat,
2481 3233 2784 3296 invocans
2819 3234 3014 3297 coelos
3047 3236 3442 3299 comminuet

1939 3338 2001 3393 et
2050 3331 2260 3393 sidera
2309 3331 2504 3393 tollet.
2559 3331 2667 3394 His
2713 3339 2925 3394 autem
2975 3332 3325 3395 delectatur
3380 3342 3442 3397 et

1937 3429 2221 3491 allicitur
2248 3429 2612 3492 intellectus
2645 3430 2832 3510 eujus
2873 3429 3233 3493 subsidium
3266 3440 3440 3513 opta-

1938 3534 2043 3587 tur
2077 3544 2090 3587 ε
2124 3525 2278 3607 quia
2307 3544 2422 3607 per
2451 3526 2622 3587 hunc
2655 3526 2916 3588 modum
2961 3527 3236 3590 advenit.
3273 3528 3441 3593 Bene

1936 3632 2151 3687 autem
2182 3644 2249 3686 se
2281 3624 2522 3686 habens
2554 3624 3074 3699 intellectuS‚non
3102 3626 3235 3707 jam
3270 3646 3442 3690 men-

1938 3724 2138 3785 daciis
2193 3722 2498 3795 allicitur,
2559 3724 2668 3785 sed
2730 3723 2994 3786 veritate
3060 3723 3434 3789 oblectatur.

1936 3823 2226 3903 Insuper,
2251 3838 2376 3883 non
2409 3828 2504 3883 est
2534 3820 2698 3882 hene
2728 3822 3020 3903 dispositi
3052 3822 3434 3899 intellectuS,

1938 3938 2051 4002 per
2080 3918 2588 3982 commissionem
2621 3919 2931 3981 scelerum
2963 3921 3190 3982 attrahi
3221 3923 3298 3984 ad
3331 3924 3440 3985 im-

1938 4018 2345 4102 pendendum
2396 4017 2761 4099 deprecanti
2811 4018 3232 4099 adjutorium3
3270 4022 3440 4103 quod

1935 4125 2149 4179 tamen
2184 4117 2249 4178 in
2280 4115 2756 4197 operationibus
2789 4116 3048 4196 magicae
3087 4119 3240 4180 artis
3277 4124 3440 4183 acci-

314 4228 384 4281 et
430 4218 721 4281 vicissim
767 4215 1063 4297 imperia,
1104 4223 1407 4298 tanquam
1448 4215 1639 4277 unius
1682 4214 1831 4277 alte·
1859 4210 1908 4273 D
1937 4216 2030 4277 dit
2063 4232 2077 4275 ε
2110 4215 2278 4277 sicut
2306 4213 2505 4296 aliqui
2547 4213 2844 4294 leguntur
2889 4214 3236 4280 infantulos
3275 4220 3439 4282 occi-

318 4319 375 4381 ri
408 4314 1324 4398 colloquentis.Verumtamen
1356 4313 1421 4375 in
1452 4313 1831 4395 quibusdam

322 4434 658 4497 magorum
702 4412 1065 4476 actionibus
1108 4412 1198 4475 nil
1247 4412 1541 4493 prohibet
1586 4411 1830 4493 aliquid

320 4513 583 4577 virtutis
624 4519 691 4575 et
738 4510 1047 4573 efficaciae
1094 4528 1233 4572 esse
1282 4528 1358 4571 ex
1409 4510 1831 4591 impressione

320 4612 637 4676 coelorum
682 4628 757 4672 ac
800 4609 1107 4671 siderum.

749 4816 1243 4882 ARTICULUS
1290 4816 1409 4881 IX.

324 4946 516 5013 Quod
544 4942 913 5003 substantia
950 4941 1437 5009 intellectualia,
1468 4942 1635 4999 dans
1668 4959 1832 4999 eom·

398 5036 807 5109 plementum
846 5038 907 5088 et
949 5030 1312 5105 efficaciam
1350 5030 1835 5104 operationibus

404 5140 782 5197 magorum,
827 5121 1183 5178 secundum
1236 5122 1635 5178 voluntatem
1691 5119 1833 5195 qui-

406 5214 559 5271 dem
588 5212 766 5269 mala
794 5210 905 5279 sit,
937 5210 1291 5268 secundum
1332 5217 1643 5268 naturam
1685 5226 1835 5267 vero

410 5302 603 5365 bona.

1938 4314 2107 4375 disse
2138 4320 2402 4395 propter
2442 4312 2959 4375 consecutionem
3002 4313 3275 4379 effectus
3317 4337 3442 4382 ma-

1938 4412 2095 4493 gicae
2136 4411 2308 4474 artis.
2352 4410 2597 4484 Adhuc,
2643 4410 2706 4472 in
2758 4410 2997 4474 effectu
3047 4412 3240 4494 hujus
3289 4416 3440 4479 artis

1940 4509 2458 4573 irrationabilitas
2489 4510 2781 4591 quaedam
2813 4512 3140 4592 contingit.
3157 4514 3444 4597 Requirit

1940 4608 2114 4671 enim
2155 4608 2290 4670 haec
2329 4627 2430 4669 ars
2480 4607 2808 4670 hominem
2856 4611 3144 4673 venereis
3187 4628 3312 4673 non
3355 4620 3442 4675 at-

1940 4713 2302 4779 trectatum,
2354 4725 2555 4788 quum
2613 4713 2826 4768 tamen
2879 4707 3014 4789 ipsa
3071 4708 3441 4792 frequenter

1940 4804 2321 4867 adhibeatur
2351 4806 2521 4866 circa
2557 4805 2952 4867 adulterinos
2990 4807 3323 4888 amplexus
3365 4829 3438 4873 ac

1942 4903 2280 4965 sceleratos
2311 4901 2710 4965 concubitus.
2737 4902 2873 4965 Non
2904 4911 3000 4966 est
3030 4904 3223 4985 igitur
3251 4917 3439 4973 rectae

1942 5002 2285 5065 voluntatis
2315 5000 2426 5082 qui
2457 5000 2556 5063 his
2587 5000 2946 5064 efficaciam
2979 5011 3230 5083 praestat
3261 5006 3442 5069 intel-

1944 5101 2164 5163 lectus
2199 5100 2526 5173 Praeterea‚
2557 5099 2635 5161 ad
2670 5098 2831 5162 bene
2862 5118 2928 5161 se
2969 5100 3310 5165 habentem
3349 5106 3440 5168 in-

1943 5198 2272 5261 tellectum
2304 5214 2429 5259 non
2463 5197 2742 5279 pertinet
2772 5205 2839 5260 ut
2867 5216 2902 5261 a
2933 5200 3247 5282 superiori
3280 5202 3440 5266 desi-

1946 5297 2123 5360 deret
2153 5296 2443 5359 venerari
2473 5302 2537 5360 et
2567 5295 2985 5372 invocari,vel
3017 5304 3090 5360 ut
3115 5297 3437 5369 inferioris
