4300 6259
939 500 1019 547 na
1060 500 1285 547 numna-
1326 499 1708 547 camsi-usai
1748 500 2049 558 maozim,
2094 502 2270 549 tinen
2313 503 2374 549 u.
2425 520 2502 531 -
2542 504 2680 549 aar.
2727 504 2814 549 xn
3315 483 3430 547 401

327 668 637 731 naturalia
685 670 851 733 dona
898 678 1299 752 receperunt,
1350 670 1585 753 quibus
1632 668 1829 733 idolo·
1862 670 1911 733 A
1944 670 2240 751 perfectae
2301 670 2366 733 in
2423 671 2766 735 christiana
2822 670 3212 753 perfectione
3267 688 3440 732 men-

328 764 529 829 latriis
570 774 635 831 ct
676 768 1107 849 gentilitatum
1154 768 1385 831 ritibus
1424 776 1550 831 tam
1596 768 1831 830 invicte
1942 775 2032 830 tes
2063 769 2372 842 sentiunt,
2405 778 2554 831 sunt
2584 771 2676 832 eis
2709 778 2953 831 certum
2990 776 3438 850 argumentum

326 862 719 927 restiterunt.

184 4168 193 4175 .
208 4148 294 4185 viu,

68 4200 110 4239 17
126 4213 137 4247 ς
158 4197 225 4241 lR

46 4270 83 4309 a,
107 4262 166 4302 ³0.

400 963 645 1038 Denuo,
697 972 995 1047 quartum
1046 964 1201 1028 fidei
1252 972 1699 1045 argumentum
1751 982 1829 1026 ex

320 1060 597 1142 puritate
628 1069 693 1125 et
722 1064 1055 1125 sanctitate
1087 1063 1231 1126 vitae
1260 1062 1577 1145 accipitur
1606 1081 1826 1126 eorum

318 1159 429 1241 qui
458 1161 811 1223 secundum
844 1160 1206 1223 christianae
1239 1160 1395 1241 legis
1425 1160 1827 1223 traditionem

318 1257 669 1321 studiosius
699 1259 927 1321 vivunt
952 1259 1067 1321 :de
1097 1278 1223 1342 qua
1254 1259 1551 1341 superius
1582 1258 1825 1321 dictum

320 1364 435 1419 cst.
492 1357 567 1419 Et
620 1357 753 1438 jam
805 1376 1063 1441 quoque
1122 1359 1187 1420 in
1246 1364 1497 1421 tantum
1554 1357 1824 1431 dicatur,

319 1456 491 1538 quod
522 1456 827 1519 sanctitas
854 1456 1029 1519 aliud
1070 1474 1197 1519 non
1238 1463 1335 1519 est
1376 1456 1501 1518 nisi
1542 1456 1829 1519 reductio

322 1553 557 1615 mentis
614 1572 651 1615 a
710 1554 969 1616 caducis
1024 1572 1099 1615 ac
1150 1552 1568 1617 sensibilibus
1618 1552 1825 1627 boniS,

316 1652 395 1713 ad
444 1652 887 1715 inhaerendum
931 1652 1429 1735 contemplative
1471 1670 1543 1713 ac
1587 1652 1829 1714 dilecti·

318 1770 397 1814 ve
441 1769 696 1815 summo
746 1750 935 1826 bone,
982 1759 1045 1815 et
1093 1752 1192 1813 his
1242 1770 1385 1833 quae
1432 1750 1677 1813 ducunt
1722 1751 1829 1814 ho·

1940 866 2342 949 repromissae
2373 866 2921 948 felicitatis,cujus
2953 873 3104 929 sunt
3133 866 3258 929 illae
3287 884 3442 949 prae-

1939 964 2216 1028 ambulae
2273 965 2682 1047 gustationes.
2737 964 3284 1039 Quemadmodum
3331 982 3440 1026 au-

1941 1069 2069 1125 tem
2108 1063 2557 1144 hujuscemodi
2597 1052 3060 1127 consolationes
3098 1070 3248 1124 sunt
3285 1060 3440 1125 fidei

1938 1170 2411 1241 argumentum,
2445 1162 2538 1223 sic
2582 1162 2934 1224 tentatoriae
2978 1160 3102 1223 illae
3149 1160 3440 1223 molesta-

1938 1259 2143 1321 tiones
2193 1279 2351 1342 quas
2400 1260 2720 1323 daemones
2768 1260 2924 1323 viris
2974 1259 3128 1321 fidei
3179 1266 3440 1321 sectato-

1938 1358 2118 1421 ribus
2153 1358 2390 1421 inserre
2431 1376 2556 1421 non
2598 1358 2920 1433 desinunt,
2952 1357 3243 1439 ejusdem
3283 1375 3438 1439 quo-

1938 1475 2064 1539 que
2121 1456 2275 1519 fidei
2326 1464 2778 1539 argumentum
2827 1464 2994 1519 sunt.
3047 1457 3112 1519 Si
3159 1475 3438 1539 namque

1936 1554 2328 1619 daemonibus
2359 1556 2567 1638 placet
2597 1555 2953 1619 christianae
2983 1555 3140 1637 legis
3168 1555 3312 1629 vita,
3328 1573 3439 1617 cur

1939 1654 2310 1716 hominibus
2353 1672 2431 1717 eo
2478 1653 2872 1717 molestiores
2916 1653 3105 1729 fiunt,
3139 1672 3266 1736 quo
3309 1662 3437 1716 stu·

1941 1752 2250 1816 diosiores
2302 1751 2543 1815 fuerint
2583 1753 2661 1815 ad
2717 1753 3195 1816 custodiendam
3237 1752 3436 1826 illam,

322 1850 567 1913 minem
624 1850 703 1911 ad
764 1850 945 1912 illud.
1000 1850 1151 1913 Tota
1200 1857 1414 1911 autem
1466 1848 1825 1913 christianae
1864 1845 2204 1913 Beatenus
2277 1858 2346 1913 ut
2402 1850 2790 1913 sensibiliter
2857 1850 3078 1913 multis
3133 1869 3440 1933 apparue-

320 1948 481 2029 legis
540 1948 811 2012 intentio
866 1948 943 2011 ad
1002 1947 1177 2010 aliud
1241 1966 1367 2011 non
1428 1946 1651 2021 tendit,
1704 1948 1827 2010 nisi

322 2054 391 2109 ut
450 2055 735 2109 mentem
794 2046 1117 2110 abstrahat
1173 2046 1253 2109 ab
1312 2044 1629 2108 universis
1687 2066 1829 2128 quae

318 2164 465 2209 eam
513 2144 595 2208 ab
641 2164 859 2209 amore
903 2154 967 2209 et
1013 2145 1337 2228 agnitione
1388 2145 1625 2207 summi
1678 2144 1828 2208 boni

318 2246 641 2327 elongant.
675 2246 811 2319 Quo
838 2262 989 2327 ergo
1030 2244 1244 2308 anima
1279 2244 1633 2307 secundum
1666 2243 1829 2306 hanc

321 2344 529 2425 legem
590 2344 873 2427 amplius
937 2344 1193 2417 vixerit,
1248 2361 1324 2407 eo
1386 2343 1665 2406 sanctior
1726 2341 1823 2405 fit.

316 2443 569 2517 Adhuc,
602 2443 771 2506 sicut
799 2462 868 2505 se
910 2441 1103 2505 habet
1141 2442 1523 2525 simpliciter
1560 2442 1638 2504 ad
1678 2442 1829 2505 sim·

320 2542 601 2623 pliciter,
664 2542 757 2605 sic
814 2560 881 2603 se
941 2541 1134 2603 habet
1192 2540 1401 2621 majus
1458 2539 1535 2602 ad
1596 2540 1825 2621 majus,

320 2648 385 2703 et
454 2640 811 2703 maximum
878 2640 957 2703 ad
1029 2640 1405 2713 maximum,
1474 2640 1827 2702 secundum

320 2739 779 2821 Philosophum
812 2740 879 2801 in
910 2739 1181 2821 Topicis.
1208 2738 1273 2801 Si
1304 2756 1456 2820 ergo
1486 2736 1829 2801 christiana

320 2838 490 2901 fide-s
540 2857 579 2899 a
626 2837 755 2901 Deo
812 2854 939 2900 non
999 2844 1117 2911 est,
1168 2844 1323 2899 tunc
1383 2838 1592 2920 palam
1658 2837 1827 2920 quod

319 2936 431 3019 qui
478 2936 759 2998 maxime
801 2936 1157 2998 secundum
1208 2954 1347 2998 eam
1399 2936 1653 3005 vixerit,
1700 2954 1831 2997 ma-

318 3036 495 3097 xime
536 3034 665 3097 Deo
703 3033 1073 3116 displicebit
1112 3040 1175 3095 et
1215 3032 1477 3097 odibilis
1521 3035 1661 3096 erit.
1698 3034 1829 3097 Sci·
1860 3032 1905 3097 C

322 3152 468 3195 mus
507 3140 747 3205 autem,
781 3132 949 3215 quod
993 3132 1105 3213 qui
1153 3132 1427 3194 maxime
1473 3132 1827 3195 secundum

320 3251 463 3294 eam
508 3231 693 3304 vivit,
742 3230 805 3292 in
850 3248 917 3292 se
964 3230 1103 3313 ipso
1146 3230 1551 3293 humillimus
1597 3239 1713 3303 est,
1762 3230 1827 3293 in

322 3332 527 3392 Deum
569 3348 683 3411 per
720 3328 1111 3391 desiderium
1149 3337 1213 3391 et
1248 3347 1529 3392 amorem
1574 3330 1829 3411 penitus

320 3446 675 3491 conversus
734 3434 852 3500 est,
912 3434 977 3489 et
1032 3427 1196 3489 nulli
1256 3426 1409 3490 facit
1468 3428 1639 3509 quod
1704 3426 1827 3489 sibi

320 3526 469 3590 fieri
522 3544 651 3589 non
716 3526 875 3599 vult,
928 3525 1039 3589 sed
1100 3544 1229 3607 prae
1288 3525 1628 3589 dilectione
1686 3525 1829 3589 Cre-

319 3626 518 3689 atoris
578 3644 652 3687 ac
700 3624 931 3687 futurae
989 3623 1429 3698 beatitudiniS‚
1480 3623 1833 3687 contemnit

318 3723 641 3807 quidquid
684 3742 721 3785 a
759 3722 886 3785 Deo
930 3740 999 3785 se
1040 3720 1337 3803 elongare
1380 3722 1687 3804 agnoscit.
1716 3722 1829 3785 Hic

320 3823 471 3885 talis
530 3838 683 3901 ergo
733 3819 875 3902 plus
925 3818 1225 3882 omnibus
1281 3819 1653 3882 hominibus
1702 3821 1829 3883 Deo

322 3921 699 4004 displiceret
734 3938 747 3983 :
782 3920 951 4002 quod
984 3918 1246 4000 cogitari
1278 3918 1457 3981 nefas
1494 3927 1609 3982 est.
1644 3919 1829 3983 Simi-

323 4020 533 4083 litudo
562 4018 735 4081 enim
769 4026 867 4080 est
896 4036 1085 4079 causa
1112 4017 1348 4080 amoris
1369 4034 1382 4079 :
1401 4018 1568 4079 Deus
1599 4036 1829 4099 nempe

322 4120 670 4201 diligentes
719 4136 787 4181 se
836 4116 1065 4197 diligit,
1110 4124 1173 4179 et
1223 4116 1719 4179 honorificantes
1763 4136 1829 4179 se

322 4217 737 4283 honorificat.

403 4317 645 4391 Quinto
692 4314 954 4377 sortitur
1002 4312 1167 4376 fides
1214 4313 1501 4377 veritatis
1552 4315 1831 4378 testimo—

320 4417 535 4487 nium,
566 4433 603 4475 a
635 4412 907 4495 puritate
946 4418 1011 4475 et
1046 4411 1383 4475 altitudine
1426 4412 1727 4475 doctrinae
1757 4431 1829 4475 ac

316 4514 659 4597 sapientiae
688 4512 1071 4575 institutoris
1103 4511 1305 4593 ipsius
1344 4530 1419 4574 ac
1458 4513 1828 4595 sequacium

315 4614 490 4695 ejus.
544 4612 666 4675 Sed
722 4611 801 4674 de
860 4609 981 4673 hoc
1032 4628 1289 4674 necesse
1340 4619 1435 4673 est
1484 4611 1829 4693 specialem

316 4711 675 4777 articulum
720 4710 1146 4773 introducere.

402 4812 598 4874 Sexto
648 4808 1061 4871 stabilitatem
1112 4806 1306 4869 habet
1353 4806 1517 4871 fides
1558 4826 1595 4869 a
1644 4808 1829 4889 spiri-

315 4906 613 4974 tualibus
651 4904 1129 4986 experimentis.
1165 4905 1285 4969 Sed
1317 4906 1467 4968 hinc
1499 4914 1831 4988 sumptum

314 5013 801 5090 argumentum,
854 5003 1103 5066 infideli
1152 5022 1227 5066 ac
1278 5004 1481 5087 impio
1526 5004 1830 5067 frivolum

314 5116 419 5171 est
456 5112 523 5168 et
556 5103 923 5176 ridiculum,
959 5101 1083 5184 piis
1126 5120 1276 5165 vero
1318 5102 1641 5166 mentibus
1686 5104 1833 5167 soli-

316 5204 673 5269 dissimum
716 5200 869 5263 fidei
908 5200 1413 5264 firmamentum.
1460 5201 1833 5283 Spirituales

319 5304 579 5389 quippe
628 5299 1114 5375 consolationes,
1161 5319 1318 5383 quas
1371 5308 1501 5362 tam
1556 5300 1833 5365 ubertim

583 5434 647 5485 T.
686 5434 764 5485 33.

1940 1948 2089 2021 rint,
2123 1948 2560 2031 quosdamque
2599 1947 2993 2011 afflixerint?
3027 1948 3246 2031 Neque
3291 1948 3442 2011 latet

1941 2047 2330 2110 Christianos
2363 2046 2808 2110 indissolubile
2837 2046 2998 2109 illud
3027 2048 3242 2110 odium
3271 2048 3440 2129 quod

1942 2146 2107 2209 inter
2136 2164 2245 2209 eos
2275 2153 2340 2209 et
2366 2146 2688 2211 daemones
2720 2154 3100 2228 perseverat.

2342 2420 2832 2486 ARTICULUS
2877 2421 3031 2487 XII.

1937 2560 2033 2619 De
2066 2560 2429 2619 testimonio
2458 2563 2632 2638 quod
2667 2580 2749 2619 eoe
2777 2564 3258 2638 Prophetarum
3292 2582 3442 2623 ora·

2020 2650 2190 2708 culis
2255 2668 2332 2707 ac
2397 2650 2634 2709 veteris
2699 2652 2858 2726 leyis
2924 2653 3444 2712 circumstantiis

2018 2740 2302 2799 sortitur
2345 2741 2527 2815 fide&

2084 2934 2368 2997 UAMVIS
2398 2935 2678 3017 denique
2721 2936 3166 3020 multipliciter
3211 2936 3276 2999 in
3319 2938 3441 3001 hoc

1946 2930 2075 3142 Q
2110 3038 2375 3095 tractatu
2407 3033 2734 3095 inducatur
2754 3034 3116 3097 christianae
3145 3034 3304 3117 legis
3333 3036 3441 3097 fir-

1941 3138 2127 3193 mitas
2189 3149 2302 3213 per
2359 3150 2436 3193 ea
2493 3150 2634 3213 quae
2694 3132 2752 3195 ei
2814 3131 3268 3197 fulcimentum
3327 3133 3444 3197 lar-

1938 3230 2224 3311 giuntur,
2275 3248 2401 3293 non
2450 3248 2674 3293 omnes
2721 3238 2937 3293 tamen
2995 3230 3442 3313 hujuscemodi

1940 3327 2342 3391 inductiones
2372 3328 2656 3391 veritatis
2688 3327 2840 3391 fidei
2874 3328 3272 3411 quibuslibet
3299 3350 3444 3395 con·

1941 3425 2233 3488 cludunt.
2284 3426 2554 3500 Quidam
2603 3427 2840 3489 etenim
2894 3436 3172 3491 veterem
3235 3428 3440 3510 legem

1942 3542 2067 3586 non
2113 3524 2456 3606 recipiunt,
2502 3524 2671 3587 sicut
2711 3525 3134 3605 Manichaeus3
3179 3527 3439 3609 quidam

1942 3640 2093 3685 vero
2124 3622 2369 3685 nullam
2401 3622 2606 3703 legem
2639 3624 2863 3686 dicunt
2903 3624 3274 3687 imitandam
3315 3625 3441 3687 nisi

1943 3721 2339 3800 naturalem3
2386 3722 2645 3804 quidam
2690 3730 2904 3785 autem
2949 3722 3231 3786 haeretici
3279 3742 3442 3785 asse-

1944 3818 2170 3883 rebant
2198 3817 2540 3901 Prophetas
2571 3838 2698 3881 non
2731 3820 2972 3901 Spiritu
3005 3820 3234 3883 Sancto
3262 3821 3442 3883 affla-

1939 3925 2059 3991 tOS,
2092 3918 2200 3979 sed
2248 3917 2596 3979 irrationali
2627 3918 2901 3999 quodam
2947 3936 3233 3994 excessu,
3264 3920 3442 3983 velut

1942 4018 2294 4079 insensatos
2335 4034 2473 4078 esse
2520 4015 2778 4079 locutos.
2815 4016 2934 4079 Sed
2977 4016 3180 4098 legem
3209 4017 3438 4101 Moysis

1939 4134 1975 4177 a
2042 4115 2172 4177 Deo
2227 4114 2547 4188 donatam,
2607 4120 2672 4175 et
2728 4114 3070 4196 Prophetas
3125 4115 3436 4179 divinitus

1860 4216 1909 4277 D
1942 4212 2302 4295 inspiratOS,
2350 4211 2752 4274 sufficienter
2793 4210 3202 4275 manifestant
3243 4214 3438 4277 subli-

1942 4312 2070 4374 mia
2113 4310 2222 4372 illa
2265 4309 2467 4391 signa,
2500 4317 2564 4371 et
2603 4308 2914 4371 miracula
2950 4317 3080 4372 tam
3124 4313 3434 4389 solennia,

1942 4408 2178 4491 quibus
2207 4407 2362 4471 olim
2394 4416 2523 4470 tam
2556 4406 2904 4469 multifarie
2935 4410 3245 4491 populum
3278 4412 3438 4493 legis

1942 4508 2117 4570 illius
2150 4506 2588 4588 magnificavit
2618 4506 2783 4568 Deus
2814 4504 3112 4571 sublimis
3140 4516 3204 4571 et
3234 4509 3434 4573 fortis.

1942 4608 2261 4682 Ceterum,
2295 4607 2463 4688 quod
2506 4614 2636 4668 tam
2682 4607 3080 4670 concorditer
3118 4609 3441 4692 Prophetas

1942 4706 2266 4769 vaticinati
2316 4713 2488 4780 sunt,
2539 4713 2604 4769 et
2663 4706 2864 4769 multo
2919 4707 3220 4789 ampliuS,
3273 4709 3442 4791 quod

1943 4813 2069 4867 tam
2112 4823 2368 4867 veraces
2411 4804 2653 4867 inventi
2693 4811 2862 4875 sunt,
2897 4804 3130 4868 efficax
3158 4808 3444 4871 veritatis

1942 4910 2385 4986 argumentum
2417 4902 2699 4986 praebent
2729 4910 2944 4965 vatum
2973 4904 3258 4968 oraculis.
3277 4908 3446 4981 Quae·

1944 5022 2222 5086 cumque
2261 5020 2538 5085 namque
2575 5001 2836 5063 inducta
2879 5010 3028 5065 sunt
3065 5005 3233 5085 quod
3262 5006 3444 5069 Jesus

1945 5102 2027 5163 sit
2058 5120 2249 5164 verax
2279 5109 2344 5163 et
2373 5119 2538 5163 verae
2580 5100 2736 5181 legis
2776 5100 2976 5173 dator,
3008 5110 3445 5167 contestantur

1944 5202 2198 5283 Moysen
2244 5208 2308 5262 et
2350 5200 2690 5281 Prophetas
2734 5217 2770 5260 a
2811 5198 2940 5261 Deo
2989 5200 3263 5265 edoctos.
3312 5204 3442 5267 Sal-

1947 5306 2129 5362 vator
2166 5298 2407 5381 quippe
2447 5298 2514 5363 in
2554 5295 2886 5377 evangelio
2925 5297 3182 5362 Ioannis
3208 5302 3442 5367 Judaeis

3124 5435 3186 5485 26
