4300 6259
948 524 1023 569 ns
1064 522 1291 570 [untur.
1330 522 1713 569 cums‘nANAE
1754 520 2053 578 macana,
2100 520 2274 567 tinen
2317 522 2380 567 ιι.
2427 538 2508 549 -
2549 520 2687 567 aar.
2733 521 2885 567 xvm
3346 498 3468 563 409

360 712 399 757 a
432 714 561 777 qua
600 694 957 775 emanavit3
990 714 1234 769 rursuS,
1267 693 1493 757 referri
1536 700 1743 776 potest
1782 692 1858 755 ad
1893 691 1940 755 Α
1970 696 2092 755 tur.
2120 691 2402 756 Verbum
2445 692 2641 773 igitur
2683 691 3066 764 intellectuS,
3099 686 3469 753 substantiae

363 792 639 857 formam
691 813 883 877 quam
930 792 1161 857 artifex
1205 793 1503 875 producit
1540 811 1653 875 per
1694 810 1855 855 eam.
1974 791 2282 855 intellecti
2323 791 2532 873 imago
2569 799 2684 854 est.
2719 792 2876 853 Hinc
2915 788 3076 852 dixit
3104 786 3465 871 ApostoluS,

363 891 465 955 Sic
508 892 685 955 enim
724 893 815 955 ait
852 890 1271 974 Philosophus
1318 890 1593 973 septimo
1639 889 1861 952 Primae
1973 890 2143 972 quod
2200 891 2284 952 sit
2343 890 2550 971 figura
2613 888 2984 952 substantiae
3031 888 3193 968 ejus.
3248 884 3464 949 Totam
3497 900 3687 953 aetra,
3717 904 3760 944 ³.

364 989 811 1073 philosophiae,
864 991 1032 1072 quod
1082 989 1319 1053 sanitas
1368 989 1451 1051 sit
1492 1008 1529 1053 a
1570 987 1859 1061 sanitate,
1971 988 2272 1071 equidem
2305 988 2725 1051 substantiam
2757 986 3151 1049 transfundit
3186 985 3364 1047 Pater
3403 984 3467 1045 in

360 1094 423 1151 et
450 1088 685 1151 domus
722 1107 759 1149 a
802 1088 993 1151 domo
1026 1105 1041 1151 ε
1074 1088 1303 1151 domus
1342 1088 1563 1170 utique
1606 1104 1863 1149 sensua-
1972 1087 2228 1163 Filium,
2284 1089 2638 1150 secundum
2685 1086 3111 1168 Augustinum
3147 1100 3162 1147 ε
3199 1084 3470 1166 ideoque

362 1187 461 1260 lis,
504 1186 589 1249 ab
638 1186 1031 1269 intelligibili
1074 1186 1264 1249 domo
1305 1185 1533 1249 animae
1568 1184 1855 1247 artificis.
1971 1186 2287 1269 quidquid
2318 1185 2514 1248 Patris
2543 1192 2660 1261 est,
2695 1185 2986 1268 splendet
3016 1184 3081 1246 in
3115 1182 3290 1245 Filio.
3326 1182 3469 1245 Pro-

361 1286 641 1348 Verbum
674 1294 889 1349 autem
930 1286 1040 1348 Dei
1081 1292 1487 1366 comparatur
1526 1285 1605 1346 ad
1647 1284 1860 1347 dicen·
1974 1294 2192 1369 pterea
2249 1285 2408 1347 dicit
2464 1285 2660 1347 Filius
2721 1302 2736 1345 ε
2796 1283 3020 1347 Omnia
3079 1301 3220 1364 quae
3279 1279 3470 1343 habet
3494 1294 3763 1345 mmm,

360 1392 491 1447 tem
520 1385 693 1447 sicut
728 1385 806 1446 ad
848 1384 1240 1467 principium
1285 1403 1322 1446 a
1362 1400 1491 1466 quo
1535 1382 1820 1465 procedit
1842 1401 1858 1461 3
1972 1385 2172 1458 Pater,
2209 1402 2350 1447 mea
2381 1390 2549 1446 sunt.
2586 1383 2760 1457 Quod
2792 1389 3003 1445 autem
3037 1380 3314 1443 Verbum
3355 1378 3466 1441 Dei
3499 1359 3565 1400 ¹⁵·

362 1482 469 1545 sed
536 1483 619 1545 ad
678 1502 781 1545 res
840 1488 1103 1555 creataS,
1165 1500 1435 1565 quarum
1496 1481 1707 1563 ipsum
1765 1486 1865 1542 est

1973 1490 2398 1564 congruenter
2426 1481 2786 1564 appelletur
2824 1480 2934 1543 Dei
2975 1478 3192 1552 Filius,
3227 1476 3470 1540 induci-

361 1581 611 1664 species
660 1590 727 1644 et
774 1582 957 1655 ratio,
996 1588 1405 1663 comparatur
1448 1580 1615 1643 sicut
1661 1580 1739 1642 ad
1788 1598 1863 1642 ea
1972 1590 2094 1645 tur.
2129 1581 2287 1644 Nam
2329 1581 2499 1664 quod
2545 1581 2608 1641 in
2653 1578 3017 1641 viventibus
3062 1576 3350 1661 procedit
3390 1576 3469 1639 ab

361 1698 637 1762 quorum
668 1689 768 1743 est
798 1680 1013 1762 ipsum
1056 1678 1291 1741 fontale
1324 1678 1735 1761 principium.
1773 1676 1863 1741 Si·
1972 1678 2099 1742 alio
2140 1680 2206 1742 in
2247 1677 2672 1741 similitudine
2717 1676 2976 1759 speciei,
3018 1676 3254 1739 dicitur
3297 1673 3472 1737 silius

366 1778 661 1842 militudo
692 1779 957 1861 insuper
999 1797 1139 1860 quae
1182 1778 1445 1841 alterius
1488 1776 1863 1860 productiva
1976 1778 2168 1840 illius.
2203 1777 2484 1839 Verbum
2518 1784 2730 1839 autem
2767 1775 2876 1838 Dei
2909 1774 3198 1856 ejusdem
3231 1779 3473 1835 naturae

361 1884 477 1951 est,
522 1878 783 1959 proprie
833 1876 1069 1939 dicitur
1116 1876 1443 1958 exemplar
1490 1876 1703 1953 illius3
1750 1876 1859 1937 sed
1899 1875 1942 1937 B
1973 1884 2069 1940 est
2099 1895 2246 1938 cum
2281 1875 2604 1947 dicente,a
2634 1892 2760 1956 quo
2789 1873 3160 1936 naturaliter
3187 1879 3468 1935 emanat:

363 1977 571 2057 imago
631 1975 1089 2038 convenienter
1153 1974 1389 2036 dicitur
1444 1974 1583 2054 ejus
1642 1992 1677 2035 a
1735 1991 1862 2055 quo
1973 1975 2295 2058 processio
2347 1974 2522 2036 enim
2571 1972 2694 2035 filii
2745 1992 2782 2034 a
2830 1980 3028 2054 patre,
3074 1971 3138 2033 in
3187 1968 3474 2053 qualibet

1972 2080 2198 2135 natura
2239 2070 2546 2136 naturalis
2589 2078 2704 2134 est.

360 2073 670 2157 procedit„

442 2172 623 2235 Nunc
670 2171 866 2252 igitur
909 2171 1270 2243 innotescit,
1304 2170 1473 2252 quod
1516 2169 1719 2233 divini
1768 2170 1862 2232 in-

362 2270 659 2333 tellectus
688 2269 967 2332 Verbum
1002 2270 1087 2331 sit
1116 2269 1324 2351 imago
1352 2268 1625 2331 dicentis
1655 2276 1718 2332 et
1756 2288 1862 2331 ex-

92 2398 117 2425 0
178 2397 207 2425 a
242 2398 273 2433 ι.
317 2368 613 2451 .emplar
680 2375 1142 2430 creaturarum.
1213 2366 1439 2430 Omnia
1506 2367 1679 2430 enim
1748 2386 1863 2448 per

74 2975 184 3017 thid.
216 2980 257 3025 ³,
284 2978 329 3017 t.

96 4342 193 4385 Colo

74 4408 128 4447 15.

362 2467 579 2550 ipsum
610 2466 777 2528 sacta
814 2473 985 2527 sunt.
1020 2465 1124 2528 Sic
1168 2465 1409 2548 quippe
1450 2464 1530 2527 ab
1570 2464 1865 2546 Augusti-

360 2582 447 2628 no
488 2565 735 2628 dictum
780 2570 899 2637 est,
940 2564 1111 2647 quod
1155 2564 1265 2646 qui
1310 2574 1501 2645 negat
1550 2564 1862 2626 mundum

358 2663 803 2747 archetypum,
866 2671 1055 2744 negat
1108 2662 1219 2725 Dei
1278 2662 1531 2725 Filium.
1582 2661 1863 2725 Verbum

360 2763 537 2825 enim
568 2769 666 2824 est
694 2760 855 2823 ratio
886 2779 999 2843 per
1029 2780 1219 2843 quam
1252 2761 1417 2823 sacta
1446 2768 1597 2823 sunt
1626 2760 1861 2835 omnia,

360 2859 907 2943 quemadmodum
950 2859 1013 2921 in
1051 2859 1386 2940 evangelio
1412 2859 1669 2922 Joannis
1708 2859 1865 2921 dici-

360 2967 467 3021 tur
510 2976 523 3019 :
569 2957 745 3031 Quod
791 2956 1029 3019 factum
1074 2964 1193 3029 est,
1242 2957 1307 3019 in
1354 2958 1495 3038 ipso
1536 2957 1666 3019 vita
1708 2966 1859 3020 erat.

2055 2169 2364 2252 Denique,
2426 2170 2490 2231 in
2549 2168 2958 2251 generatione
3021 2165 3222 2229 divini
3281 2164 3470 2228 Verbi

1974 2268 2163 2330 simul
2192 2276 2257 2330 et
2287 2268 2453 2331 idem
2483 2274 2630 2329 sunt
2662 2265 2996 2348 conceptio
3027 2272 3090 2329 et
3117 2264 3468 2347 parturitio.

1975 2366 2141 2429 Deus
2199 2366 2372 2429 enim
2442 2372 2540 2429 est
2593 2370 2772 2427 actus
2831 2382 3052 2446 puruS,
3105 2380 3361 2444 semper
3405 2381 3473 2424 se

1973 2464 2310 2527 actualiter
2357 2462 2906 2546 comprehendens
2954 2478 2968 2523 τ
3019 2461 3288 2544 ideoque
3331 2460 3472 2541 ejus

1973 2562 2254 2625 Verbum
2285 2562 2344 2625 ei
2375 2561 2748 2625 coaeternale
2778 2567 2892 2623 est.
2929 2560 3006 2622 Et
3033 2560 3126 2621 sic
3155 2578 3191 2621 a
3221 2559 3472 2623 dicente

1978 2661 2376 2744 procedit,ut
2404 2669 2616 2723 tamen
2662 2661 2723 2722 in
2756 2677 2832 2723 eo
2865 2666 3116 2721 maneat
3159 2658 3222 2720 in
3271 2658 3472 2721 unita-

1977 2767 2037 2821 te
2080 2767 2340 2822 naturae.
2379 2759 2514 2833 Quo
2543 2758 2716 2821 enim
2757 2764 2983 2820 natura
3025 2756 3239 2838 aliqua
3288 2755 3474 2818 altior

1976 2858 2192 2931 fuerit,
2225 2876 2300 2921 eo
2329 2858 2470 2940 ejus
2501 2856 2784 2939 operatio
2815 2856 3106 2918 intimior
3142 2861 3261 2929 est,
3293 2862 3358 2916 et
3395 2855 3472 2915 ad

1968 2976 2043 3021 se
2076 2957 2280 3039 ipsam
2313 2956 2566 3039 plenius
2599 2972 2924 3017 conversa.
2951 2954 3107 3016 Nam
3141 2952 3206 3015 in
3239 2960 3474 3015 cetera-

356 3058 491 3119 Hoc
521 3056 599 3118 de
631 3055 789 3117 Filio
822 3054 1310 3136 intelligendum
1346 3064 1444 3117 est
1473 3055 1592 3116 hoc
1626 3056 1813 3118 modo
1848 3076 1861 3119 ε
1897 3053 1939 3117 C
1976 3074 2118 3118 rum
2161 3054 2586 3136 potentiarum
2628 3052 3204 3134 cognoscitivarum
3242 3050 3476 3115 ordini-

356 3154 539 3228 Quod
589 3152 831 3215 iactum
880 3160 996 3228 est,
1046 3152 1109 3215 id
1156 3158 1255 3215 est
1300 3154 1511 3216 omnis
1551 3162 1863 3229 creatura,

1978 3153 2119 3226 buS,
2173 3153 2346 3215 solus
2393 3152 2757 3215 intellectus
2805 3158 2902 3213 est
2949 3150 3027 3212 ad
3078 3168 3146 3213 se
3197 3149 3470 3223 rediens,

355 3260 496 3316 erat
540 3252 671 3314 vita
714 3252 777 3313 in
824 3252 986 3334 ipso,
1022 3249 1086 3313 id
1131 3260 1227 3313 est
1272 3252 1338 3312 in
1380 3250 1606 3314 Verbo.
1643 3250 1867 3314 Omnia
1976 3258 2202 3332 utputa
2231 3258 2295 3313 et
2323 3268 2392 3313 se
2422 3257 2486 3312 et
2515 3268 2703 3313 suum
2737 3257 2951 3310 actum
2995 3254 3411 3328 conspectans
3455 3266 3468 3309 z

355 3350 535 3413 enim
567 3358 715 3412 sunt
746 3350 811 3411 in
833 3349 1041 3413 Verbo
1071 3348 1385 3431 cognitive
1415 3356 1478 3412 et
1508 3350 1860 3412 causaliter.

352 3450 837 3521 Verumtamen,
859 3448 1163 3531 quoniam
1196 3448 1257 3511 id
1290 3449 1458 3530 quod
1494 3448 1555 3509 in
1589 3447 1715 3510 alio
1744 3456 1861 3522 est,

353 3554 459 3609 est
525 3546 590 3607 in
658 3563 734 3608 eo
792 3563 921 3609 non
980 3546 1335 3609 secundum
1399 3546 1660 3608 modum
1722 3564 1865 3629 pro-

356 3645 600 3728 prium,
661 3643 773 3705 sed
834 3642 1051 3723 illius3
1102 3643 1383 3706 Verbum
1451 3651 1664 3706 autem
1725 3645 1859 3717 Dei,

352 3743 599 3806 nedum
650 3742 877 3805 vivens
924 3748 1042 3815 est,
1096 3742 1207 3804 sed
1254 3742 1449 3803 etiam
1498 3743 1625 3804 vita
1662 3758 1675 3803 :
1711 3742 1863 3803 hinc

352 3841 577 3905 omnia
625 3848 775 3904 sunt
827 3840 892 3901 in
942 3839 1151 3903 Verbo
1201 3839 1501 3913 vitaliter,
1555 3840 1685 3903 imo
1732 3840 1863 3902 vita

351 3958 543 4022 pura,
592 3956 671 4002 eo
729 3939 899 4021 quod
947 3936 1231 4000 Verbum
1290 3938 1373 4000 sit
1432 3938 1561 3999 vita
1620 3938 1865 4020 simpli-

349 4038 635 4101 cissima.

440 4137 651 4209 Porro,
694 4136 865 4217 quod
903 4134 1186 4198 Verbum
1233 4133 1341 4196 Dei
1386 4132 1469 4195 sit
1518 4133 1727 4215 imago
1770 4133 1861 4196 di-

1973 3350 2143 3431 quod
2189 3349 2366 3411 visus
2409 3347 2674 3411 efficere
2719 3348 2962 3430 nequit,
2997 3365 3204 3429 neque
3249 3365 3474 3409 sensus

1972 3446 2226 3530 aliquis.
2279 3446 2490 3509 Divini
2541 3464 2690 3527 ergo
2731 3446 3092 3509 intellectus
3128 3445 3296 3508 actio
3346 3464 3474 3507 ma-

1974 3545 2145 3607 xime
2189 3546 2562 3609 conversiva
2600 3552 2696 3607 est
2733 3553 2797 3608 et
2843 3546 3222 3608 immanens.
3257 3543 3474 3627 Neque

1974 3642 2344 3707 substantiae
2390 3644 2696 3706 unitatem
2743 3642 2999 3717 scindit,
3043 3662 3250 3724 neque
3295 3651 3474 3705 natu·

1975 3761 2057 3805 rae
2102 3741 2500 3805 identitatem
2539 3741 2726 3815 tollit,
2769 3742 2878 3805 sed
2931 3748 3146 3804 manet
3192 3739 3474 3803 Verbum

1974 3839 2514 3903 consubstantiale
2570 3839 2830 3913 dicenti,
2883 3840 2949 3901 in
2997 3857 3250 3901 summa
3299 3838 3473 3902 vide—

1975 3938 2123 3999 licet
2163 3938 2572 4019 simplicitate
2611 3955 2990 4000 conversum
3033 3938 3112 3999 ad
3157 3937 3221 3999 id
3265 3956 3302 3999 a
3346 3956 3473 4020 quo

1973 4043 2246 4097 emanat.
2281 4036 2414 4098 Non
2455 4043 2551 4097 est
2589 4035 2828 4097 etenim
2869 4034 2934 4096 in
2974 4033 3212 4097 divinis
3253 4035 3472 4097 distin-

1972 4133 2099 4196 ctio
2133 4134 2255 4195 nisi
2293 4133 2577 4203 relativa,
2612 4152 2753 4215 quae
2784 4150 3086 4214 personas
3118 4134 3466 4196 constituit.

349 4235 589 4310 centiS‚
630 4234 721 4297 ait
766 4234 1127 4317 Apostolus,
1180 4233 1332 4295 dum
1382 4234 1489 4306 ait,
1530 4233 1609 4295 de
1656 4233 1863 4296 Verbo
1894 4234 1941 4295 D
1974 4232 2050 4294 Et
2090 4232 2245 4293 dum
2277 4232 2444 4293 Deus
2475 4231 2654 4293 Pater
2682 4231 2962 4294 Verbum
3005 4231 3308 4314 concipit,
3342 4249 3470 4294 non

194 4358 254 4388 τε.
290 4360 321 4395 ι,
352 4335 653 4415 loquenS,
705 4334 877 4415 quod
926 4333 1009 4394 sit
1058 4331 1269 4414 imago
1327 4331 1671 4393 invisibilis
1726 4332 1857 4395 Dei.

350 4432 487 4497 Sed
517 4432 819 4513 quoniam
860 4431 925 4493 in
958 4432 1086 4493 Deo
1114 4430 1409 4493 accidens
1444 4449 1583 4493 esse
1615 4432 1860 4513 nequit,

346 4531 407 4594 si
464 4529 743 4593 Verbum
795 4528 906 4591 Dei
954 4536 1053 4591 est
1110 4528 1319 4609 imago
1375 4528 1591 4600 PatriS,
1650 4528 1861 4610 palam

342 4628 527 4712 quod
558 4627 640 4689 sit
670 4626 879 4707 imago
906 4625 1275 4689 substantiae
1308 4625 1857 4708 paternalis.Quod

342 4727 551 4790 etiam
582 4724 841 4787 aliunde
886 4732 1101 4806 patere
1142 4730 1367 4805 potest.
1404 4723 1639 4787 Sensus
1684 4743 1857 4786 nam-

342 4842 485 4907 que
522 4830 587 4886 et
623 4821 989 4885 intellectus
1030 4821 1094 4883 in
1146 4822 1265 4884 hoc
1314 4820 1646 4895 differunt,
1688 4822 1857 4904 quod

340 4940 583 4985 sensus
613 4938 739 4982 non
772 4920 1031 5001 quidem
1064 4919 1379 4993 essentiae,
1414 4920 1524 4981 sed
1568 4918 1859 4981 acciden-

342 5022 519 5083 tium
550 5018 879 5081 dumtaxat
908 5016 1378 5098 cognoscitivus
1409 5024 1508 5080 est
1540 5034 1553 5079 :
1588 5016 1860 5099 ideoque

339 5117 604 5203 species
635 5135 763 5199 qua
792 5116 1136 5196 cognoscit,
1171 5133 1297 5179 non
1332 5115 1724 5189 substantiae,
1748 5116 1859 5179 sed

340 5215 789 5281 accidentium
850 5213 1057 5296 imago
1116 5222 1231 5277 est.
1285 5214 1651 5277 Intellectus
1710 5232 1860 5277 vero

341 5314 585 5381 intima
622 5320 933 5398 penetrat,
964 5320 1029 5377 et
1066 5312 1431 5377 essentialia
1469 5313 1859 5397 contempla-

1974 4338 2067 4393 est
2100 4329 2378 4392 Verbum
2412 4329 2552 4410 ejus
2583 4330 2790 4392 adhuc
2824 4329 3276 4411 imperfectum
3307 4330 3475 4393 sicut

1974 4429 2037 4491 in
2092 4428 2404 4491 materiali
2458 4436 2801 4510 generante
2846 4446 2859 4490 :
2905 4428 3015 4491 ubi
3058 4435 3202 4512 post
3249 4448 3471 4492 conce-

1976 4526 2256 4609 ptionem
2313 4527 2388 4589 rit
2435 4527 2677 4600 dilatio,
2725 4534 3038 4610 quatenus
3085 4528 3148 4589 id
3193 4528 3362 4609 quod
3408 4528 3468 4589 in

1972 4632 2151 4688 utero
2183 4625 2474 4687 clausum
2503 4632 2600 4688 est
2629 4633 2693 4687 et
2724 4624 3170 4708 imperfectum
3200 4625 3470 4697 exsistit,

1971 4743 2086 4806 per
2117 4724 2382 4787 localem
2407 4742 2735 4805 egressum
2771 4724 3180 4805 parturiatur,
3206 4731 3277 4785 ut
3309 4723 3372 4785 in
3405 4742 3472 4785 se

1972 4822 2111 4903 ipso
2163 4821 2443 4904 perfecte
2493 4822 2814 4884 subsistat.
2866 4822 3210 4903 Conceptio
3255 4828 3470 4884 autem

1972 4919 2396 5001 intelligibilis
2447 4919 2649 4993 verbi,
2703 4928 2766 4982 et
2813 4920 3165 5001 praesertim
3223 4919 3466 4994 aeterni,

1971 5018 2139 5100 quod
2171 5026 2265 5080 est
2297 5018 2650 5081 subsistens
2693 5036 2982 5100 persona,
3017 5036 3143 5080 non
3183 5025 3283 5080 est
3320 5036 3464 5080 cum

1970 5124 2145 5179 motu
2182 5126 2244 5179 et
2274 5118 2702 5189 successione,
2737 5116 2848 5179 sed
2889 5116 3082 5179 simul
3123 5117 3277 5180 dum
3321 5102 3480 5180 con-⁵

1970 5216 2208 5298 cipitur
2238 5215 2549 5289 subsistit,
2583 5223 2646 5279 et
2677 5215 2829 5277 dum
2863 5216 3213 5298 parturitur
3241 5216 3464 5278 distin-

1972 5321 2147 5376 ctum
2207 5320 2322 5377 est.
2377 5314 2740 5390 Enimvero,
2795 5314 2858 5377 in
2918 5314 3155 5378 carnali
3204 5332 3465 5397 genera-
