4300 6259
521 1676 593 1732 Cs.
612 1680 644 1720 t.
661 1673 786 1726 xxu,

517 1753 562 1792 p.
576 1741 628 1781 66
646 1737 705 1789 D',
717 1741 788 1785 tin.

519 1804 542 1843 7
561 1807 606 1846 ct
619 1815 657 1847 ι.

520 4720 630 4776 Sap.
645 4734 702 4773 ix,
719 4724 782 4765 le.

809 476 889 545 ⁷2

811 670 1209 753 superiorem
1241 678 1305 734 et
1335 670 1726 745 inferiorem,
1746 689 1823 734 ex
1855 669 2135 733 motione
2165 668 2305 750 ejus
2335 666 2388 731 A
2417 676 2481 733 et
2537 670 2871 733 individua
2930 688 2945 733 :

2418 768 2613 849 Cujus
2644 770 2932 852 opinioni
2963 769 3217 833 obsistit
3246 771 3416 853 quod
3448 770 3717 851 legitur:
3752 766 3908 832 Coeli
3944 786 4213 897 gotum.

811 786 940 832 non
980 769 1272 852 sequitur
1313 788 1587 833 vacuum
1628 787 1835 851 neque
1874 768 2119 843 scissio,
2151 785 2307 849 quo-

809 868 985 931 niam
1031 868 1410 952 superficies
1455 868 1658 933 ambae
1700 876 1847 931 sunt
1887 868 2309 931 concentricae

810 966 1280 1049 superficiebus
1325 968 1489 1030 intra
1527 985 1684 1049 quas
1725 967 2084 1030 continetur
2121 973 2308 1047 atque

812 1074 1104 1129 movetur
1135 1083 1161 1141 ,z
1205 1066 1426 1148 sicque
1458 1066 1640 1128 stella
1679 1065 1812 1128 fixa
1857 1065 1921 1128 in
1965 1071 2142 1147 parte
2183 1083 2309 1127 una

809 1163 1002 1243 hujus
1035 1164 1402 1237 deferentiS,
1437 1164 1818 1246 quandoque
1858 1164 1980 1226 erit
2019 1164 2083 1225 in
2122 1180 2305 1243 auge,

809 1261 1065 1344 quando
1107 1261 1406 1324 videlicet
1451 1281 1595 1344 pars
1641 1262 1705 1323 in
1751 1281 1876 1343 qua
1919 1269 2034 1335 est,
2068 1261 2308 1323 directe

809 1360 1265 1441 superponitur
1310 1360 1471 1442 parti
1517 1360 1807 1442 spissiori
1847 1360 2170 1422 inferioris
2216 1377 2309 1421 re-

811 1458 1152 1531 volventis,
1188 1466 1253 1521 et
1293 1458 1678 1541 supponitur
1708 1459 1870 1540 parti
1905 1458 2119 1520 minus
2149 1458 2310 1539 spis-

813 1575 898 1618 sae
927 1557 1276 1639 superioris
1309 1556 1730 1620 revolventis:
1752 1557 1902 1639 quia
1931 1564 2085 1618 tunc
2119 1556 2313 1618 maxi·

819 1674 922 1717 me
964 1673 1001 1716 a
1043 1662 1262 1718 centro
1304 1662 1488 1717 terrae
1529 1655 1808 1717 distabit.

899 1754 1186 1836 Insuper,
1232 1773 1432 1835 quum
1484 1753 1830 1815 Mercurius
1877 1751 2104 1815 habeat
2141 1752 2313 1815 defe-

1356 498 1779 547 ELEuEN'rATlo
1822 497 2277 547 rmLOSOPmGA.
2322 514 2403 527 -
2444 498 2525 544 DE
2566 497 2935 547 conromlms
2976 499 3365 548 coems'rmus

3006 691 3149 754 quae
3206 679 3272 736 et
3325 671 3547 737 retulit
3608 670 3905 733 animata.

2416 867 2787 931 solidissimi
2830 876 2979 931 sunt
3021 870 3201 951 quasi
3232 888 3355 934 aere
3396 869 3545 932 fusi.

2775 1078 3296 1145 PROPOSITIO
3344 1079 3553 1144 LVII.

2499 1264 2724 1329 Varii
2775 1278 2867 1330 ac
2926 1264 3292 1330 distincti
3340 1265 3528 1331 sunt
3584 1263 3918 1330 effectus

2421 1361 2869 1427 coelestium
2897 1360 3211 1428 orbium
3240 1362 3917 1442 luminariumque

2421 1474 2719 1528 florum.

2501 1557 2677 1630 Quod
2708 1564 2825 1629 est,
2858 1557 3160 1638 quoniam
3196 1556 3568 1638 peritissimi
3612 1557 3920 1640 expertis-

2421 1656 2699 1737 simique
2745 1663 3255 1718 astronomorum
3304 1656 3628 1738 principes
3672 1675 3745 1719 ac
3790 1675 3921 1719 ma-

2422 1754 2625 1835 gistri,
2675 1772 2789 1835 per
2825 1754 3263 1835 experimenta
3308 1762 3372 1816 et
3414 1754 3719 1817 exercitia
3756 1755 3921 1817 mul-

820 1868 965 1913 rens
997 1851 1182 1931 cujus
1214 1858 1504 1914 centrum
1542 1858 1851 1923 movetur,
1885 1857 1949 1913 et
1979 1868 2103 1913 non
2145 1850 2314 1911 circa
2350 1855 2396 1918 B
2422 1860 2486 1915 ta
2514 1871 2587 1914 ac
2618 1852 2919 1914 diuturna
2951 1859 3327 1934 repererunt
3356 1860 3649 1934 oportere
3680 1869 3922 1933 ponere

817 1957 1075 2021 terram,
1109 1956 1181 2011 ut
1210 1956 1500 2011 centrum
1536 1949 1722 2021 lunae,
1757 1948 1865 2011 sed
1899 1967 1975 2010 ex
2019 1967 2141 2010 una
2173 1967 2313 2028 par-

815 2055 878 2110 te
910 2046 1328 2109 describendo
1360 2046 1671 2108 circulum
1708 2065 1998 2128 parvum,
2032 2054 2103 2108 ut
2143 2054 2315 2127 patet

817 2144 881 2206 in
914 2144 1281 2225 Almagesti‚
1324 2145 1734 2207 distinctione
1778 2152 1990 2223 sexta3
2023 2145 2314 2226 sequitur

814 2243 985 2325 quod
1045 2242 1216 2305 orbis
1275 2242 1619 2306 deferentis
1681 2244 2124 2305 concentricus
2185 2260 2310 2305 non

815 2341 896 2404 sit
960 2340 1457 2414 revolventibuS,
1518 2358 1819 2423 supremo
1885 2340 2185 2403 videlicet
2249 2349 2313 2403 et

815 2438 1045 2502 infimo
1087 2430 1111 2500 't
1164 2438 1402 2501 idcirco
1459 2446 1556 2501 est
1614 2438 1702 2500 ibi
1763 2456 1999 2520 ponere
2062 2438 2138 2499 ad
2201 2440 2314 2500 mi-

813 2558 936 2599 nus
988 2544 1262 2619 quatuor
1316 2536 1502 2599 orbes
1562 2537 1960 2600 revolventes
2014 2544 2078 2599 et
2131 2538 2313 2619 quin-

812 2644 946 2698 tum
1015 2636 1432 2699 deferentem.
1504 2636 1638 2699 Imo
1703 2642 1768 2698 et
1836 2643 2063 2717 praeter
2133 2636 2307 2709 istOS,

811 2741 1062 2817 oportet
1111 2734 1432 2816 epicyclos
1495 2751 1752 2816 ponere,
1805 2734 1917 2815 qui
1977 2752 2104 2797 non
2164 2742 2314 2796 sunt

810 2831 998 2895 orbes
1059 2832 1272 2913 magni
1341 2840 1572 2895 terram
1642 2831 2137 2905 circumdanteS‚
2198 2833 2309 2894 sed

812 2931 989 3014 parvi
1039 2930 1226 2993 orbes
1275 2930 1488 2993 situati
1549 2931 1614 2991 in
1665 2930 2083 2993 determinata
2135 2940 2312 3012 parte

2423 1950 2657 2014 coelum
2701 1949 3143 2032 crystallinum
3187 1968 3299 2011 seu
3344 1969 3645 2033 aqueum,
3688 1951 3922 2013 deinde

2422 2048 2655 2112 coelum
2688 2048 3235 2129 stellatum,atque
3266 2047 3386 2111 sub
3418 2047 3529 2110 illo
3556 2056 3799 2129 septem
3827 2066 3927 2110 or-

2421 2147 2534 2209 bes
2568 2146 2983 2229 planetarum.
3019 2146 3319 2220 Quamvis
3362 2164 3640 2227 namque
3682 2146 3925 2210 theolo-

2424 2247 2484 2326 gi
2519 2246 2803 2327 quidam,
2835 2245 3032 2326 aliqui
3066 2262 3322 2327 quoque
3352 2245 3673 2325 astrologi,
3705 2246 3919 2307 testati

2424 2344 2554 2407 sint
2580 2344 3087 2416 firmamentum,
3122 2344 3241 2407 hoc
3272 2351 3367 2406 est
3399 2344 3711 2425 sphaeram
3754 2352 3925 2407 octa-

2424 2462 2592 2515 vam,
2626 2462 2767 2524 quae
2802 2443 3039 2505 dicitur
3087 2442 3322 2506 coelum
3372 2442 3719 2515 stellatum,
3766 2462 3919 2506 cum

2424 2548 2668 2623 septem
2698 2539 2962 2602 orbibus
2996 2540 3394 2623 planetarum
3428 2540 3505 2603 ad
3538 2539 3921 2604 inferiorum

2423 2639 2907 2721 productionem
2959 2638 3283 2712 sufficere,
3338 2638 3778 2702 rationabilius
3826 2646 3921 2701 ta-

2425 2756 2571 2799 men
2629 2744 2885 2800 tenetur
2932 2754 3167 2799 nonam
3217 2737 3408 2799 etiam
3463 2738 3775 2821 sphaeram
3828 2756 3921 2800 re-

2422 2836 2613 2917 quiri.
2658 2836 2967 2916 Apertum
3013 2843 3110 2897 est
3157 2835 3330 2897 enim
3377 2836 3443 2897 in
3493 2836 3653 2899 coelo
3694 2843 3922 2899 octavo

2421 2934 2747 3014 duplicem
2799 2952 2939 2996 esse
2992 2940 3233 2995 motum
3281 2950 3295 2995 ε
3340 2952 3540 2995 unum
3588 2934 3917 3007 diurnum,

811 3028 1068 3091 orbium
1129 3028 1668 3091 circumdantium
1726 3036 2003 3101 terram;
2055 3037 2120 3091 et
2166 3030 2307 3103 hoc,
2347 3036 2390 3099 C
2421 3030 2501 3093 ab
2545 3030 2790 3093 oriente
2836 3030 2899 3091 in
2944 3030 3386 3108 occidentem;
3426 3030 3622 3092 alium
3671 3030 3919 3092 lentum

812 3127 1116 3210 quoniam
1164 3127 1367 3207 major
1414 3134 1510 3189 est
1556 3127 1826 3190 elevatio
1871 3126 2068 3190 stellae
2117 3147 2313 3210 quan-

812 3225 1023 3307 doque
1083 3244 1275 3306 quam
1338 3224 1494 3287 alias
1558 3242 1572 3286 :
1633 3244 1776 3307 quae
1841 3225 2110 3289 elevatio
2172 3245 2311 3289 esse

814 3323 1039 3404 nequit
1085 3342 1162 3386 ex
1213 3322 1348 3385 solo
1398 3322 1748 3386 deferente.
1797 3322 1994 3385 Statio
2045 3323 2198 3385 item
2248 3332 2313 3385 et

815 3420 1270 3501 retrogradatio
1323 3419 1578 3483 facilius
1635 3420 1960 3483 salvantur
2009 3440 2122 3503 per
2180 3422 2310 3503 epi-

815 3519 1086 3602 cyclum.
1123 3519 1356 3581 Verum
1389 3519 1703 3601 quidquid
1733 3520 1818 3581 sit
1860 3520 1938 3581 de
1976 3520 2306 3603 epicycliS,

817 3617 962 3680 coeli
1006 3616 1276 3679 mobiles
1315 3625 1545 3680 terram
1590 3617 2081 3692 circumdanteS,
2122 3628 2313 3682 erunt

815 3715 892 3777 ad
925 3715 1137 3778 minus
1169 3715 1395 3796 viginti
1426 3715 1734 3798 quinque,
1761 3716 2077 3789 videlicet,
2112 3717 2313 3798 vigin-

816 3814 863 3876 ti
905 3822 1032 3876 tres
1074 3813 1495 3895 planetarum,
1529 3822 1592 3876 et
1632 3820 1859 3896 praeter
1900 3815 2042 3889 hoc,
2075 3815 2309 3878 coelum

813 3921 1110 3976 octavum
1149 3920 1214 3974 et
1255 3912 1488 3975 coelum
1533 3931 1794 3975 nonum.
1829 3913 2150 3977 Postremo
2193 3933 2314 3978 coe-

817 4012 948 4074 lum
995 4029 1122 4074 non
1163 4018 1370 4094 potest
1409 4011 1631 4074 cedere
1661 4012 1881 4085 stellae,
1917 4012 2084 4073 sicut
2111 4031 2219 4074 aer
2250 4020 2313 4075 et

813 4110 980 4190 ignis
1023 4108 1214 4172 rebus
1259 4127 1374 4191 per
1413 4109 1584 4189 ipsos
1617 4111 1804 4172 motis
1839 4127 1853 4171 ε
1889 4129 2088 4191 quum
2121 4127 2311 4172 omne

2421 3136 2485 3191 et
2522 3128 2981 3209 longiturnum,
3017 3129 3123 3209 qui
3173 3145 3399 3207 magno
3440 3128 3505 3189 in
3544 3145 3711 3191 anno
3749 3145 3921 3191 com-

2422 3228 2653 3309 pletur.
2710 3226 3017 3289 Similiter
3076 3228 3141 3289 in
3201 3227 3601 3309 planetarum
3650 3226 3917 3290 orbibus

2420 3343 2493 3387 ac
2540 3325 2807 3406 planetis
2854 3324 3011 3386 varii
3060 3332 3271 3387 motus
3312 3332 3481 3397 sunt,
3515 3344 3633 3387 nec
3670 3334 3920 3407 queunt

2420 3422 2629 3484 eidem
2677 3421 2959 3503 simplici
3005 3422 3255 3504 corpori
3292 3422 3374 3485 ab
3414 3424 3636 3487 eodem
3672 3431 3915 3487 motore

2422 3519 2726 3582 uniformi
2757 3521 2857 3600 (ut
2887 3519 3116 3600 fertur)
3155 3520 3381 3584 inesse.
3416 3521 3730 3596 Secundo,
3762 3522 3917 3603 quia

2424 3637 2621 3701 quum
2654 3618 2888 3682 coelum
2930 3618 3251 3681 stellatum
3288 3620 3371 3681 sit
3405 3626 3579 3681 tanta
3612 3620 3915 3683 varietate

2422 3717 2748 3779 stellarum
2802 3724 3118 3789 ornatum,
3170 3726 3429 3800 tamque
3482 3717 3803 3781 diversum
3848 3717 3911 3779 in

2422 3815 2731 3898 partibus,
2782 3814 3061 3877 motibus
3113 3823 3177 3876 et
3225 3814 3705 3897 operationibus
3756 3816 3911 3887 suiS‚

2421 3930 2547 3975 non
2579 3913 2885 3976 condecet
2920 3912 3129 3995 ipsum
3162 3914 3468 3975 exsistere
3508 3913 3744 3977 mobile
3789 3914 3914 3996 pri-

2424 4030 2622 4083 mum,
2657 4011 2826 4092 quod
2866 4029 3011 4072 cum
3046 4011 3253 4092 primo
3297 4020 3537 4074 motore
3568 4012 3912 4095 specialem

2420 4108 2607 4172 debet
2636 4109 3147 4172 convenientiam
3189 4110 3511 4190 possidere
3554 4110 3618 4172 in
3658 4128 3773 4174 suo
3808 4128 3915 4191 ge-

814 4226 1046 4290 corpus
1096 4206 1469 4270 naturaliter
1517 4206 2024 4288 incorruptibile,
2073 4208 2157 4269 sit
2204 4228 2309 4270 na·
2339 4212 2388 4273 D
2421 4226 2594 4282 nere,
2615 4208 2680 4268 in
2711 4207 3141 4289 simplicitate,
3169 4207 3622 4285 uniformitate,
3647 4216 3819 4273 motu
3852 4218 3920 4273 et

814 4305 1103 4368 turaliter
1132 4304 1546 4366 indivisibile.
1580 4339 1661 4348 —
1688 4303 1832 4367 Haec
1863 4303 2104 4367 Scotus.

897 4404 987 4466 Ex
1046 4402 1282 4486 quibus
1340 4402 1595 4465 elicitur
1651 4409 1887 4483 quanta
1933 4403 2016 4465 sit
2063 4404 2309 4485 opinio·

817 4522 974 4564 num
1021 4502 1292 4565 varietas
1343 4501 1407 4563 in
1461 4501 1580 4563 ista
1629 4501 1909 4575 materia,
1962 4522 2103 4584 quae
2153 4502 2310 4565 citra

815 4600 1268 4663 certitudinem
1326 4607 1439 4661 est.
1500 4600 1628 4662 Nec
1687 4599 1920 4662 mirum
1981 4608 2098 4675 est,
2160 4602 2310 4683 quia

812 4700 914 4780 (ut
952 4699 1262 4781 scriptum
1302 4707 1397 4762 est
1435 4699 1774 4781 Sapientiae
1811 4700 2008 4780 nono)
2036 4700 2308 4765 difficile

811 4798 1181 4861 invenimus
1211 4817 1354 4879 quae
1385 4798 1450 4860 in
1483 4805 1649 4861 terra
1685 4806 1834 4861 sunt
1861 4816 1878 4877 ;
1913 4818 2054 4881 quae
2090 4807 2305 4863 autem

810 4896 876 4959 in
923 4896 1086 4960 coelo
1129 4904 1300 4971 sunt,
1346 4897 1490 4978 quis
1541 4896 1994 4978 investigabit?
2034 4896 2112 4960 At
2156 4916 2307 4961 vero

807 4994 1000 5069 Plat0‚
1051 4995 1160 5077 qui
1221 4995 1382 5057 dixit
1438 4994 1652 5057 stellas
1713 4996 1955 5058 moveri
2014 4996 2079 5057 in
2143 4996 2305 5060 coelo

807 5095 975 5156 sicut
1026 5100 1317 5157 movetur
1364 5093 1559 5175 piscis
1611 5093 1674 5155 in
1730 5094 1911 5166 mari,
1957 5101 2020 5156 et
2068 5095 2305 5158 coelum

805 5199 993 5266 stare,
1049 5192 1342 5254 concedit
1392 5192 1574 5273 quasi
1625 5192 2121 5255 innumerabilia
2170 5211 2303 5256 cor-

805 5305 960 5371 pora
990 5288 1272 5353 coelestia
1297 5287 1378 5351 ab
1408 5288 1686 5352 invicem
1719 5309 1786 5353 re
1817 5290 2136 5367 distincta,
2172 5292 2302 5355 imo

2418 4306 2684 4367 actione.
2712 4305 2942 4377 Tertio,
2977 4306 3277 4386 quoniam
3307 4306 3408 4386 (ut
3438 4306 3501 4368 in
3530 4306 3764 4371 Timaeo
3792 4307 3921 4371 dis-

2420 4404 2618 4465 seruit
2663 4404 2862 4483 Plato)
2898 4402 3119 4466 orbem
3170 4404 3494 4467 coelestem
3546 4405 3800 4469 Creator
3846 4406 3915 4469 in

2420 4501 2692 4563 circulos
2745 4501 2903 4563 duos
2958 4499 3229 4575 reflexit,
3284 4510 3437 4583 puta
3483 4502 3547 4564 in
3596 4503 3915 4567 circulum

2418 4604 2707 4676 aplane&
2750 4598 2813 4661 id
2860 4606 2956 4661 est
3000 4598 3064 4661 in
3110 4599 3392 4681 primum
3438 4601 3696 4673 mobile,
3743 4603 3914 4684 quod

2419 4706 2517 4761 est
2553 4697 2743 4760 unius
2785 4696 3098 4780 simplicis
3136 4716 3211 4759 ac
3251 4699 3642 4762 velocissimi
3676 4707 3911 4774 motuS,

2416 4803 2607 4878 atque
2639 4795 2705 4857 in
2736 4794 3048 4858 circulum
3074 4800 3329 4872 planes,
3362 4796 3426 4859 id
3464 4806 3561 4860 est
3596 4798 3913 4881 spbaeram

2417 4902 2706 4958 octavam
2766 4900 3056 4956 motuum
3116 4893 3515 4957 diversorum
3567 4913 3581 4958 :
3638 4896 3747 4979 qui
3806 4916 3915 4962 ne-

2418 5001 2663 5075 queunt
2692 5011 2831 5055 esse
2863 4993 3125 5074 sphaerae
3154 4992 3466 5073 ejusdem.
3500 4994 3703 5058 Motus
3734 5016 3911 5060 nam-

2418 5110 2541 5173 que
2599 5090 2859 5172 aplanes
2916 5097 3013 5153 est
3070 5109 3265 5172 super
3318 5091 3497 5173 polos
3550 5095 3793 5168 mundi,
3844 5105 3913 5159 et

2414 5209 2609 5273 super
2649 5190 2922 5253 circulos
2953 5207 3133 5271 aeque
3175 5190 3482 5253 distantes
3511 5192 3593 5254 ab
3631 5194 3911 5277 aequino-

2413 5289 2585 5353 ctiali
2634 5289 2715 5352 ad
2766 5288 3085 5372 tropicum
3138 5288 3485 5355 aestivalem
3536 5298 3601 5354 et
3650 5293 3729 5355 ad
3780 5300 3905 5358 tro-
