4300 6259
1457 1207 2417 1322 PROOEMIUM

613 1844 802 1908 MNIS
859 1841 1182 1927 processio
1236 1841 1664 1906 secundorum
1722 1861 1761 1904 a
1807 1841 2018 1926 primo
2063 1849 2128 1906 et
2181 1843 2518 1907 conversio
2576 1843 2951 1907 eorumdem
2998 1843 3078 1906 ad
3136 1843 3318 1918 illud,
3368 1861 3487 1926 per

645 1949 1140 2016 similitudinem
1182 1949 1470 2013 efficitur
1509 1956 1948 2032 utrorumque.

737 2059 926 2122 Porro
964 2058 1254 2122 omnium
1293 2058 1541 2120 entium
1579 2058 1832 2120 causale
1872 2057 2289 2141 principium,
2322 2066 2419 2122 est
2458 2077 2573 2141 per
2610 2078 2679 2122 se
2715 2059 2983 2122 bonum.
3015 2058 3112 2122 Ab
3150 2059 3271 2123 hoc
3309 2059 3483 2124 enim

359 2172 518 2228 ente
563 2165 936 2248 dependent
978 2163 1212 2228 coelum
1255 2171 1322 2226 et
1357 2170 1550 2236 terra,
1596 2170 1660 2226 et
1700 2169 1831 2226 tota
1875 2171 2101 2227 natura
2141 2162 2430 2227 universi
2474 2180 2487 2226 :
2522 2165 2827 2247 quoniam
2872 2165 2954 2229 ab
2998 2165 3139 2248 ipso
3180 2164 3483 2228 omnibus

359 2270 928 2335 communicatum
971 2278 1070 2334 est
1111 2287 1252 2333 esse
1292 2276 1356 2333 et
1397 2269 1636 2344 vivere,
1682 2269 1786 2333 his
1825 2270 2088 2352 quidem
2132 2271 2389 2344 clarius,
2435 2271 2537 2334 his
2579 2278 2794 2334 autem
2846 2271 3203 2335 obscurius,
3254 2271 3483 2336 Fluens

357 2397 660 2461 namque
687 2397 726 2441 a
753 2377 964 2461 primo
992 2377 1266 2452 bonitas,
1298 2377 1504 2440 forma
1533 2385 1632 2440 est
1669 2377 1735 2439 in
1775 2377 2106 2461 proximis,
2141 2378 2351 2460 imago
2393 2378 2457 2441 in
2496 2377 2907 2454 distantibus,
2941 2379 3005 2441 in
3047 2377 3295 2443 ultimis
3333 2396 3485 2442 vero

354 2485 761 2549 obumbrata
789 2484 1683 2568 resplendentia.Universitas
1713 2503 1865 2566 ergo
1893 2486 2321 2548 secundorum
2352 2505 2389 2548 a
2418 2505 2533 2569 per
2560 2505 2631 2548 se
2662 2485 2832 2549 bono
2862 2485 3189 2568 processit.
3206 2485 3483 2549 Primum

353 2593 622 2675 quippe
652 2591 895 2655 bonum
932 2591 1436 2654 substantialiter
1463 2591 1704 2655 bonum
1737 2600 1855 2668 est,
1889 2600 1954 2656 et
1981 2592 2185 2676 ipsius
2226 2601 2451 2656 natura
2490 2593 2739 2656 bonitas
2780 2599 2893 2656 est.
2937 2593 3093 2656 Boni
3132 2600 3347 2656 autem
3386 2601 3485 2656 est

353 2719 422 2762 se
464 2698 854 2763 diffundere
887 2717 902 2761 ε
935 2698 1478 2781 quemadmodum
1525 2698 1688 2761 lucis
1729 2708 1827 2762 est
1870 2701 2086 2762 lumen
2131 2700 2465 2780 emittere3
2498 2708 2562 2764 et
2604 2700 2821 2774 fontis,
2856 2699 3028 2763 rivos
3070 2700 3399 2764 scaturire.

479 2805 790 2888 Denique
829 2823 1018 2868 omne
1057 2805 1410 2888 procedens
1446 2805 1529 2868 ab
1564 2806 1802 2888 aliquo,
1835 2806 1912 2868 ad
1956 2806 2018 2868 id
2057 2805 2453 2869 convertitur
2488 2825 2527 2869 a
2554 2824 2683 2888 quo
2713 2805 2987 2889 propriae
3018 2812 3259 2870 naturae
3290 2807 3481 2889 parti-

355 2915 535 2997 cipat
585 2913 1095 2977 subsistentiam.
1141 2913 1479 2978 causatum
1525 2914 1722 2988 enim,
1763 2931 1902 2976 esse
1947 2921 2010 2976 et
2053 2913 2219 2976 bene
2262 2932 2401 2977 esse
2445 2933 2483 2976 a
2524 2932 2713 2978 causa
2756 2913 3044 2996 suscipit.
3080 2913 3485 2978 Convertitur

351 3031 578 3086 autem
645 3022 1150 3104 unumquodque
1199 3021 1278 3084 ad
1327 3021 1390 3084 id
1441 3039 1480 3082 s
1527 3037 1656 3102 quo
1701 3021 2020 3103 dependet
2068 3029 2132 3083 et
2190 3019 2547 3103 perficitur.
2600 3021 2927 3094 Praeterea,
2978 3021 3221 3083 causati
3276 3020 3482 3084 forma

351 3129 419 3193 in
465 3149 682 3192 causa
720 3129 1120 3212 praeexsistit,
1153 3147 1354 3211 quum
1393 3147 1586 3209 agens
1625 3135 1768 3210 agat
1807 3127 1874 3190 in
1914 3127 2038 3190 sibi
2079 3127 2313 3200 simile,
2348 3127 2401 3189 si
2440 3127 2715 3190 causatis
2754 3145 2961 3190 causae
2992 3128 3483 3210 proportionatae

353 3246 530 3302 sunt.
569 3237 762 3312 Quod
792 3246 1003 3299 autem
1038 3235 1454 3310 convertitur,
1489 3235 1774 3318 copulari
1806 3235 2034 3317 satagit
2066 3253 2080 3297 :
2115 3235 2375 3318 copulat
2401 3252 2555 3298 vero
2584 3243 2649 3298 et
2678 3235 2819 3298 unit
2856 3235 3071 3298 omnia
3100 3235 3477 3310 similitudo,

351 3347 528 3410 sicut
559 3353 642 3408 et
677 3343 1136 3408 dissimilitudo
1173 3344 1542 3407 distantiam
1584 3343 1852 3406 inducit.
1883 3344 2022 3406 Jam
2065 3343 2261 3425 igitur
2300 3343 2624 3416 elucescit,
2658 3343 2751 3404 sic
2790 3343 3297 3426 unumquodque
3334 3360 3481 3406 con-

351 3452 522 3514 verti
556 3451 1114 3534 quemadmodum
1147 3449 1436 3533 procedit
1469 3467 1482 3512 ε
1517 3449 1766 3513 entium
1797 3449 2036 3512 etenim
2067 3451 2358 3532 quaedam
2392 3449 2895 3513 substantialiter
2922 3449 3154 3524 solum,
3190 3450 3477 3532 quaedam

351 3567 580 3622 sutem
621 3557 928 3632 vitaliter,
961 3558 1252 3640 quoedem
1281 3575 1434 3621 vero
1464 3557 1656 3621 etiem
1686 3557 2005 3637 cognitive
2035 3565 2515 3620 convertuntur.

474 3666 684 3729 Nunc
729 3665 945 3747 itaque
993 3665 1202 3747 palam
1250 3672 1368 3738 est,
1412 3665 1584 3746 quod
1625 3665 1836 3727 omnis
1876 3665 2201 3747 processio
2237 3666 2667 3729 secundorum
2710 3672 2774 3727 et
2810 3664 3183 3728 eorumdem
3226 3664 3475 3738 rediti0,

350 3793 472 3856 per
501 3771 1016 3836 similitudinem
1049 3772 1334 3856 ipsorum
1365 3772 1445 3835 ad
1475 3772 1758 3854 primum
1790 3770 1924 3834 fiat.
1959 3771 2071 3835 Cui
2113 3771 2443 3834 conforme
2482 3779 2579 3834 est
2617 3771 2787 3855 quod
2824 3772 3081 3836 Proclus
3109 3772 3197 3835 ait
3230 3789 3243 3834 :
3277 3770 3479 3836 Omne

351 3887 710 3944 causatum
743 3886 811 3942 et
840 3887 1052 3943 manet
1081 3879 1147 3941 in
1177 3897 1294 3942 sua
1323 3897 1534 3954 causa,
1565 3886 1631 3942 et
1660 3878 1950 3960 procedit
1979 3878 2060 3942 ab
2091 3879 2253 3962 ipsa,
2284 3886 2349 3941 et
2378 3879 2775 3942 convertitur
2801 3878 2879 3941 ad
2909 3877 3135 3961 ipsam.
