4300 6259
1084 525 1164 572 DE
1206 523 1432 572 Lunum
1475 523 1858 570 cumsnANAE.
1899 522 2201 579 TREORIAE,
2248 524 2425 570 LIBER
2468 525 2505 571 1.
2554 543 2623 554 -·-··
2674 527 2813 572 ΛΒΤ.
2862 528 3046 574 Lxxvl

3490 507 3613 572 323

503 709 630 754 non
661 692 798 775 jam
837 695 1175 778 dependet,
1209 695 1318 756 sed
1349 713 1618 757 causans
1651 701 1748 755 est
1777 701 1840 754 et
1878 711 2006 754 non
2037 691 2088 754 A
2119 699 2225 754 tur
2254 696 2477 764 aliter,
2504 702 2572 756 ut
2602 696 2859 760 denotet
2889 698 3341 780 proprietatem
3375 705 3613 760 naturae

499 799 782 854 causata.
817 794 954 857 Non
985 802 1083 856 est
1109 811 1260 876 ergo
1291 793 1690 876 providentia
1716 791 2008 854 fallibilis

503 898 616 952 aut
643 891 890 955 incerta
925 910 938 954 :
973 911 1098 954 non
1144 893 1318 954 enirn
1362 899 1460 955 est
1495 891 1848 954 secundum
1883 909 2008 951 ma-

507 990 754 1052 neriem
787 991 1114 1065 scitorum,
1147 991 1258 1054 sed
1297 991 1578 1053 scientis.
1613 989 1830 1071 Neque
1871 1009 2004 1050 rur·

509 1107 620 1150 sus
697 1089 1013 1152 tolluntur
1083 1089 1518 1170 contingentia
1589 1096 1652 1151 et
1723 1088 2002 1160 libertas,

511 1204 714 1268 quum
756 1187 924 1250 Deus
973 1186 1224 1269 singula
1265 1187 1560 1269 disponat
1602 1194 1666 1249 et
1709 1194 2004 1267 agnoscat

509 1286 870 1348 secundum
927 1293 1218 1348 naturam
1279 1293 1342 1347 et
1397 1285 1850 1368 proprietatem
1911 1303 2004 1346 re-

191 1395 478 1436 -τω-ιιιιι
507 1401 678 1454 rum,
731 1391 802 1444 ut
851 1401 1022 1446 nunc
1079 1382 1416 1465 probatum
1469 1390 1566 1444 est
1611 1399 1846 1464 supra3
1893 1381 2002 1444 sed

509 1481 738 1543 modus
786 1480 1020 1544 divinae
1064 1479 1502 1562 dispositionis
1551 1486 1615 1542 et
1660 1479 2004 1560 agnitionis

507 1587 578 1640 ut
607 1579 672 1641 in
705 1579 930 1663 primae
963 1579 1123 1641 lucis
1155 1578 1380 1642 fontali
1410 1577 1821 1661 simplicitate
1861 1596 2006 1640 con-

502 1677 760 1750 sistens,
810 1677 1044 1741 divinae
1090 1685 1332 1740 naturae
1381 1677 1512 1739 vim
1559 1685 1752 1760 atque
1797 1676 2002 1738 subsi-

502 1776 804 1838 stentiam
851 1776 1156 1838 imitatur.

2117 791 2315 864 illius,
2350 798 2503 854 tunc
2543 812 2691 856 vera
2732 804 2829 857 est
2868 795 3169 877 praedicta
3213 795 3608 878 propositio:

2117 889 2283 950 Deus
2330 891 2503 952 enim
2554 899 2618 953 et
2664 894 2875 956 omnis
2922 913 3113 956 verax
3164 894 3432 976 agnitor,
3476 911 3616 975 pro-

2117 987 2448 1068 prietatem
2480 997 2545 1051 et
2575 999 2863 1054 naturam
2894 992 3092 1072 agniti
3126 991 3461 1073 dignoscit,
3496 1009 3613 1054 nec

2113 1086 2407 1167 opposita
2437 1088 2515 1150 de
2548 1088 2657 1150 illo
2686 1089 2972 1152 affirmat
3000 1089 3099 1152 his
3129 1110 3271 1172 quae
3300 1090 3359 1152 ei
3391 1108 3613 1152 conve-

2114 1185 2322 1247 niunt.
2348 1183 2479 1247 Scit
2506 1205 2657 1267 ergo
2688 1188 2852 1250 Deus
2885 1188 3233 1250 materialia
3266 1187 3616 1251 materialia

2113 1301 2275 1356 esse,
2310 1291 2371 1346 et
2402 1286 2835 1366 contingentia
2866 1287 2999 1350 fore
3030 1287 3483 1369 contingentia,
3516 1287 3614 1348 fu-

2112 1388 2249 1442 tura
2269 1398 2537 1463 quoque,
2551 1384 2991 1465 contingenter
3016 1385 3225 1448 futura
3248 1383 3610 1468 praenoscit3

2113 1479 2225 1540 sed
2274 1497 2405 1541 suae
2455 1480 2837 1560 cognitionis
2878 1483 3103 1544 modus
3148 1482 3610 1556 immaterialiS,

2113 1578 2511 1640 necessarius
2556 1586 2619 1640 et
2668 1587 2943 1642 aeternus
2993 1589 3106 1644 est.
3156 1582 3289 1644 Scit
3334 1582 3613 1663 denique

2113 1673 2327 1736 futura
2366 1675 2757 1738 evitabiliter
2787 1697 2927 1740 esse
2968 1677 3181 1740 futura
3214 1697 3229 1741 :
3264 1697 3391 1742 non
3430 1679 3613 1761 quasi

2115 1772 2253 1854 ipse
2304 1773 2551 1853 ignoret
2606 1774 2763 1856 quid
2820 1775 3241 1839 determinate
3282 1777 3615 1859 proveniet

585 1873 678 1936 Ad
707 1874 1064 1936 secundum
1093 1873 1654 1954 dicendum,quod
1685 1873 1748 1934 in
1781 1873 2002 1936 ordine
2039 1869 2086 1930 B
2110 1870 2290 1950 (nam
2332 1871 2396 1932 in
2438 1873 2661 1934 ordine
2702 1873 2781 1934 ad
2822 1893 2889 1935 se
2924 1874 3015 1936 nil
3056 1875 3457 1956 provisorum
3487 1875 3614 1938 evi-

501 1972 583 2034 ad
641 1971 878 2035 divinae
933 1971 1352 2054 providentiae
1411 1971 2002 2034 incommutabilem

501 2069 925 2142 sanctionem,
979 2070 1069 2132 nil
1131 2088 1392 2152 prorsus
1439 2069 1692 2131 casuale
1748 2078 1846 2132 est
1897 2077 2008 2131 aut

504 2166 904 2247 contingens.
955 2167 1408 2229 Verumtamen
1462 2185 1794 2228 causarum
1845 2185 2010 2248 quai·

503 2263 653 2326 dam
700 2285 842 2346 quae
891 2265 1162 2346 provisae
1211 2272 1382 2336 sunt,
1433 2264 1486 2326 si
1534 2265 1888 2326 secundum
1939 2284 2006 2326 se

505 2361 680 2444 ipsas
711 2381 784 2424 ac
817 2363 1110 2445 proprios
1149 2362 1404 2426 ordines
1439 2363 1868 2432 attendantur,
1901 2361 2008 2424 de·

505 2459 708 2522 ficere
739 2468 1008 2544 possunt
1035 2468 1098 2523 et
1125 2461 1500 2524 necessariae
1529 2477 1656 2522 non
1689 2467 1856 2522 sunt.

589 2558 682 2621 Ad
715 2559 1000 2632 tertium,
1033 2559 1204 2640 quod
1235 2577 1314 2620 ex
1345 2557 1761 2620 antecedente
1794 2576 2010 2620 neces-

501 2657 676 2718 sario
703 2657 994 2738 sequitur
1023 2656 1454 2718 necessarium
1500 2674 1920 2737 consequenS,
1955 2656 2008 2718 si

501 2763 798 2816 servetur
827 2755 996 2816 idem
1029 2755 1183 2817 ordo
1209 2763 1272 2817 et
1299 2762 1470 2816 recta
1495 2754 1800 2816 illationis
1825 2754 2004 2816 ratio.

501 2852 784 2933 Ideoque
831 2854 998 2914 sicut
1044 2871 1144 2914 res
1195 2852 1450 2934 provisa
1497 2859 1594 2914 est
1641 2871 1678 2913 a
1729 2852 1876 2917 Deo,
1918 2852 2009 2914 sic

503 2950 780 3012 eveniet.
814 2951 1070 3013 Provisa
1101 2958 1198 3012 est
1227 2958 1442 3012 autem
1475 2958 1544 3011 ut
1571 2950 2012 3031 contingenter

2113 1968 2308 2032 tabile
2340 1970 2504 2050 est);
2538 1971 2647 2032 sed
2684 1971 2749 2032 in
2782 1973 3041 2055 propria
3070 1981 3317 2046 natura,
3350 1973 3411 2036 id
3443 1975 3613 2056 quod

2112 2067 2441 2150 provisum
2492 2075 2588 2130 est
2617 2069 3143 2132 innecessitatum
3190 2078 3421 2134 manet.

2194 2167 2287 2228 Ad
2320 2167 2621 2228 ultimum
2664 2167 3009 2231 dicendum
3038 2171 3137 2250 (ut
3178 2169 3433 2232 Boetius
3476 2169 3611 2250 ait),
3672 2203 3733 2248 ῃ,
3751 2203 3911 2248 conso-

2119 2265 2289 2346 quod
2322 2265 2489 2327 idem
2522 2264 2810 2339 effectuS,
2830 2267 2894 2328 in
2920 2286 2988 2330 56
3013 2268 3417 2350 propriisque
3449 2268 3617 2350 prin·
3644 2270 3830 2386 :zssoff'
3864 2286 3907 2324 v.

2123 2361 2311 2444 cipiis
2380 2381 2452 2424 ac
2514 2363 2825 2444 proximis
2895 2365 3103 2428 causis
3154 2365 3613 2440 consideratuS,

2123 2460 2499 2541 contingens
2530 2469 2645 2534 est,
2679 2462 2787 2544 qui
2822 2469 3035 2525 tamen
3068 2463 3133 2525 in
3164 2463 3389 2526 ordine
3416 2465 3495 2526 ad
3525 2465 3617 2526 di-

2119 2559 2336 2621 vinam
2380 2560 2850 2641 providentiam
2896 2569 2991 2622 est
3033 2562 3473 2640 necessarius3
3507 2563 3616 2625 sed

2119 2657 2253 2720 haec
2283 2658 2629 2719 necessitas
2674 2675 2799 2720 non
2840 2667 2937 2721 est
2978 2659 3288 2734 absoluta,
3322 2661 3431 2722 sed
3472 2678 3618 2723 con·

2117 2755 2397 2817 ditionis
2432 2754 2709 2836 Ideoque
2740 2756 2908 2817 sicut
2940 2758 3443 2841 unumquodque
3476 2775 3617 2840 pro·

2119 2853 2331 2914 visum
2383 2861 2499 2924 est,
2542 2853 2633 2914 sic
2683 2853 2797 2916 fiet
2847 2855 3205 2918 necessario
3240 2873 3253 2917 ε
3288 2856 3397 2917 sed
3448 2857 3619 2918 hunc

2120 2950 2307 3012 ditari
2356 2951 2683 3031 provisum
2732 2959 2829 3013 est
2878 2959 2947 3012 ut
2993 2954 3433 3034 contingenter
3480 2951 3616 3026 fiat,

503 3047 646 3120 fiat,
692 3066 891 3130 quum
945 3049 1110 3110 Deus
1151 3049 1366 3110 omnia
1403 3047 1754 3110 secundum
1799 3066 2010 3110 rerum
2045 3046 2088 3110 C
2121 3049 2215 3110 sic
2246 3048 2440 3127 igitur
2468 3047 2602 3110 fiet.
2640 3049 2701 3110 Si
2734 3067 2883 3128 ergo
2924 3050 3201 3131 providit
3240 3051 3403 3112 Deus
3449 3051 3619 3113 hunc

503 3147 986 3226 congruentiam
1015 3146 1309 3228 disponat
1353 3163 1368 3206 :
1409 3145 1502 3207 sic
1542 3163 1692 3226 ergo
1733 3145 2006 3208 eveniet.

505 3245 588 3306 Et
641 3245 944 3326 quoniam
1007 3244 1127 3307 hoc
1184 3243 1542 3306 necessaria
1611 3244 2008 3325 providentia

505 3343 838 3424 provisum
871 3349 988 3416 est,
1013 3341 1162 3404 hinc
1195 3341 1416 3422 utique
1447 3341 1904 3404 inevitabiliter
1924 3343 2010 3404 ita

504 3428 850 3521 continget.

589 3539 700 3600 Per
765 3538 886 3600 hoc
945 3537 1288 3600 innotescit
1345 3537 1500 3619 quid
1557 3538 1636 3599 ad
1696 3536 2007 3600 rationem

499 3637 694 3701 Tullii
741 3637 1256 3719 respondendum
1301 3638 1400 3698 sit.
1451 3636 1516 3698 In
1569 3637 1791 3699 ordine
1835 3656 2008 3698 nam-

499 3755 628 3818 que
666 3736 745 3798 ad
789 3736 1014 3808 Deum,
1059 3735 1310 3815 singula
1359 3755 1498 3817 quae
1549 3734 1676 3796 fato
1725 3734 2006 3797 subdun-

497 3844 609 3897 tur
665 3843 730 3897 et
791 3835 1004 3916 ipsum
1061 3833 1261 3894 fatum
1325 3833 1756 3895 indissolubili
1816 3852 2006 3894 cursu

495 3934 882 4014 gradiuntur
942 3951 956 3993 :
1019 3949 1146 3994 non
1210 3931 1380 4012 quod
1437 3931 1838 4012 providentia
1899 3950 2005 3992 ne-

497 4032 866 4094 cessitatem
932 4029 1192 4093 entibus
1259 4029 1608 4111 imprimat,
1678 4029 1788 4090 sed
1856 4029 2008 4110 quia

497 4129 904 4210 singulorum
936 4128 1376 4211 proprietateS,
1415 4127 1632 4190 modos
1663 4135 1725 4189 et
1755 4127 2005 4189 habitu-

2120 3146 2479 3218 ditandum,
2512 3145 2912 3229 impossibile
2950 3155 3147 3210 estut
3186 3167 3311 3211 non
3358 3149 3615 3222 ditetur,

2119 3245 2473 3306 secundum
2520 3245 3063 3326 comparationem
3114 3249 3211 3309 sui
3244 3248 3320 3310 ad
3356 3248 3617 3310 modum

2119 3343 2537 3425 providentias
2580 3362 2707 3424 qua
2751 3345 3081 3425 provisum
3124 3353 3237 3406 est.

2199 3440 2541 3504 Enimvero
2572 3460 2647 3503 ex
2680 3441 2779 3503 his
2814 3450 2985 3524 patet
3026 3444 3258 3506 solutio
3296 3445 3611 3508 rationum

2118 3539 2352 3620 quibus
2384 3558 2577 3620 supra
2606 3540 2875 3602 articulo
2897 3542 3427 3624 quinquagesimo
3450 3562 3617 3607 nono

2117 3636 2386 3718 probare
2435 3637 2873 3712 intendebant,
2920 3640 3267 3719 singularia
3319 3643 3532 3704 omnia
3580 3662 3615 3704 a

2115 3733 2335 3796 divino
2366 3733 2693 3796 intellectu
2728 3753 2853 3797 non
2889 3753 3073 3817 posse
3104 3739 3615 3817 cognosci.Quod

2114 3831 2289 3893 enim
2335 3831 2590 3906 dicitur,
2638 3832 2771 3894 Non
2815 3835 2979 3895 entis
3019 3853 3147 3896 non
3188 3843 3285 3896 est
3324 3837 3613 3908 scientia,

2114 3947 2337 3992 verum
2388 3937 2483 3992 est
2532 3931 2609 3992 de
2658 3930 2925 3992 scientia
2970 3951 3111 4012 quaa
3168 3952 3203 3994 a
3256 3934 3468 3996 scibili
3510 3935 3615 3997 de-

2115 4028 2367 4109 pendet.
2414 4029 2601 4090 Porro
2657 4028 2873 4089 divina
2918 4030 3183 4091 scientia
3226 4049 3371 4092 cum
3424 4032 3615 4094 rebus

2114 4144 2234 4188 nec
2263 4127 2467 4188 oritur
2509 4145 2627 4187 nec
2672 4127 2949 4206 occidit3
2978 4127 3087 4190 sed
3132 4130 3615 4210 quomodolibet

499 4229 712 4301 dineS‚
773 4225 1151 4309 futurosque
1211 4227 1442 4300 exituS,
1495 4233 1723 4288 cuncta
1769 4245 2004 4309 praeve-
2032 4227 2082 4290 D
2115 4231 2178 4287 et
2218 4223 2691 4287 omniformiter
2729 4231 2963 4288 aeterna
3003 4227 3339 4307 praesentia
3388 4246 3613 4310 cogno·

498 4327 712 4400 niem,
763 4333 1000 4388 aeterna
1048 4325 1447 4406 providentia
1505 4323 1862 4387 invariabili
1911 4343 2002 4386 ra-

499 4427 680 4487 tione
721 4423 1227 4505 comprehendit.

585 4524 676 4586 Ad
723 4523 1024 4606 quintum
1067 4521 1434 4594 dicendum,
1469 4521 1636 4602 quod
1683 4521 1816 4584 haec
1859 4539 2003 4604 pro-

495 4621 736 4705 positio
797 4639 924 4702 qua
991 4619 1246 4692 dicitur,
1307 4619 1466 4681 Vera
1533 4619 1808 4700 cognitio
1873 4638 2000 4682 non

491 4717 990 4802 comprehendit
1038 4735 1173 4779 rem
1223 4717 1407 4778 aliter
1455 4736 1646 4799 quam
1697 4720 1834 4800 ipsa
1880 4727 1996 4792 est,

489 4817 914 4881 distinctione
945 4823 1106 4896 eget.
1141 4815 1266 4877 Aut
1294 4815 1466 4877 enim
1499 4815 1618 4878 boc
1650 4818 1820 4898 quod
1851 4817 2001 4878 dici·

491 4927 606 4980 tur
631 4919 856 4985 aliter,
889 4912 1166 4976 refertur
1202 4913 1280 4974 ad
1325 4913 1582 4976 modum
1623 4932 2001 4994 cognoscen-

493 5017 608 5090 tis,
629 5022 738 5078 aut
768 5012 1030 5094 cogniti.
1065 5011 1127 5074 Si
1163 5012 1468 5094 primum,
1493 5019 1646 5074 tunc
1678 5012 1836 5076 falsa
1865 5022 1998 5075 est:

493 5121 828 5178 ostensum
861 5111 1102 5174 etenim
1135 5117 1230 5172 est
1262 5111 1470 5184 mode,
1489 5111 1746 5173 modum
1781 5128 2006 5192 cogno-

495 5211 738 5276 scentis
777 5227 908 5272 non
951 5209 1130 5291 sequi
1178 5209 1414 5289 cogniti
1455 5209 1904 5271 conditionem.
1943 5209 2005 5271 Si

495 5328 654 5374 vero
683 5309 1004 5373 referatur
1029 5307 1106 5370 ad
1140 5307 1488 5388 cognitum,
1508 5307 1626 5370 hoc
1657 5309 1826 5390 quod
1856 5308 2008 5370 dici·

2114 4323 2236 4386 scit
2273 4323 2587 4404 quidquid
2620 4323 2685 4384 in
2716 4331 3077 4405 temporum
3122 4326 3417 4389 cursibus
3457 4348 3607 4410 qua-

2113 4422 2537 4502 litercumque
2588 4421 2833 4482 exsistit
2883 4439 2897 4484 :
2941 4441 3063 4484 non
3116 4423 3289 4486 enim
3338 4426 3418 4488 ab
3468 4446 3605 4488 esse

2111 4521 2213 4584 vel
2248 4539 2372 4582 non
2414 4539 2554 4582 esse
2586 4519 2731 4581 sciti
2774 4521 3005 4582 veritas
3046 4521 3279 4586 divinae
3323 4525 3603 4589 scientim

2111 4619 2449 4700 dependet,
2484 4618 2593 4679 sed
2634 4617 2845 4698 potius
2880 4625 3153 4680 econtra.
3189 4621 3364 4683 Unde
3401 4642 3601 4704 quum

2112 4738 2179 4781 es
2209 4725 2317 4780 aut
2349 4717 2553 4787 sedeS,
2578 4716 2699 4777 scit
2729 4723 2791 4777 te
2822 4735 2959 4778 esse
2990 4725 3053 4780 et
3082 4719 3333 4798 sedere3
3356 4729 3421 4782 et
3448 4723 3599 4785 dum

2111 4834 2230 4878 nec
2262 4834 2329 4877 es
2361 4833 2571 4895 neque
2602 4815 2805 4885 sedeS,
2839 4815 2959 4876 scit
2988 4823 3051 4876 te
3080 4835 3197 4876 nec
3228 4835 3366 4880 esse
3400 4839 3605 4901 neque

2112 4915 2353 4978 sedere.
2388 4913 2521 4975 Non
2555 4921 2765 4974 tamen
2804 4913 2943 4974 ideo
2985 4913 3124 4993 ejus
3166 4915 3433 4978 scientia
3473 4939 3607 4980 mu-

2115 5011 2327 5075 tabilis
2359 5019 2457 5073 est
2489 5029 2503 5072 τ
2539 5011 2689 5092 quia
2720 5011 2785 5072 in
2818 5011 2957 5093 ipso
2999 5021 3320 5077 momento
3357 5017 3605 5079 aeterni-

2117 5111 2261 5173 tatis
2319 5110 2509 5172 scivit
2564 5116 2626 5170 te
2676 5117 2739 5170 et
2796 5109 3107 5190 quidquid
3162 5110 3281 5174 tibi
3347 5115 3605 5178 evenire

2119 5216 2346 5291 potest,
2380 5207 2661 5288 simplici
2710 5207 2943 5270 mentis
2986 5210 3292 5272 contuitu.
3326 5212 3454 5275 Nec
3498 5213 3607 5276 ite·

2119 5325 2265 5369 rum
2325 5307 2636 5387 sequitur,
2684 5305 2854 5386 quod
2913 5307 3395 5372 contradictoria
3450 5312 3607 5375 sciat
