4300 6259
920 472 1040 537 306
1532 491 1612 538 na
1653 491 1880 536 munte
1921 487 2302 536 cnatsnANAE
2343 488 2645 546 morum,
2690 488 2865 535 uana
2908 489 2948 534 1.
2994 507 3075 517 —
3115 490 3255 536 Αιιτ.
3303 489 3428 535 mm

921 658 2140 841 {332}322¹⁶332013⁰3332¹3r03120¹32¹33³
2172 676 2419 820 ‘3323'53
2448 659 2500 721 Α
2904 715 3388 780 mmoms
3436 716 3649 782 an.

925 864 1061 918 tute
1089 864 1324 930 autem,
1350 857 1516 919 Sient
1547 857 1609 918 in
1641 856 1817 919 sonte
1849 856 2058 918 omnis
2091 855 2419 937 Polesmtls
2529 875 2641 933 An
2666 873 2936 931 divinus
2975 873 3343 932 intellectus
3372 874 3456 932 sic
3488 847 4001 948 contemplativus

926 973 1041 1016 sua
1088 956 1454 1017 causalitate
1503 955 1717 1017 omnia
1763 955 2180 1034 attingente);
2213 972 2422 1016 essen·
2611 981 2699 1020 an
2754 962 3152 1036 operativa-5,
3198 970 3315 1021 aut
3372 965 3511 1021 alia
3566 964 4003 1040 qualicumque

924 1051 1080 1114 tiam
1112 1053 1322 1115 denuo
1352 1060 1413 1114 et
1452 1053 1755 1115 virtutem
1797 1053 1895 1114 sui
1935 1051 2318 1116 aeternaliter
2347 1070 2421 1114 ac
2612 1051 3046 1126 appellatione
3086 1051 3549 1111 nominandus,

923 1151 1186 1213 omnino
1235 1151 1424 1233 plene
1463 1151 1628 1213 Deus
1679 1157 2048 1232 conspectat
2097 1168 2110 1212 ε
2161 1159 2419 1214 aeterna-

926 1247 1070 1311 liter
1108 1266 1278 1329 erg0,
1320 1256 1382 1310 et
1422 1250 1486 1310 in
1530 1249 1669 1330 ipso
1708 1249 2078 1312 aeternitatis
2117 1267 2292 1310 nunc
2336 1255 2422 1309 at·
2676 1243 2943 1306 IFFERT
3012 1244 3311 1326 equidem
3382 1243 3585 1305 divini
3662 1242 4002 1306 intellectus

925 1364 1049 1428 que
1094 1354 1437 1420 moment0,
1471 1348 1771 1409 universa
1812 1347 1986 1409 videt
2027 1345 2285 1408 divinus
2332 1346 2422 1408 in·
2702 1343 2969 1404 scientia
3022 1342 3103 1403 ab
3152 1342 3327 1404 omni
3376 1341 3641 1404 scientia
3682 1361 3819 1422 quae
3876 1351 4005 1422 post

927 1443 1235 1506 tellectus.
1297 1445 1523 1508 Omnia
1567 1445 1761 1526 igitur
1808 1452 2040 1508 aeterna
2085 1444 2420 1526 praesentia
2536 1460 2675 1504 eam
2721 1448 2838 1513 est,
2882 1447 3007 1502 tam
3058 1439 3495 1520 intelligentiae
3524 1458 3705 1520 quam
3732 1439 4001 1501 animae:

923 1541 1158 1604 divinae
1189 1543 1387 1603 menti
1417 1551 1744 1624 apparent.
1773 1543 1847 1604 Et
1875 1542 2417 1624 quemadmodum
2534 1539 2837 1621 quoniam
2882 1538 3021 1620 ipsa
3062 1545 3159 1599 est
3202 1555 3468 1600 causans
3512 1543 3748 1598 tantum
3788 1545 3851 1598 et
3888 1553 4001 1598 non

924 1639 1128 1701 fertur
1168 1639 1345 1702 visus
1397 1639 1674 1702 hominis
1725 1659 1918 1722 super
1957 1639 2212 1702 visibile
2252 1639 2421 1721 quod
2535 1645 2828 1715 causata3
2880 1636 3147 1698 scientia
3204 1653 3353 1698 vero
3402 1635 3827 1716 intelligentiae
3870 1653 4001 1696 cau·

925 1737 990 1798 in
1037 1745 1375 1820 prospectu
1420 1745 1536 1810 est,
1585 1738 1677 1799 sic
1722 1756 1914 1819 super
1958 1739 2173 1800 omnia
2221 1737 2421 1799 fertur
2536 1743 2667 1797 sata
2698 1743 2792 1796 est
2823 1743 2887 1796 et
2914 1733 3557 1796 causansznaturales
3587 1733 3749 1795 enim
3778 1731 4003 1794 formas

923 1835 1182 1898 divinus
1237 1835 1640 1917 praeintuitus
1704 1853 1717 1896 ε
1779 1853 1907 1898 non
1973 1836 2145 1898 enim
2219 1835 2420 1917 ipsius
2459 1833 2507 1895 B
2539 1834 2815 1896 materiae
2848 1832 3112 1913 largitur
3140 1833 3471 1895 educendo
3500 1851 3607 1894 eas
3638 1849 3745 1912 per
3772 1839 4003 1893 motum

923 1933 1190 1995 scientia
1227 1952 1262 1994 a
1302 1933 1492 1995 rebus
1535 1941 1790 1995 causata
1827 1940 1925 1996 est
1960 1942 2071 1996 aut
2107 1941 2277 1995 certe
2316 1933 2421 1995 de·
2536 1930 2749 2008 orbis3
2784 1937 2998 1993 nostra
3040 1938 3255 1992 autem
3302 1929 3569 1992 scientia
3610 1947 3683 1991 ex
3726 1928 4003 2010 praeexsi-

925 2032 1232 2112 pendenS,
1283 2032 1393 2093 sed
1453 2032 1741 2093 omnium
1796 2032 2006 2112 potius
2065 2049 2257 2092 causa
2302 2040 2419 2106 est,
2533 2029 2721 2091 stenti
2771 2028 2849 2090 fit
2895 2028 3278 2109 cognitione,
3325 2028 3679 2090 secundum
3721 2028 4002 2089 Aristote-

924 2137 988 2190 et
1005 2129 1222 2191 omnia
1251 2129 1830 2192 formansMutatio
1851 2130 2064 2210 itaque
2087 2130 2418 2204 scitorum,
2534 2127 2682 2201 lem,
2729 2135 2792 2189 et
2840 2133 3137 2189 causatur
3182 2145 3218 2188 a
3262 2126 3453 2188 rebus
3497 2127 3577 2188 de
3622 2125 3849 2208 quibus
3894 2132 3999 2187 est.

925 2227 989 2289 in
1057 2227 1186 2289 Deo
1253 2227 1745 2289 mutabilitatem
1811 2228 2077 2290 visionis
2139 2246 2268 2290 non
2328 2228 2420 2289 in·
2531 2226 2807 2288 Scientia
2836 2243 3069 2307 nempe
3100 2225 3535 2307 intelligentiae
3566 2243 3748 2288 causa
3774 2232 3869 2287 est
3894 2224 4001 2286 sci-

923 2325 1118 2388 ducit.
2530 2333 2741 2388 torum
2804 2342 3067 2387 suorum
3133 2324 3582 2405 quorumdam,
3638 2323 3921 2405 quamvis
3970 2341 4003 2384 a

1003 2423 1132 2486 Hoc
1173 2423 1469 2504 equidem
1514 2409 1932 2498 considerato,
1979 2442 2105 2487 non
2149 2424 2420 2487 difficile
2532 2423 2738 2505 primo
2790 2423 3117 2484 intellectu
3164 2431 3419 2484 causata
3464 2422 3565 2484 sit.
3614 2422 3761 2485 Tam
3804 2422 4000 2503 itaque

923 2529 1020 2584 est
1049 2521 1405 2602 intelligere
1444 2521 1718 2604 qualiter
1754 2523 2189 2604 contingentia
2226 2532 2289 2585 et
2325 2524 2421 2585 fu·
2528 2522 2761 2586 divinae
2801 2541 2991 2604 quam
3032 2521 3393 2584 intellectus
3431 2521 3703 2602 separati
3740 2520 4001 2583 scientiae

922 2627 1062 2683 tura
1132 2621 1489 2683 necessario
1558 2627 1623 2682 et
1699 2622 2185 2703 praesentialiter
2255 2623 2419 2684 Deus
2530 2639 2870 2683 commune
2929 2627 3023 2682 est
3082 2619 3387 2682 scitorum
3446 2637 3707 2682 suorum
3764 2637 3999 2682 causam

920 2727 1236 2800 agnoscat.
1291 2719 1409 2780 Sed
1459 2719 1579 2781 hoc
1629 2720 1944 2801 posterius
2005 2721 2259 2802 plenius
2318 2740 2421 2802 pa-
2528 2738 2685 2781 esse.
2732 2720 2850 2782 Sed
2899 2719 3090 2800 primi
3132 2719 3400 2781 scientia
3442 2726 3538 2780 est
3578 2719 4001 2780 universaliter

919 2817 1100 2892 tebit,
1152 2818 1306 2879 dum
1355 2818 1434 2879 de
1483 2816 1613 2880 fato
1661 2827 1724 2880 et
1773 2819 2174 2899 providentia
2219 2819 2420 2881 deter-
2528 2837 2817 2892 causans,
2870 2817 3221 2880 secundum
3273 2818 3689 2892 Avicennam,
3740 2826 3799 2880 et
3842 2825 4000 2879 extra

919 2916 1185 2978 minatio
1227 2914 1360 2978 fiet.
1396 2914 1604 2978 Palam
1647 2935 1864 2978 rursus
1903 2924 2018 2990 est,
2052 2918 2224 2999 quod
2268 2918 2419 2980 licet
2525 2933 2765 2996 genus3
2818 2915 3253 2997 intelligentiae
3299 2923 3513 2978 autem
3562 2916 3826 2978 scientia
3870 2934 3998 2977 cau-

916 3013 1080 3076 Deus
1138 3015 1535 3096 temporalia,
1591 3015 2033 3097 corruptibilia
2088 3024 2153 3078 et
2210 3021 2491 3085 creataC
2528 3014 2841 3077 salitatem
2900 3031 3025 3076 non
3083 3013 3275 3076 habet
3330 3013 3454 3075 nisi
3513 3033 3710 3096 super
3759 3033 3829 3078 ea
3872 3033 3999 3096 quae

913 3112 1131 3175 omnia
1187 3113 1541 3174 secundum
1603 3114 1862 3176 modum
1931 3133 2060 3177 suae
2119 3115 2414 3196 puritatis
2527 3112 2789 3194 sphaerae
2834 3132 2964 3176 suae
3008 3112 3297 3193 subjecta
3342 3120 3508 3175 sunt.
3543 3113 3863 3187 Praeterea,
3894 3113 3999 3176 sci·

910 3210 1294 3274 aeternaliter
1353 3211 1719 3293 prospiciat,
1781 3221 2224 3275 verumtamen
2295 3215 2416 3276 scit
2524 3211 2694 3272 entia
2734 3211 2927 3294 primi
2968 3211 3279 3293 principii·
3310 3229 3519 3294 neque
3561 3231 3599 3273 a
3642 3212 3877 3276 sciente
3904 3231 3997 3274 ne·

910 3309 1242 3372 sensibilia
1284 3328 1422 3372 esse
1468 3310 1820 3384 sensibilia,
1862 3318 1925 3372 et
1968 3311 2415 3374 universaliter
2523 3329 2647 3391 que
2702 3329 2739 3371 a
2796 3310 3010 3391 specie
3059 3309 3448 3390 intelligibili
3506 3310 3997 3390 diversificatur3

910 3407 1200 3470 omnium
1251 3407 1670 3489 proprietates
1715 3409 1915 3480 novit,
1963 3409 2072 3470 sed
2127 3428 2241 3490 per
2284 3428 2413 3472 mo·
2522 3408 2789 3469 seientia
2835 3416 3049 3470 autem
3099 3409 3525 3470 secundorum
3576 3409 3996 3472 intellectuum

910 3506 1066 3567 dum
1096 3524 1227 3567 suae
1257 3513 1496 3569 naturae
1527 3513 1996 3587 competentem
2026 3507 2205 3588 :ipsa
2236 3527 2410 3570 nem·
2520 3507 2753 3568 accidit
2795 3514 3058 3579 naturae,
3114 3514 3176 3568 et
3228 3505 3643 3588 distinguitur
3690 3527 3725 3570 a
3778 3507 3996 3570 sciente

911 3622 992 3685 pe
1030 3603 1348 3666 aeternitas
1392 3603 1541 3666 licet
1585 3604 1954 3667 omnimode
1997 3605 2410 3687 impartibilis
2523 3612 2587 3666 et
2623 3624 2659 3666 a
2700 3603 2903 3667 forma
2942 3603 3207 3666 scibilis.
3242 3604 3486 3679 Adhuc,
3519 3605 3787 3668 scientia
3824 3605 3995 3688 primi

911 3703 1014 3776 sit,
1049 3701 1162 3764 toti
1195 3709 1406 3764 tamen
1451 3703 1725 3785 tempori
1769 3704 2116 3777 coexsistit,
2154 3712 2409 3786 tempus
2522 3723 2640 3765 nec
2681 3703 2745 3765 in
2787 3721 3019 3784 genere
3058 3711 3155 3764 est
3192 3721 3400 3785 neque
3440 3705 3506 3765 in
3544 3704 3781 3785 specie,
3815 3723 3996 3786 quum

911 3819 1102 3863 omne
1132 3801 1702 3882 comprehendens,
1735 3801 1822 3863 Ea
1865 3802 2058 3882 igitur
2097 3822 2240 3884 quae
2282 3821 2412 3866 om·
2522 3801 2605 3863 sit
2635 3801 3003 3862 indistincta
3040 3819 3075 3862 a
3112 3801 3374 3874 sciente,
3408 3802 3578 3884 quod
3614 3810 3792 3865 extra
3829 3820 3995 3865 omne

914 3899 1067 3962 nino
1106 3917 1224 3962 nec
1265 3907 1434 3972 sunt,
1469 3918 1678 3980 neque
1723 3907 1931 3974 erunt,
1965 3920 2082 3962 nec
2125 3901 2409 3977 fuerunt,
2522 3919 2722 3981 genus
2782 3907 2898 3975 est,
2955 3900 3309 3961 secundum
3360 3899 3717 3980 Algazelem
3766 3909 3830 3963 et
3878 3901 3995 3982 jam

913 3998 1201 4078 agnoscit
1242 3998 1408 4060 Deus
1456 4005 1704 4060 tantum
1748 4006 1818 4059 ut
1863 4019 1992 4062 suae
2037 3999 2258 4062 virtuti
2308 4019 2415 4083 po·
2524 3997 2911 4079 praehabita3
2972 3997 3238 4060 scientia
3303 4004 3516 4059 autem
3590 4000 3990 4062 secundorum
4014 4027 4161 4068 „tm-

915 4095 1224 4168 tentialia,
1265 4114 1668 4177 nequaquam
1711 4114 1862 4158 vero
1907 4105 1976 4158 ut
2026 4097 2090 4159 in
2140 4117 2207 4160 se
2257 4099 2413 4180 ipsis
2525 4095 2967 4157 intellectuum
3018 4096 3082 4156 in
3126 4095 3342 4177 specie
3382 4103 3480 4157 est
3526 4113 3541 4157 t
3586 4098 3795 4160 omnis
3844 4097 3994 4160 enim

915 4193 1279 4276 aliqualiter
1337 4194 1704 4256 exsistentia
1761 4211 1774 4255 :
1828 4202 1892 4256 et
1943 4196 2076 4258 haec
2135 4198 2414 4277 cognitio
2444 4201 2493 4264 D
2526 4201 2749 4256 natura
2807 4201 3014 4255 creata
3070 4193 3475 4255 determinati
3530 4195 3762 4274 gradus
3810 4205 3905 4258 est
3942 4202 3997 4257 et

917 4292 1153 4354 dicitur
1196 4291 1420 4352 notitia
1459 4291 1774 4372 simplicis
1818 4292 2274 4373 intelligentiae.
2329 4296 2413 4357 Ea
2524 4291 2936 4373 perfectionis
2982 4291 3290 4365 limitatae,
3332 4293 3503 4373 quod
3548 4293 3995 4356 incircumscri-

917 4407 1071 4453 vero
1125 4408 1267 4470 quae
1323 4396 1473 4450 sunt
1518 4389 1618 4450 vel
1669 4391 2006 4471 praesentia
2051 4393 2221 4473 apud
2272 4411 2409 4468 nos,
2524 4389 2737 4472 ptibili
2787 4391 2979 4472 primi
3030 4391 3197 4452 entis
3256 4390 3631 4472 perfectioni
3693 4409 3819 4456 non
3870 4409 3995 4455 con-

916 4488 1017 4551 vel
1077 4486 1398 4570 praeterita
1455 4487 1590 4549 sive
1648 4487 1884 4560 futura,
1945 4490 2415 4571 contemplatur
2522 4489 2715 4550 venit.
2750 4489 3064 4570 AmpliuS,
3108 4490 3374 4552 scientia
3412 4490 3606 4572 primi
3642 4498 3737 4553 est
3776 4492 3997 4554 dumta-

913 4586 1268 4649 secundum
1314 4585 1483 4666 quod
1529 4593 1676 4646 sunt
1720 4585 1784 4646 in
1828 4605 1941 4647 sua
1986 4595 2315 4667 potestate,
2350 4597 2414 4651 et
2522 4595 2627 4650 xat
2656 4607 2769 4670 per
2800 4607 2991 4650 unam
3032 4589 3310 4669 speciem
3351 4606 3479 4651 non
3518 4589 3993 4654 diversificatum

913 4687 978 4748 in
1020 4684 1298 4766 propriis
1341 4684 1572 4756 causiS,
1607 4691 1670 4745 et
1714 4684 1777 4744 in
1822 4686 2186 4766 semetipsis
2222 4704 2235 4748 ε
2268 4707 2410 4768 quae
2521 4693 2781 4768 propter
2838 4686 3316 4749 multitudinem
3378 4687 3683 4750 scitorum
3738 4689 3869 4752 nisi
3918 4709 3995 4752 se-

912 4783 1190 4865 cognitio
1241 4783 1369 4844 dici
1419 4782 1579 4845 solet
1625 4783 1852 4844 notitia
1899 4784 2181 4846 visionis
2235 4787 2409 4848 Unde
2521 4786 2801 4847 cundum
2838 4785 3210 4847 relationem
3241 4793 3562 4848 nostram:
3594 4786 3811 4850 divina
3839 4789 3993 4852 enim

911 4883 1080 4945 sicut
1125 4881 1344 4943 divina
1391 4881 1666 4942 essentia
1725 4883 2258 4963 repraesenmbilis
2316 4893 2412 4947 est
2521 4883 2817 4958 essentia,
2853 4883 3295 4945 universorum
3329 4885 3597 4966 species,
3632 4886 3790 4949 ratio
3816 4897 3887 4950 et
3908 4907 3993 4950 ex·

915 5000 1031 5064 per
1067 4979 1354 5042 infinitas
1393 4980 1639 5061 species
1681 4997 1807 5041 non
1846 4990 2107 5055 creataS‚
2142 4982 2219 5044 ad
2263 5003 2413 5065 qua·
2522 4982 2768 5064 emplar
2809 4989 2905 5043 est
2947 4981 3167 5044 divino
3209 4982 3604 5062 intellectui;
3650 4984 3869 5048 nullus
3905 5005 3993 5048 au-

916 5100 1060 5143 rum
1093 5080 1578 5161 productionem
1609 5099 1722 5142 sua
1761 5080 1964 5143 virtus
1996 5100 2063 5143 se
2094 5085 2379 5147 extendit
2393 5103 2409 5164 3
2520 5089 2650 5144 tem
2718 5088 2965 5143 creatus
3038 5080 3399 5143 intellectus
3465 5083 3756 5145 omnium
3826 5085 3993 5148 unica

917 5181 1012 5242 sic
1043 5186 1109 5242 et
1136 5196 1263 5240 non
1303 5179 1474 5241 entia
1513 5186 1577 5240 et
1613 5178 1869 5240 infinita
1907 5180 2188 5262 simplici
2230 5183 2412 5247 intel·
2522 5180 2736 5263 specie
2784 5179 3316 5260 contemplativus
3360 5187 3474 5242 est.
3520 5181 3613 5243 Ex
3656 5182 3755 5244 his
3803 5185 3991 5265 palam

921 5279 1184 5360 ligentia
1223 5276 1456 5339 divinae
1500 5278 1698 5339 menti
1741 5286 2067 5362 apparent.
2522 5287 2639 5356 est,
2689 5277 3022 5341 scientiam
3072 5278 3265 5360 primi
3314 5279 3651 5343 univocam
3700 5299 3827 5344 non
3880 5299 3991 5346 esse
