4300 6259
112 3653 183 3697 Pae.
206 3667 284 3703 xci,
304 3657 347 3697 6.

104 3942 230 3987 8025.
240 3956 265 3995 ι,
284 3946 345 3988 ¹0.

100 4623 183 4668 Jer.
196 4638 239 4678 x,
252 4630 292 4677 8,
304 4630 345 4671 7.

1410 916 1636 1041 DE
1750 916 2445 1043 LUMINE

562 1286 2043 1442 CHRISTIANAE
2201 1286 3278 1441 THEORIAE

1176 1686 1689 1796 LIBER

681 2400 1169 2467 ARTICULUS
1216 2398 1569 2465 PRIMUS.

372 2554 567 2621 Quod
624 2551 879 2629 aynitio
938 2568 1165 2609 rerum
1224 2556 1601 2609 creatarum
1662 2548 1877 2623 prosit

700 2642 790 2701 ad
828 2639 990 2716 fidei
1032 2638 1557 2715 incelliyentiam.

498 2840 1011 2909 ONSIDERATIO
1087 2838 1366 2922 denique
1440 2847 1877 2903 creaturarum

534 2943 745 3027 primo
801 2938 977 3002 utilis
1032 2945 1130 3002 est
1182 2936 1263 3001 ad
1321 2937 1879 3019 contemplandam

370 3051 437 3105 et
462 3039 911 3105 admirandam
942 3036 1255 3101 Creatoris
1294 3036 1675 3118 sapientiam
1700 3052 1715 3098 ε
1738 3054 1881 3118 quae

372 3140 607 3221 utique
646 3137 712 3199 in
752 3136 977 3200 ordine
1018 3142 1084 3199 et
1124 3134 1338 3197 stabili
1384 3133 1697 3215 regimine
1741 3132 1879 3195 uni-

371 3254 718 3303 versorum
774 3233 1106 3297 evidenter
1157 3232 1419 3295 relucet.
1472 3232 1651 3295 Sicut
1705 3231 1881 3293 enim

374 3338 443 3399 in
494 3336 737 3399 decoro
780 3331 1059 3396 aedificio
1115 3328 1387 3392 artificis
1434 3348 1535 3393 ars
1582 3348 1886 3411 expressa

374 3432 803 3515 conspicitur,
849 3430 943 3493 sic
992 3429 1057 3491 in
1104 3428 1409 3491 universo
1454 3427 1687 3491 divinae
1728 3427 1883 3489 artis

1802 1682 2684 1793 SECUNDUS

1904 2348 1953 2411 A
1985 2346 2178 2429 erigit
2230 2346 2519 2412 animum
2567 2347 2646 2411 ad
2695 2348 3202 2431 cognoscendam
3254 2349 3490 2415 divinae

1984 2446 2289 2509 bonitatis
2330 2446 2684 2527 largitatem
2720 2464 2736 2509 ε
2769 2446 2923 2509 dum
2957 2447 3258 2511 videlicet
3287 2448 3492 2513 consi-

1985 2545 2268 2619 deratur,
2305 2563 2384 2608 ex
2430 2544 2608 2608 nullo
2655 2546 2888 2609 merito
2928 2564 3167 2622 rerum,
3200 2548 3312 2611 sed
3355 2548 3490 2611 sola

1985 2642 2100 2705 Dei
2165 2642 2446 2706 bonitate
2496 2643 2738 2706 nullius
2787 2642 3136 2725 indigente,
3189 2644 3490 2708 universa

1988 2741 2243 2804 condita
2281 2759 2441 2804 esse.
2479 2741 2821 2805 Enimvero
2864 2744 2942 2805 ad
2984 2742 3488 2807 destructionem

1988 2838 2336 2901 multarum
2406 2839 2721 2903 haeresum
2799 2841 3108 2904 naturalis
3177 2841 3491 2923 sapientia

1987 2935 2223 2999 efficax
2262 2944 2360 2998 est
2392 2954 2408 2999 :
2441 2936 2610 2999 sicut
2638 2954 2860 3001 eorum
2891 2938 3002 3021 qui
3027 2957 3176 3021 non
3217 2940 3492 3002 aestima-

1988 3032 2143 3095 bant
2198 3035 2416 3098 omnia
2464 3034 2638 3097 entia
2692 3034 2774 3097 ab
2831 3053 2960 3099 uno
3011 3037 3266 3101 essendi
3315 3036 3492 3101 fonte

1988 3150 2339 3195 emanasse.
2375 3132 2606 3196 Contra
2635 3150 2796 3215 quos
2826 3133 2916 3195 ait
2943 3134 3314 3198 Aristoteles
3348 3150 3362 3197 t
3396 3134 3493 3199 Ab

1991 3230 2111 3293 hoc
2169 3230 2432 3312 quidem
2491 3239 2638 3293 ente
2695 3230 3000 3294 omnibus
3059 3234 3493 3296 communica-

1990 3335 2129 3392 tum
2173 3336 2270 3391 est
2311 3347 2452 3391 esse
2495 3336 2560 3391 et
2601 3329 2838 3392 vivere.
2881 3328 2999 3401 Qui
3044 3330 3240 3394 etiam
3284 3330 3490 3405 docet,

1992 3427 2498 3509 unumquodque
2551 3433 2800 3490 tantum
2859 3426 3096 3491 habere
3164 3430 3243 3492 de
3312 3428 3495 3492 boni-

374 3530 701 3615 sapientia
742 3528 1045 3592 cernitur.
1090 3525 1267 3589 Unde
1318 3525 1385 3587 in
1432 3524 1679 3588 Psalmo
1726 3524 1882 3587 dici-
1916 3532 1965 3595 Β
1991 3530 2141 3597 tate,
2199 3530 2513 3606 quantum
2580 3523 2877 3587 habuerit
2932 3524 3012 3587 de
3068 3526 3350 3589 entitate.
3421 3526 3492 3589 In

374 3632 487 3689 tur
536 3643 555 3687 ε
599 3626 801 3699 Quam
852 3622 1263 3705 magnificata
1308 3630 1459 3685 sunt
1506 3638 1699 3703 opera
1749 3628 1881 3694 tua,

376 3724 657 3787 Domine
690 3730 705 3785 1
755 3722 951 3786 nimis
995 3719 1329 3803 profundae
1369 3719 1555 3782 factae
1596 3726 1746 3781 sunt
1786 3735 1885 3781 co-

372 3822 727 3903 gitationes
774 3828 917 3884 tuae.
968 3818 1048 3883 Et
1092 3836 1314 3881 rursus
1364 3816 1679 3899 scriptum
1722 3824 1820 3879 est
1865 3833 1881 3879 t

376 3920 636 3983 Effudit
674 3918 875 3993 illam,
907 3915 1209 3980 videlicet
1246 3914 1649 3998 sapientiam,
1691 3932 1887 3995 super

374 4018 603 4082 omnia
652 4035 849 4099 opera
910 4034 1043 4078 sua.
1096 4014 1411 4089 Secundo,
1461 4012 1887 4075 consideratio

374 4124 824 4179 creaturarum
858 4114 1065 4177 elevat
1086 4119 1365 4175 mentem
1386 4112 1465 4174 ad
1492 4110 1885 4193 agnitionem

374 4216 623 4279 divinae
668 4214 925 4279 virtutis
966 4230 981 4275 :
1024 4231 1168 4295 quae
1211 4211 1277 4274 in
1321 4211 1443 4274 hoc
1484 4209 1744 4273 infinita
1780 4228 1888 4293 ap-

374 4322 589 4398 paret,
603 4313 775 4397 quod
805 4312 984 4375 nullo
1012 4310 1478 4395 proesupposito
1505 4310 1721 4373 omnia
1742 4326 1886 4392 pro-

374 4412 589 4477 duxit.
624 4412 714 4475 Ex
752 4410 1075 4493 agnitione
1111 4415 1326 4473 autem
1358 4408 1614 4471 virtutis
1652 4408 1887 4473 divinae

376 4511 677 4597 procedit
714 4511 909 4574 timor
942 4516 1010 4572 et
1043 4508 1400 4572 reverentia
1437 4508 1571 4583 Dei,
1614 4508 1781 4571 sicut
1820 4508 1887 4569 in

373 4602 661 4676 Ieremia
688 4610 965 4673 dicitur:
991 4606 1284 4691 Magnum
1314 4614 1411 4670 est
1439 4625 1672 4671 nomen
1701 4614 1884 4671 tuum

1992 3640 2121 3704 quo
2161 3622 2356 3686 claret
2394 3638 2618 3686 eorum
2658 3640 2836 3686 error
2863 3624 2974 3706 qui
3017 3624 3336 3706 ponebant
3365 3624 3495 3688 duo

1992 3720 2314 3803 principia
2343 3739 2583 3795 rerum,
2617 3720 2904 3784 dicentes
2932 3721 3176 3804 aliquid
3207 3740 3348 3785 esse
3378 3740 3494 3804 per

1994 3838 2061 3883 se
2108 3828 2172 3883 et
2217 3818 2642 3883 essentialiter
2691 3819 2953 3883 malum.

2073 3918 2400 3991 Praeterea,
2434 3918 2500 3980 in
2531 3915 2707 3980 omni
2739 3918 2962 3981 ordine
3004 3917 3308 3982 inferiora
3345 3916 3494 3981 sub-

1994 4024 2145 4080 sunt
2199 4015 2711 4079 sublimioribus.
2763 4016 2940 4079 Sicut
2994 4024 3208 4079 autem
3267 4024 3494 4081 natura

1996 4124 2093 4179 est
2134 4114 2424 4195 subjecta
2453 4114 2733 4177 Creatori
2771 4121 2836 4177 et
2873 4114 2932 4177 ei
2972 4133 3228 4197 parens,
3260 4115 3354 4178 sic
3381 4134 3490 4178 ne-

1996 4230 2174 4277 cesse
2211 4220 2308 4275 est
2344 4212 2698 4275 naturalem
2731 4229 2988 4276 omnem
3019 4214 3397 4295 sapientiam
3427 4220 3492 4277 et

1995 4311 2386 4394 agnitionem
2417 4328 2634 4373 rerum
2665 4319 3022 4374 creatarum
3051 4311 3284 4375 divinae
3313 4312 3490 4376 theo·

1998 4412 2106 4475 riae
2156 4428 2397 4494 parere.
2444 4408 2922 4474 Altissimarum
2961 4416 3176 4474 autem
3215 4418 3281 4475 et
3320 4410 3492 4475 diffi-

1997 4510 2222 4573 cilium
2254 4509 2591 4573 veritatum
2625 4525 2752 4571 non
2781 4507 2860 4572 fit
2887 4509 3208 4573 humanus
3236 4510 3492 4573 animus

1998 4608 2484 4691 contemplator,
2509 4606 2783 4671 naturali
2821 4608 3066 4683 ordine,
3089 4608 3216 4671 nisi
3245 4626 3360 4690 per
3389 4628 3494 4671 na·

376 4712 447 4775 in
482 4710 907 4787 fortitudine3
939 4708 1084 4790 quis
1115 4726 1242 4771 non
1274 4706 1531 4769 timebit
1572 4713 1657 4781 te,
1690 4724 1729 4770 o
1757 4705 1887 4769 Rex
1923 4706 1967 4772 C
1996 4708 2271 4772 turalem
2311 4706 2692 4789 sapientiam
2720 4713 2785 4769 et
2812 4706 3146 4770 scientiam
3188 4707 3494 4771 exercite-

372 4810 725 4892 gentium?
782 4806 1015 4881 Tertio,
1073 4806 1211 4870 haec
1269 4806 1409 4889 ipsa
1464 4806 1889 4869 consideratio

375 4911 447 4971 in
508 4908 628 4971 Dei
686 4923 969 4969 amorem
1026 4912 1309 4967 mentem
1366 4905 1682 4985 accendit,
1732 4905 1885 4967 dum

372 5006 705 5089 quidquid
747 5004 997 5069 decoris
1034 5012 1100 5067 et
1136 5003 1440 5067 bonitatis
1468 5021 1544 5067 ac
1572 5005 1887 5068 desidera-

374 5105 657 5169 bilitatis
711 5106 781 5168 in
832 5106 1061 5169 creatis
1110 5104 1383 5186 sparsim
1432 5104 1701 5179 exsistit,
1752 5103 1887 5166 uni-

376 5208 505 5268 tim
547 5211 616 5267 et
650 5206 1207 5288 supereminenter
1246 5204 1625 5283 intelligitur
1654 5204 1890 5267 divinae

376 5304 663 5371 bonitati
712 5305 940 5367 inesse.
993 5304 1247 5379 Quarto,
1298 5303 1723 5366 consideratio
1770 5303 1891 5368 ista

1996 4815 2103 4871 tur
2132 4814 2196 4871 et
2223 4814 2496 4889 aptetur.
2531 4806 2623 4869 Ad
2659 4825 2882 4870 earum
2927 4807 3120 4887 igitur
3148 4806 3494 4871 veritatum

1996 4906 2388 4989 agnitionem
2435 4923 2578 4987 quae
2625 4924 2820 4987 super
2867 4922 3122 4968 omnem
3181 4906 3494 4970 rationem

1998 5013 2168 5079 sunt,
2211 5004 2574 5087 disponitur
2615 5004 2978 5066 intellectus
3012 5022 3027 5066 :
3063 5011 3133 5065 ut
3171 5005 3272 5068 vel
3315 5024 3496 5088 capa-

2000 5106 2133 5169 cior
2163 5122 2384 5167 earum
2422 5102 2560 5177 fiat,
2605 5103 2707 5165 vel
2739 5102 3122 5185 profundius
3153 5123 3258 5167 eas
3292 5105 3495 5167 inten-

2000 5206 2128 5278 dat,
2192 5203 2294 5266 vel
2354 5202 2572 5284 plures
2642 5202 2980 5265 rationales
3051 5204 3495 5285 persuasiones

2003 5303 2290 5387 ipsarum
2340 5299 2730 5384 speculetur,
2781 5306 2846 5363 et
2899 5301 2978 5364 ad
3028 5300 3492 5369 defendendam
