4300 6259
670 3362 752 3401 art.
778 3370 835 3400 xv

638 3549 721 3589 art.

738 3558 835 3588 ΧΧΧΙ

890 499 1013 567 374

1497 519 1577 567 ΒΕ
1618 518 1845 565 Lmnrm
1887 516 2272 565 cums‘rlANAE
2313 514 2614 571 mecam,
2661 514 2836 560 mmm
2877 514 2916 558 1.
2951 531 3030 541 —
3072 514 3210 559 Am.
3258 511 3403 559 cvm

893 690 1199 774 losophiae
1257 699 1447 774 patet.
1502 691 1573 753 Ei
1634 709 1784 771 ergo
1840 688 1949 772 qui
2010 686 2392 770 simpliciter
2422 685 2474 749 A
2504 686 2859 768 perfectum
2889 691 2984 747 est
3012 684 3091 747 ad
3120 680 3752 766 agendum,videlicet
3776 680 3830 741 in
3857 678 3958 742 sci-

894 788 1216 871 perfectus
1246 797 1362 865 est,
1384 790 1682 852 convenit
1712 787 1994 871 perfecta
2022 786 2389 861 causalitas:

896 906 1039 969 quae
1085 888 1306 969 utique
1351 906 1475 951 non
1524 894 1621 950 est
1664 888 1788 949 nisi
1841 885 1949 948 illa
1995 904 2137 966 quae
2180 884 2397 947 omnia

893 992 1120 1068 potest.
1176 986 1341 1049 Deus
1389 1004 1537 1067 ergo
1586 985 1991 1067 omnipotens
2039 989 2153 1045 est.
2209 982 2398 1045 Porro

896 1084 1177 1148 materiai
1216 1093 1313 1147 est
1357 1084 1487 1166 pati
1530 1092 1594 1147 et
1641 1084 1923 1162 moveri3
1965 1082 2184 1145 formae
2224 1098 2393 1153 vero,

895 1201 1081 1264 agere
1130 1190 1193 1245 et
1242 1202 1516 1247 movere.
1574 1184 1801 1245 Forma
1847 1200 2102 1263 quoque
2161 1178 2395 1262 duplex

896 1288 1013 1355 est,
1075 1288 1301 1363 utputa
1361 1280 1713 1344 informans
1772 1287 1836 1341 et
1892 1278 2048 1342 soris
2109 1297 2391 1340 manens.

895 1378 1023 1443 Nec
1067 1379 1338 1442 dubium
1391 1380 1549 1461 quin
1596 1378 1817 1442 sormae
1861 1376 2016 1440 soris
2068 1384 2397 1438 manentes

898 1478 1027 1540 sint
1056 1478 1442 1540 causaliores
1471 1478 1736 1539 ceteris:
1759 1476 2022 1538 materia
2052 1476 2226 1537 enim
2248 1474 2397 1536 acti-

899 1576 1162 1638 vitatem
1192 1582 1258 1639 et
1287 1574 2009 1639 communicabilitatem
2044 1573 2264 1636 formae
2295 1572 2399 1633 de-

899 1674 1203 1736 terminat
1232 1682 1295 1736 et
1325 1680 1618 1736 coarctat.
1637 1673 1802 1735 Deus
1834 1680 2042 1735 autem
2072 1679 2171 1733 est
2198 1670 2402 1733 forma

899 1771 1116 1835 omnia
1174 1770 1476 1844 formam,
1530 1778 1591 1832 et
1650 1769 2015 1833 omnimode
2071 1768 2225 1831 soris
2279 1787 2402 1830 ma-

2505 802 2594 857 re,
2630 802 2816 865 posse
2846 791 2909 845 et
2940 783 3103 846 velle
3139 800 3152 845 :
3188 782 3544 864 praesertim
3576 780 3639 842 in
3677 778 3820 841 scire
3845 794 3956 839 non

2505 882 2900 955 obnubilato,
2947 900 3130 963 posse
3175 900 3302 944 non
3353 879 3682 962 impedit0,
3723 884 3780 939 et
3815 874 3960 939 velle

2505 1000 2542 1043 a
2600 998 2862 1043 rancore
2912 998 3172 1062 prorsus
3221 981 3519 1060 relegam.
3566 976 3734 1052 Quod
3777 982 3960 1037 autem

2507 1079 2776 1141 scientia
2823 1086 2886 1140 et
2926 1079 3206 1160 potentia
3243 1086 3434 1160 atque
3477 1076 3761 1139 voluntas
3795 1072 3960 1155 primi

2508 1178 2773 1259 agentis,
2796 1176 2876 1239 ab
2907 1175 3080 1239 om'ni
3116 1176 3379 1251 invidia,
3413 1174 3766 1238 resistentia
3788 1172 3962 1242 omni,

2510 1284 2573 1339 et
2619 1277 2790 1339 omni
2854 1275 3378 1339 obtenebratione
3427 1274 3614 1354 longe
3658 1273 3870 1334 distent
3911 1278 3967 1332 et

2511 1375 2766 1457 penitus
2827 1374 3042 1437 liberae
3101 1375 3251 1447 sint,
3314 1372 3604 1455 agnoscit
3656 1371 3760 1453 qui
3811 1370 3970 1431 novit

2511 1473 2678 1555 quod
2721 1473 2888 1535 Deus
2925 1481 3020 1535 est
3062 1473 3123 1534 id
3164 1490 3291 1553 quo
3331 1472 3421 1533 nil
3461 1470 3712 1551 dignius
3747 1466 3968 1548 concipi

2513 1578 2738 1651 potest.
2765 1570 2931 1632 Deus
2963 1588 3112 1650 ergo
3143 1571 3207 1632 in
3239 1570 3484 1650 agendo
3513 1565 3972 1631 efficacissimus

2511 1676 2627 1741 est,
2661 1676 2724 1731 et
2765 1687 2912 1731 vere
2955 1669 3383 1750 omnipotens.

2592 1768 2880 1849 Insuper,
2914 1767 3152 1848 triplici
3197 1766 3274 1829 de
3317 1785 3506 1829 causa
3545 1764 3837 1845 contingit
3871 1762 3973 1825 ali-

899 1877 1361 1952 nenS‚propter
1392 1870 1597 1951 ipsam
1630 1888 1809 1931 suam
1844 1866 2400 1950 puram,supervi-
2431 1864 2477 1925 B
2515 1865 2669 1947 quid
2728 1882 2856 1927 non
2915 1882 3101 1947 posse
3147 1864 3226 1927 ab
3282 1864 3500 1946 aliquo
3549 1862 3818 1946 produci.
3865 1863 3976 1924 Aut

898 1966 1107 2029 valem
1140 1976 1203 2030 et
1233 1967 1833 2030 incommiscibilem
1866 1967 2405 2046 bonitatemtergo

900 2065 1042 2146 ejus
1086 2066 1289 2127 virtus
1340 2064 1633 2138 causaliS,
1681 2065 1942 2127 omnino
1995 2062 2407 2126 incoarctahi-

901 2162 981 2225 lis
1027 2171 1139 2225 est.
1176 2164 1255 2225 At
1298 2181 1448 2225 vero
1494 2163 1719 2225 modus
1761 2163 1985 2244 agendi
2031 2160 2405 2243 parificatur

904 2261 1093 2323 modo
1142 2260 1439 2339 essendi3
1480 2260 1773 2323 divinum
1822 2268 2034 2322 autem
2075 2277 2215 2322 esse
2254 2259 2406 2321 sim-

904 2358 1157 2441 pliciter
1205 2358 1562 2439 perfectum
1617 2365 1712 2420 est
1758 2374 1773 2419 ε
1821 2358 2022 2439 ipsius
2065 2375 2215 2438 ergo
2265 2375 2407 2418 cau·

902 2456 1117 2519 salitas
1174 2456 1579 2539 omnipotens
1636 2463 1753 2529 est,
1813 2456 1997 2517 aliter
2054 2473 2181 2517 non
2240 2462 2406 2517 esset

902 2553 1209 2636 perfecta.

981 2651 1511 2732 AmpliuS,agens
1545 2651 1611 2713 in
1640 2651 1876 2713 virtute
1907 2658 2098 2733 atque
2129 2650 2407 2713 essentia

901 2750 1155 2831 penitus
1199 2748 1553 2822 infinitum,
1590 2767 1716 2812 non
1757 2749 2164 2830 restringitur
2193 2749 2270 2810 ad
2303 2750 2408 2810 de-

902 2848 1275 2910 terminatos
1326 2847 1621 2921 effectuS,
1674 2846 1797 2909 nisi
1850 2866 1963 2928 per
2012 2846 2404 2909 voluntatem

904 2954 968 3007 et
1010 2946 1343 3007 scientiam
1392 2945 1753 3007 intellectus
1802 2962 1814 3007 :
1862 2945 2045 3007 aliter
2086 2944 2259 3006 enim
2307 2945 2409 3005 ha-

2514 1963 2666 2045 quia
2723 1980 2850 2024 non
2910 1964 3102 2025 habet
3149 1962 3642 2025 similitudinem
3687 1968 3749 2023 et
3788 1959 3978 2023 afl'ini·

2512 2067 2707 2122 tatem
2754 2079 2899 2122 cum
2950 2079 3140 2123 causa
3179 2062 3460 2143 (oportet
3505 2060 3676 2122 enim
3719 2058 3910 2121 simile
3945 2076 3976 2118 a

2516 2158 2713 2221 simili
2754 2159 3127 2240 procedere)
3170 2176 3184 2220 :
3227 2158 3760 2240 quemadmodum
3797 2156 3979 2217 virtus

2516 2276 2657 2339 quae
2697 2264 2794 2318 est
2832 2257 2897 2318 in
2938 2257 3184 2319 semine
3223 2256 3541 2329 animalis,
3576 2256 3839 2337 plantam
3869 2270 3981 2315 non

2518 2362 2725 2437 potest
2793 2355 3168 2437 producere,
3231 2374 3432 2437 quum
3499 2362 3710 2416 tamen
3771 2350 3984 2415 animal

2519 2453 2870 2534 producere
2901 2460 3112 2533 queat,
3147 2452 3318 2534 quod
3358 2452 3576 2535 planta
3616 2450 3988 2533 praestantius

2518 2558 2630 2611 est.
2687 2550 2978 2614 Secundo
3027 2550 3236 2624 modo,
3288 2550 3441 2632 quia
3489 2549 3755 2611 effectus
3803 2546 3990 2609 excel-

2519 2648 2712 2711 lentia
2745 2649 2995 2711 excedit
3023 2650 3327 2712 virtutem
3367 2657 3431 2711 et
3473 2650 3730 2711 modum
3758 2663 3986 2709 causae:

2519 2747 2686 2809 sicut
2719 2747 3232 2830 incorruptibilia
3273 2766 3400 2810 non
3440 2753 3708 2830 possunt
3742 2763 3992 2808 acorru·

2520 2845 2857 2927 ptibilibus
2889 2846 3176 2928 produci.
3197 2846 3428 2920 Tertio,
3456 2854 3712 2928 propter
3739 2843 3992 2925 indispo-

2519 2945 2817 3007 sitionem
2869 2944 3148 3007 materiae
3192 2962 3206 3006 :
3248 2946 3400 3027 quia
3435 2954 3618 3007 actus
3661 2944 3986 3007 activorum

907 3042 1266 3105 bitudinem
1327 3050 1390 3105 et
1438 3044 1915 3125 proportionem
1968 3061 2093 3105 non
2147 3043 2407 3105 haberet
2440 3042 2482 3104 C
2520 3050 2669 3105 sunt
2713 3042 2774 3104 in
2823 3042 3216 3124 patientibus
3263 3043 3748 3126 praedispositiS,
3791 3060 3991 3105 secun·

906 3141 985 3203 ad
1025 3140 1319 3215 effectuS,
1366 3142 1476 3223 qui
1520 3140 1689 3203 siniti
1735 3150 1884 3204 sunt
1927 3142 1991 3203 in
2035 3159 2304 3203 numero
2346 3148 2408 3203 et

908 3238 1323 3321 perfectione,
1359 3248 1427 3302 ut
1468 3240 1694 3322 probat
1731 3239 2107 3302 Avicebron.
2145 3240 2213 3301 ln
2256 3259 2409 3321 prae·

836 3337 1144 3401 „habitis
1193 3355 1345 3401 vero
1385 3338 1514 3419 jam
1563 3338 1909 3401 deductum
1961 3346 2077 3412 est,
2124 3338 2406 3419 primum

909 3435 1301 3521 principium
1337 3436 1664 3497 infinitum
1705 3454 1844 3498 esse
1883 3436 1949 3498 in
1988 3454 2127 3497 esse
2168 3443 2231 3497 et
2270 3454 2410 3517 pos-

838 3558 879 3588 x·
911 3552 999 3607 se,
1047 3543 1110 3595 et
1156 3535 1328 3616 quod
1368 3551 1494 3595 non
1539 3542 1682 3615 agat
1723 3534 2099 3597 necessitate
2143 3542 2406 3608 naturae,

910 3633 1022 3695 sed
1066 3632 1527 3713 sapientialiter
1564 3638 1627 3694 et
1667 3631 2018 3694 liberrime.
2052 3632 2232 3695 Ratio
2261 3650 2410 3713 ergo

909 3730 1459 3793 determinationis
1510 3749 1725 3791 rerum
1778 3738 2131 3791 creatarum
2181 3738 2278 3792 est
2319 3730 2409 3792 di-

909 3828 1061 3890 vina
1091 3827 1385 3891 voluntas
1422 3845 1435 3889 :
1473 3827 1742 3910 ideoque
1771 3828 1895 3890 alia
1922 3847 1959 3890 a
1988 3848 2055 3891 se
2086 3828 2253 3891 Deus
2284 3847 2409 3890 non

910 3927 1049 3989 vult
1089 3926 1379 3989 absoluta
1422 3927 1821 3999 necessitate,
1863 3926 1974 3988 sed
2019 3945 2093 3988 ea
2136 3927 2410 3988 necessi-

909 4032 1039 4087 tate
1086 4026 1417 4087 dumtaxat
1465 4044 1606 4105 quae
1656 4032 1755 4086 est
1812 4043 1889 4086 ex
1947 4024 2405 4106 suppositione.

911 4124 1219 4197 Quoniam
1263 4140 1541 4204 namque
1588 4122 1791 4205 ipsius
1834 4121 2128 4186 voluntas
2173 4123 2413 4185 incom—

916 4220 1245 4284 mutabilis
1292 4228 1409 4295 est,
1459 4220 1629 4302 quod
1688 4220 1888 4283 semel
1942 4221 2099 4295 vult,
2160 4230 2660 4303 semperDtum
2729 4221 3099 4303 hujusmodi
3168 4240 3294 4286 non
3364 4233 3723 4305 repugnant

916 4320 1055 4382 vult
1094 4320 1447 4381 secundum
1489 4319 1781 4382 ordinem
1822 4338 1951 4400 quo
1989 4320 2258 4382 volitum
2291 4320 2414 4381 tale

916 4417 1087 4481 cadit
1145 4417 1209 4478 in
1269 4416 1608 4480 volentem.
1672 4417 2063 4498 Simpliciter
2118 4436 2269 4498 ergo
2329 4418 2415 4480 lo-

917 4515 1193 4598 quendo,
1239 4532 1367 4578 non
1411 4522 1507 4577 est
1550 4514 1767 4576 divina
1814 4515 2015 4577 virtus
2063 4516 2128 4577 in
2173 4517 2417 4596 agendo

918 4612 1299 4686 limitabilis,
1358 4613 1470 4674 sed
1527 4612 1740 4674 omnia
1799 4612 1984 4675 valet.
2050 4612 2413 4687 EnimverO,

917 4729 1047 4795 quo
1090 4730 1277 4773 causa
1318 4712 1383 4773 in
1427 4709 1709 4773 bonitate
1753 4717 1817 4771 et
1859 4710 2099 4773 divitiis
2150 4711 2417 4774 uberan-

917 4812 1043 4874 tior
1092 4810 1305 4883 fuerit,
1352 4827 1427 4872 eo
1485 4809 1562 4871 ad
1621 4809 2267 4873 communicationem
2317 4812 2416 4873 sui

920 4910 1239 4993 potentior
1296 4917 1409 4971 est.
1461 4908 1528 4970 ld
1584 4925 1733 4988 ergo
1795 4907 1981 4988 cujus
2041 4916 2266 4971 natura
2323 4920 2420 4972 est

921 5007 1478 5089 incircumscripta
1509 5006 1780 5080 bonitaS,
1807 5006 2302 5070 interminabilis
2333 5008 2420 5070 ef·

920 5108 1164 5172 ficaciae
1206 5114 1302 5170 est
1344 5105 1410 5168 in
1453 5106 1714 5186 agendo.

1001 5206 1294 5289 Amplius
1335 5206 1426 5285 (et
1474 5210 1571 5266 est
1617 5202 1775 5264 ratio
1822 5203 1956 5266 haec
2004 5222 2082 5265 ex
2130 5204 2418 5267 doctrina

920 5306 1196 5369 Platonis
1252 5300 1557 5384 sumpta),
1606 5318 1799 5382 agens
1856 5318 2045 5363 omne
2094 5300 2163 5363 in
2211 5301 2416 5365 tribus

2519 3141 2670 3203 dum
2733 3141 3204 3222 Philosophum.
3265 3141 3453 3204 Nullo
3511 3150 3725 3205 autem
3783 3141 3988 3203 horum

2521 3240 2848 3302 modorum
2882 3247 3090 3322 potest
3117 3240 3358 3321 aliquid
3388 3241 3642 3303 excludi
3672 3260 3708 3302 a
3735 3238 3990 3323 potentia

2520 3339 2752 3402 divinae
2782 3339 3172 3401 causalitatis
3206 3357 3219 3401 ε
3254 3339 3566 3421 quidquid
3599 3340 3768 3402 enim
3797 3338 3991 3419 aliquo

2522 3438 2710 3499 modo
2741 3436 3258 3519 participativum
3293 3446 3389 3499 est
3419 3456 3582 3507 esse.
3607 3439 3672 3500 in
3703 3438 3818 3501 hoc
3846 3438 3990 3519 ipso,

2521 3536 2730 3617 primo
2781 3536 2913 3597 enti
2971 3536 3384 3610 assimilatur,
3445 3555 3689 3609 rursus,
3746 3536 3994 3617 dignitas

2524 3634 2746 3716 primae
2786 3653 2990 3697 causae
3029 3634 3330 3697 omnibus
3370 3636 3832 3717 superexaltata
3874 3641 3992 3697 est:

2523 3741 2585 3794 et
2614 3732 2918 3813 quoniam
2951 3733 3116 3794 Deus
3146 3732 3339 3794 etiam
3373 3734 3656 3797 materiae
3683 3752 3866 3795 causa
3891 3740 3994 3803 est,

2523 3830 2927 3912 indispositio
2961 3829 3238 3893 materiae
3281 3830 3405 3912 ipsi
3447 3831 3672 3912 nequit
3703 3832 3993 3901 resistere,

2523 3928 2856 4010 potissime
2900 3946 3099 4009 quum
3144 3929 3391 4011 primus
3433 3938 3608 3992 actor
3657 3930 3723 3992 in
3769 3930 3996 3991 actione

2522 4045 2636 4088 sua
2679 4026 2844 4087 nihil
2886 4035 3355 4109 praesupponat.
3404 4028 3571 4089 Deus
3613 4046 3765 4109 ergo
3803 4028 3996 4090 omnia

2524 4132 2732 4207 potest
2761 4144 2901 4206 quae
2931 4125 3062 4186 enti
3096 4124 3264 4187 facto
3293 4125 3391 4187 vel
3426 4126 3694 4189 factibili
3726 4128 3790 4189 in
3821 4145 3996 4209 quan—

3781 4242 3797 4286 :
3857 4224 3996 4287 illud

2523 4321 2695 4383 enim
2728 4327 2826 4382 est
2852 4319 3177 4401 objectum
3207 4321 3594 4383 causalitatis
3631 4323 3864 4386 divinae
3890 4322 4000 4383 vir-

2524 4418 2698 4480 tutiS.
2754 4418 2861 4479 Est
2919 4418 3114 4499 igitur
3170 4418 3335 4481 Deus
3396 4419 3460 4482 in
3515 4422 3760 4501 agendo
3813 4421 4000 4484 omni-

2526 4524 2750 4598 potens
2777 4534 2790 4578 ε
2816 4517 2986 4598 quod
3015 4534 3133 4578 nec
3163 4516 3566 4581 Aristotelem
3601 4519 3785 4581 latuit
3812 4538 4000 4601 neque

2525 4615 2934 4677 Avieennam.
3003 4614 3374 4678 Aristoteles
3443 4635 3676 4699 nempe
3747 4618 4004 4699 philoso-

2528 4715 2724 4797 phum
2758 4714 3098 4795 quemdam
3140 4715 3400 4777 nomine
3427 4716 3820 4797 Agathonem
3851 4735 4002 4779 com-

2530 4814 2804 4886 mendat,
2858 4812 3162 4894 quoniam
3213 4813 3304 4875 nil
3355 4813 3476 4876 nisi
3532 4814 3926 4896 impossihile
3973 4834 4004 4875 a

2527 4911 2743 4973 divina
2773 4910 3059 4993 potentia
3088 4910 3378 4973 exclusit.
3415 4911 3740 4975 Avieenna
3768 4931 4005 4995 quoque

2527 5009 2708 5081 dixit,
2742 5008 2912 5090 quod
2954 5008 3096 5071 ideo
3134 5009 3416 5090 primum
3461 5010 3856 5092 principium
3893 5030 4006 5073 om·

2527 5107 2822 5189 nipotens
2859 5114 2975 5178 est,
3017 5106 3168 5187 quia
3205 5106 3423 5168 omnia
3459 5114 3667 5189 potest
3704 5128 3850 5190 quae
3888 5108 4006 5171 vult

2527 5212 2589 5267 et
2617 5204 2784 5267 sicut
2813 5204 2966 5265 vult.
3004 5203 3339 5286 Propterea
3371 5204 3436 5266 in
3477 5202 3642 5267 libro
3671 5206 4002 5270 Causarum

2525 5302 2846 5377 scribitur,
2908 5302 3077 5383 quod
3135 5301 3420 5384 primum
3477 5310 3575 5364 est
3629 5304 3834 5368 virtus
3899 5306 4005 5369 vir·
