4300 6259
980 524 1059 571 DE
1100 524 1327 571 LUfflNE
1370 522 1749 569 cflfflSTlANAE
1791 522 2091 580 Tussomffi,
2137 525 2312 572 LIBER
2355 528 2418 573 11.
2465 548 2546 559 --
2587 532 2724 577 ΛΒΤ.
2771 532 2852 579 XV

3347 514 3468 580 405

358 692 613 757 fabulas
668 693 999 767 admiscet,
1051 694 1283 757 veteris
1340 712 1415 755 ac
1474 710 1653 756 novae
1704 692 1861 774 legis
1892 690 1939 753 A
1975 712 2054 775 pe
2097 694 2198 758 his
2246 716 2388 778 quae
2437 706 2666 763 nostrae
2710 701 3022 765 voluntati
3066 702 3359 776 subsunt,
3405 710 3470 765 et

355 792 781 855 doctrinalem
839 794 1071 855 seriem
1131 792 1439 855 fabulosis
1488 791 1861 854 narrationi·

355 889 475 952 bus
538 908 977 973 corrumpens.
1031 892 1369 972 Propterea
1416 897 1623 951 astuta
1677 889 1858 952 adin-

356 989 681 1062 ventione,
715 1008 923 1071 neque
968 988 1199 1053 veteris
1230 988 1615 1051 Testamenti
1652 1006 1858 1070 neque

356 1086 511 1149 fidei
570 1088 935 1151 christianae
996 1087 1193 1151 libros
1259 1087 1609 1169 dereliquit
1666 1094 1861 1149 secta-

354 1185 605 1247 toribus
647 1186 781 1247 suis
827 1185 1149 1267 legendoS,
1182 1205 1264 1248 ne
1301 1185 1513 1248 forsan
1554 1202 1859 1267 sequaces

355 1283 478 1357 sui,
513 1284 567 1345 si
599 1284 943 1365 diligenter
985 1302 1091 1347 eos
1124 1283 1549 1365 adspicerent,
1587 1282 1858 1365 propriae

357 1380 515 1461 legis
566 1380 907 1445 falsitatem
960 1401 1037 1444 ex
1090 1382 1185 1445 013
1232 1388 1668 1462 agnoscerent.
1720 1380 1857 1443 Non

355 1479 529 1541 enim
564 1479 1019 1562 Prophetarum
1050 1480 1297 1543 oracula
1326 1479 1385 1543 ei
1416 1480 1581 1541 sicut
1611 1477 1859 1541 Christo

358 1577 799 1642 testimonium
844 1579 1207 1661 perhibent,
1258 1597 1375 1642 nec
1433 1578 1624 1640 etiam
1680 1577 1859 1659 signa

357 1683 466 1737 aut
510 1676 839 1751 miracula,
875 1696 1017 1759 quae
1066 1676 1285 1739 divina
1330 1683 1579 1739 tantum
1624 1676 1857 1738 virtute

356 1774 759 1847 efficiuntur,
801 1776 1005 1858 ipsius
1050 1776 1251 1857 legem
1292 1774 1647 1837 stabiliunt.
1684 1775 1857 1837 Unde

1970 793 2206 875 quibus
2267 794 2466 860 libere
2525 800 2953 880 providemus
3008 802 3467 865 Praeostensum

1968 891 2180 953 denuo
2211 900 2328 965 est,
2363 897 2532 977 quod
2573 898 2782 960 omnis
2823 907 3048 963 natura
3086 900 3320 963 divinae
3358 919 3466 981 ap·
3521 920 3597 965 ub.
3619 920 3653 973 1,
3676 926 3760 967 art.

1970 990 2378 1071 prehensioni
2411 997 2771 1059 necessario
2803 1006 3038 1079 pareat,
3073 1016 3149 1061 eo
3179 998 3349 1081 quod
3379 999 3468 1061 di·
3495 997 3574 1030 ⁰¹¹·

1968 1087 2156 1150 vinus
2215 1089 2576 1155 intellectus
2635 1096 2720 1156 sit
2778 1114 3076 1159 mensura
3135 1116 3346 1159 rerum
3406 1104 3470 1161 et

1969 1184 2228 1249 fontana
2267 1190 2518 1253 veritas.
2555 1192 2720 1254 Deus
2763 1212 2911 1273 ergo
2953 1213 3101 1257 vere
3145 1213 3258 1277 per
3297 1214 3364 1257 se
3407 1202 3470 1257 et

1968 1285 2344 1349 naturaliter
2381 1289 2826 1353 universorum
2877 1292 3186 1354 Dominus
3225 1300 3336 1355 est.
3370 1293 3472 1356 Nil

1965 1388 2182 1443 autem
2233 1386 2682 1462 secundorum,
2727 1388 2850 1451 nisi
2896 1397 3156 1471 propter
3191 1389 3476 1453 eminen-

1966 1475 2194 1540 tiorem
2228 1480 2570 1560 quamdam
2603 1482 2836 1547 divinae
2858 1485 3338 1566 superexaltatae
3367 1505 3472 1549 ex-

1968 1575 2280 1641 cellentiae
2313 1579 2890 1663 participationem,
2924 1584 3161 1646 dicitur
3199 1584 3472 1647 aliorum

1967 1674 2284 1737 dominus.
2323 1676 2714 1743 Rationabile
2754 1687 2852 1743 est
2889 1680 3124 1764 itaque,
3161 1689 3230 1743 ut
3267 1682 3470 1746 famu-

1970 1772 2131 1835 latus
2177 1774 2287 1856 qui
2334 1794 2588 1839 summo
2628 1778 2897 1841 Domino
2939 1779 3301 1855 exhibetur,
3341 1780 3470 1843 sin-

358 1881 625 1947 constat‚
660 1876 829 1956 quod
860 1874 1123 1937 omnino
1164 1892 1278 1956 per
1316 1873 1683 1956 oppositum
1726 1890 1855 1935 mo·
1885 1876 1932 1937 B
1965 1871 2252 1951 gularem
2312 1872 2542 1937 habeat
2598 1876 3112 1958 appellationem.
3177 1880 3350 1942 Unde
3407 1885 3472 1941 et

360 1972 513 2033 dum
560 1972 919 2034 introducta
964 1972 1045 2035 sit
1088 1972 1345 2034 traditio
1388 1972 1528 2052 ejus
1570 1990 1607 2033 a
1654 1970 1859 2034 forma

360 2070 783 2132 institutionis
827 2070 1189 2134 christianae
1234 2071 1513 2133 theoriae.
1552 2070 1704 2150 Ejus
1750 2067 1861 2151 igi-

360 2176 463 2229 tur
504 2170 837 2233 credentes
882 2170 1306 2243 documentiS,
1354 2167 1542 2231 facile
1593 2168 1861 2230 credunt

358 2286 501 2349 quae
534 2286 743 2350 neque
786 2268 1057 2330 naturali
1100 2268 1329 2330 rationi
1368 2286 1577 2350 neque
1609 2266 1859 2329 veritati

359 2366 517 2447 legis
554 2374 665 2428 aut
702 2367 1028 2447 Evangelii
1072 2384 1349 2430 consona
1392 2373 1561 2428 sunt.
1602 2402 1683 2411 —
1720 2366 1860 2447 lpse

360 2471 573 2527 tamen
620 2465 828 2547 legem
872 2474 1153 2529 nostram
1204 2484 1331 2529 non
1382 2465 1701 2547 reprobat,
1748 2464 1859 2528 sed

356 2564 571 2625 Jesum
614 2563 703 2625 ait
746 2582 887 2627 esse
939 2564 1229 2626 Messinm
1280 2581 1475 2645 super
1516 2562 1703 2644 cujus
1753 2562 1859 2624 ad-

358 2668 554 2723 ventu
594 2660 921 2743 Prophetas
962 2662 1285 2725 vaticinati
1329 2668 1517 2740 sunt3
1550 2669 1614 2723 et
1656 2660 1859 2743 ipsius

360 2768 627 2822 matrem
682 2759 916 2823 fatetur
962 2778 1103 2823 esse
1154 2760 1494 2842 virginem,
1548 2767 1613 2822 et
1668 2778 1862 2841 super

357 2874 581 2920 omnes
640 2857 943 2921 mulieres
991 2857 1263 2921 electam
1309 2876 1382 2919 ac
1432 2857 1855 2921 benedictam.

354 2955 685 3019 Aviccnna
713 2956 1113 3038 quoque,qui
1145 2955 1573 3017 Mahometum
1603 2961 1859 3017 secutus

1966 1970 2135 2051 apud
2181 1970 2452 2047 GraecoS,
2498 1971 2844 2038 famulatus
2895 1995 3148 2039 summo
3191 1978 3321 2041 Deo
3367 1978 3470 2040 de-

1968 2067 2164 2143 bitus,
2207 2069 2390 2133 latria
2435 2071 2822 2137 nominatur.
2867 2075 3078 2149 Porro,
3123 2075 3333 2137 cultus
3377 2076 3468 2137 di-

1968 2166 2135 2229 citur
2193 2168 2478 2231 studium
2537 2190 3013 2254 praeoperosum
3073 2174 3243 2256 quod
3295 2173 3472 2236 circa

1966 2264 2210 2347 aliquid
2249 2266 2610 2341 exhibetur,
2643 2277 2752 2331 aut
2793 2270 3166 2334 exercitatio
3208 2289 3473 2353 operan-

1968 2362 2051 2423 tis
2080 2363 2366 2425 studiosa
2405 2364 2574 2428 circa
2611 2367 2874 2449 aliquid.
2911 2368 3023 2431 llla
3063 2387 3342 2451 namque
3373 2386 3474 2431 co·

1972 2459 2100 2522 lere
2132 2459 2410 2523 dicimur
2440 2463 2668 2545 quibus
2701 2482 2813 2546 per
2852 2483 3044 2547 opera
3087 2474 3302 2529 nostra
3341 2473 3470 2529 stu-

1968 2557 2147 2619 dium
2178 2558 2573 2621 adhibemus.
2591 2560 2680 2623 Ex
2710 2562 2809 2624 his
2839 2562 3026 2625 facile
3055 2570 3152 2627 est
3179 2564 3470 2646 accipere

1969 2656 2123 2738 quid
2167 2657 2250 2719 sit
2291 2658 2504 2721 cultus
2549 2659 2764 2723 latriae.

2050 2754 2333 2817 Colimus
2381 2762 2595 2819 autem
2645 2758 2847 2820 Deum
2897 2758 3265 2841 duplicibus
3313 2760 3467 2822 acti-

1968 2851 2089 2915 bus
2139 2871 2153 2915 :
2202 2854 2625 2917 exterioribus
2678 2854 2997 2929 videlicet,
3044 2864 3107 2919 et
3155 2856 3470 2920 interiori-

1969 2949 2109 3011 11113.
2145 2951 2456 3024 Quoniam
2487 2954 2723 3015 etenim
2758 2952 2878 3016 1100
2919 2955 3332 3017 connaturale
3373 2963 3473 3017 est

358 3063 475 3127 est,
521 3055 740 3117 Jesum
786 3053 1061 3116 antefert
1106 3054 1461 3116 Mahometo
1508 3053 1573 3115 in
1624 3053 1859 3116 virtute
1890 3058 1933 3123 C
1970 3048 2241 3122 homini,
2303 3056 2372 3112 ut
2427 3068 2504 3112 ex
2563 3050 2970 3115 sensibilium
3027 3052 3352 3133 agnitione
3407 3061 3473 3115 et

357 3160 421 3216 et
477 3152 815 3234 sapientia,
877 3152 1423 3234 quemadmodum
1479 3151 1860 3213 duodecimo

358 3271 487 3314 suae
536 3250 981 3334 Metaphysicae
1039 3250 1283 3313 scribit.
1338 3250 1426 3312 Ex
1484 3249 1720 3332 quibus
1768 3250 1859 3312 vi-

356 3350 591 3411 dentur
656 3348 1223 3411 contradictionem
1294 3348 1626 3430 implicare
1690 3348 1858 3410 dicta

358 3447 673 3510 Alcorani.
724 3446 787 3509 Si
834 3447 1007 3508 enim
1052 3454 1149 3509 est
1188 3447 1369 3509 Jesus
1410 3448 1511 3526 (ut
1558 3447 1695 3528 ipse
1741 3448 1857 3527 ait)

360 3545 672 3619 ChristuS,
694 3544 937 3607 electus
968 3544 1101 3617 Dei,
1127 3552 1280 3606 tunc
1312 3562 1571 3608 necesse
1601 3551 1699 3607 est
1726 3562 1855 3607 om-

358 3644 465 3705 nia
513 3662 589 3705 ea
637 3661 786 3705 vera
834 3662 973 3705 esse
1022 3661 1164 3724 quae
1213 3642 1277 3703 in
1327 3642 1468 3723 ejus
1518 3642 1654 3723 lege
1710 3660 1855 3705 con-

362 3743 649 3805 tinentur
694 3759 709 3803 :
758 3742 821 3803 in
873 3760 999 3824 qua
1047 3742 1168 3804 1100
1215 3760 1471 3824 quoque
1519 3742 1685 3804 inter
1730 3742 1855 3803 alia

1969 3164 2186 3209 amore
2217 3147 2594 3221 visibilium,
2626 3149 2704 3211 ad
2749 3149 3113 3212 divinorum
3156 3170 3228 3212 00
3271 3151 3473 3214 111001·-

1970 3245 2285 3326 poralium
2319 3246 2920 3329 contemplationem
2955 3256 3018 3311 et
3057 3248 3465 3313 dilectione-m

1971 3343 2259 3417 vehatur,
2297 3345 2623 3425 provisum
2671 3353 2768 3407 est
2813 3346 3210 3421 hominibus,
3243 3355 3315 3409 ut
3357 3367 3472 3429 per

1969 3442 2285 3504 exteriora
2333 3443 2625 3524 quaedam
2675 3451 2864 3525 atque
2913 3443 3243 3507 sensibilia
3292 3464 3468 3509 exer·

1970 3540 2119 3601 citia
2157 3541 2358 3603 Deum
2399 3541 2612 3603 colant
2645 3558 2658 3603 ε
2695 3550 2764 3603 111
2793 3550 2942 3603 311111
2989 3544 3465 3624 prostrationeS,

1966 3638 2451 3719 genuflexiones
2501 3648 2564 3701 et
2611 3647 2852 3702 cantus.
2906 3639 2998 3703 Ob
3047 3640 3166 3703 hoc
3211 3661 3466 3725 quoque

1968 3738 2258 3799 instituta
2306 3746 2454 3799 sunt
2512 3738 2842 3800 sensibilia
2898 3738 3218 3802 sacrificia
3271 3758 3284 3802 :
3337 3758 3464 3803 non

101 3860 183 3901 Aee.
200 3874 249 3911 a,
272 3864 333 3903 12.
361 3841 617 3915 dicitur,
650 3841 821 3923 quod
852 3858 979 3902 non
1018 3846 1115 3901 est
1149 3838 1325 3901 aliud
1370 3857 1603 3903 nomen
1634 3840 1850 3903 datum
1969 3836 2149 3917 quasi
2197 3837 2362 3898 Deus
2405 3836 2636 3897 nostris
2681 3835 2864 3898 bonis
2908 3845 3111 3917 egeat,
3147 3846 3258 3900 aut
3298 3846 3466 3901 exte·

364 3939 735 4003 hominibus
776 3938 897 4001 sub
937 3937 1119 4011 coe10,
1156 3938 1218 3999 in
1260 3956 1387 4018 quo
1425 3946 1711 4021 oporteat
1740 3958 1854 4002 nos
1968 3934 2244 3996 rioribus
2293 3934 2739 4015 hujuscemodi
2786 3934 3088 4016 operibus
3127 3935 3460 4009 excitetur,

364 4036 571 4100 salvos
629 4035 797 4109 fieri,
849 4054 1042 4119 quam
1102 4053 1337 4099 nomen
1393 4036 1541 4098 Jesu
1600 4036 1851 4098 Christi.
1966 4040 2076 4095 aut
2107 4033 2170 4095 in
2205 4032 2440 4095 talibus
2469 4031 2823 4094 secundum
2855 4052 2924 4095 se
2955 4033 3370 4096 consideratis
3401 4035 3462 4096 01

134 4144 252 4189 teor.
278 4162 336 4201 m,
364 4136 871 4198 Fundamentum
904 4134 1142 4217 quippe
1178 4133 1351 4197 aliud
1392 4152 1580 4197 nemo
1621 4152 1857 4216 ponere
1966 4132 2358 4213 complaceat
2398 4132 2638 4211 (tamen
2687 4129 3082 4192 sacrificium
3130 4131 3346 4195 altaris
3397 4132 3461 4194 in

104 4213 155 4251 11.

364 4242 591 4315 potest,
625 4252 817 4315 quam
850 4234 1019 4315 quod
1054 4234 1189 4315 ipse
1223 4234 1451 4313 posuit.
1490 4233 1577 4294 Ex
1619 4232 1855 4313 quibus
1887 4232 1937 4295 D
1968 4250 2033 4293 se
2064 4238 2126 4292 et
2155 4230 2508 4292 secundum
2541 4248 2608 4291 se
2641 4229 2768 4291 Deo
2796 4236 3131 4310 acceptum
3165 4232 3317 4311 est);
3351 4232 3461 4295 sed

362 4332 719 4395 ostenditur
762 4331 1003 4394 falsitas
1044 4330 1358 4393 Alcorani.
1396 4332 1463 4393 In
1506 4332 1641 4411 lege
1680 4351 1855 4393 nam-

361 4450 483 4513 que
515 4430 854 4493 Mahometi
892 4430 1129 4492 dicitur
1168 4448 1697 4513 unumquemque
1737 4431 1858 4491 sal-

1967 4330 2099 4393 haec
2148 4329 2313 4391 fiunt
2353 4335 2424 4390 ut
2463 4335 2952 4409 repraesentetur
2990 4328 3260 4404 homini,
3293 4332 3462 4413 quod

1966 4447 2032 4490 se
2063 4433 2126 4489 et
2156 4426 2372 4488 omnia
2401 4445 2515 4487 sua
2553 4425 2781 4488 debeat
2823 4427 2948 4489 Deo
2993 4435 3293 4510 tanquam
3341 4430 3463 4511 pri-

1967 4544 2071 4589 mo
2101 4524 2310 4587 omnis
2345 4524 2646 4587 bonitatis
2677 4523 3069 4607 fonti,atque
3102 4534 3170 4587 ut
3202 4545 3313 4608 per
3345 4526 3462 4589 ista

1963 4624 2278 4687 exteriora
2315 4622 2629 4684 excitetur
2675 4623 2926 4685 animus
2973 4632 3036 4684 et
3077 4625 3460 4687 manuduca-

1964 4731 2067 4784 tur
2095 4722 2172 4783 ad
2205 4720 2638 4803 spiritualium
2670 4720 3080 4783 affectionem
3111 4730 3171 4783 et
3203 4722 3458 4786 interio-

1965 4839 2097 4882 rem
2150 4818 2530 4902 profectum.
2585 4816 2998 4879 interioribus
3046 4836 3198 4881 vero
3243 4838 3459 4902 opera-

1963 4916 2249 4979 tionibus
2301 4916 2556 4998 proprie
2603 4915 2804 4977 Deum
2855 4914 3062 4977 colere
3111 4916 3390 4980 dicimur
3441 4936 3454 4981 :

484 5022 771 5087 REAvlT
820 5022 987 5083 Deus
1034 5018 1311 5101 denique
1362 5019 1681 5091 universa,
1731 5037 1856 5085 non
1966 5015 2089 5078 illae
2119 5014 2288 5077 enim
2319 5020 2574 5095 propter
2605 5032 2670 5075 se
2699 5012 3124 5094 acceptabiles
3153 5016 3460 5080 sunt.lllae

512 5121 741 5204 utique
774 5118 1151 5181 necessitate
1190 5126 1453 5188 naturae,
1488 5118 1596 5179 sed
1638 5117 1855 5179 libere.
1967 5122 2181 5177 autem
2231 5113 2630 5194 operationes
2689 5110 3020 5175 interiores
3074 5114 3328 5195 proprie
3373 5115 3462 5177 di-

366 5222 453 5284 Ex
484 5222 606 5284 hoc
639 5224 887 5282 const-at
916 5236 1063 5279 eum
1097 5234 1236 5279 esse
1272 5216 1717 5279 universorum
1752 5218 1864 5278 Do·
1971 5219 2224 5280 cuntur,
2258 5230 2399 5291 quae
2431 5209 2821 5273 conveniunt
2845 5210 3075 5273 animae
3105 5214 3458 5276 secundum

370 5320 619 5382 minum
652 5323 844 5400 atque
876 5322 1206 5379 rectorem.
1242 5314 1659 5379 Dominamur
1690 5333 1864 5377 nem-
1976 5310 2289 5394 potentias
2321 5309 2461 5390 ejus
2491 5316 2806 5391 separatas
2841 5324 2855 5370 ε
2887 5328 3028 5391 quae
3059 5309 3200 5373 ideo
3227 5311 3463 5378 divinae

359 4530 490 4591 vari
540 4548 725 4612 posse
770 4528 835 4590 in
878 4527 1015 4609 lege
1058 4545 1190 4589 sua.

762 4736 1249 4801 ARTICULUS
1296 4737 1449 4800 XV.

807 4862 903 4921 De
946 4860 1165 4919 latrice
1205 4864 1410 4919 cultu.
