4300 6259
847 492 967 560 454

1466 513 1545 559 ΠΒ
1585 512 1813 560 LuulNE
1854 510 2236 560 CHRISTIANAE
2276 510 2574 567 Tamum,
2619 510 2794 557 LIBER
2836 512 2900 557 11.
2945 528 3026 539 -
3065 511 3205 558 ART.
3251 510 3348 557 Lvl

848 683 1173 747 felicitatis
1212 701 1402 747 causa
1459 684 1543 746 sit
1588 690 1653 747 et
1699 682 2054 761 restituti03
2105 689 2342 745 aeterna
2369 682 2421 744 A
2451 688 2556 743 tur
2586 681 2664 750 de
2695 700 2762 745 se
2794 681 3061 763 loquens
3093 679 3395 755 Salvator,
3417 678 3510 742 ait
3541 698 3554 742 :
3591 680 3722 761 Ego
3751 678 3942 741 mani·
3965 696 4176 741 Jamnv.

846 801 1037 867 porro
1079 783 1353 846 felicitas
1394 802 1470 846 ex
1509 792 1687 866 parte
1731 783 1829 846 sui
1874 782 2135 864 objecti,
2171 782 2340 863 quod

846 888 941 944 est
981 882 1168 955 DeuS,
1210 881 1419 963 prima
1457 889 1521 943 et
1560 882 1839 944 increata
1886 880 2199 944 exsistens
2241 898 2344 941 ve-

844 980 1019 1053 ritas,
1072 978 1345 1042 infinitae
1387 979 1713 1061 dignitatis
1752 988 1816 1042 et
1852 978 2342 1061 appetibilitatis

845 1078 1139 1141 consistit
1190 1079 1347 1158 (Deo
1409 1078 1647 1141 etenim
1713 1078 2081 1141 immediate
2146 1078 2340 1152 uniri,

844 1185 909 1240 et
956 1178 1092 1260 ipso
1136 1176 1520 1240 aeternaliter
1569 1176 1759 1239 sicuti
1810 1178 1875 1237 in
1924 1196 1991 1239 se
2044 1176 2186 1258 ipso
2247 1183 2343 1238 est

843 1276 995 1348 frui,
1030 1275 1530 1357 incomparabile
1560 1274 1801 1337 bonum
1835 1275 1958 1354 est)
1991 1292 2004 1336 :
2039 1276 2117 1336 ad
2146 1274 2342 1355 hujus

845 1374 999 1437 boni
1044 1376 1473 1457 adeptionem,
1521 1393 1648 1437 non
1694 1375 1900 1457 potuit
1944 1381 2114 1436 recte
2160 1372 2342 1435 suffi-

846 1491 991 1536 cere
1040 1492 1215 1555 purae
1265 1481 1571 1535 creaturae
1630 1472 1931 1534 meritum
1990 1480 2100 1535 aut
2155 1472 2341 1544 acti0,

848 1590 989 1653 quae
1034 1578 1213 1633 tanto
1269 1570 1439 1633 bono
1498 1571 1853 1653 comparari
1910 1579 1973 1633 et
2030 1572 2345 1651 coae-quari

846 1687 975 1732 non
1021 1670 1255 1744 valent,
1290 1671 1642 1751 praesertim
1674 1677 1745 1731 ut
1774 1670 1903 1731 sint
1930 1669 2125 1732 totius
2167 1676 2344 1732 natu-

847 1786 933 1831 rae
976 1786 1165 1830 causa
1208 1767 1453 1830 salutis.

1246 2029 1736 2095 ARTICULUS
1774 2031 1947 2093 LVI.

840 2170 925 2230 In
947 2187 1071 2247 quo
1090 2171 1317 2245 finalis
1339 2170 1666 2228 beatitudo
1688 2170 1970 2229 hominis
1990 2172 2345 2229 secundum

989 2258 1239 2317 diuince
1264 2260 1429 2335 fidei
1460 2259 1829 2318 testimonia
1859 2260 2191 2319 consistat.

975 2452 1319 2516 NlMVERO
1360 2453 1437 2515 de
1486 2453 1759 2515 naturali
1810 2454 2344 2517 intellectualium

1005 2550 1497 2613 substantiarum
1528 2570 1601 2613 ac
1630 2551 1956 2614 rationalis
1986 2554 2211 2615 animae
2244 2552 2347 2615 be-

843 2649 1178 2721 atitudine,
1212 2668 1354 2730 quae
1383 2650 1486 2723 sit,
1522 2657 1584 2710 et
1618 2650 1681 2711 in
1715 2668 1841 2730 quo
1872 2650 2207 2712 statuenda
2237 2668 2346 2712 ex-

564 2769 646 2810 ιιι-ι.
676 2778 755 2809 m
774 2770 818 2810 et
846 2747 1045 2820 sistat,
1073 2748 1135 2808 in
1171 2746 1335 2808 libro
1368 2747 1577 2828 primo
1606 2747 2103 2809 determinatum
2136 2756 2250 2810 est.
2275 2748 2349 2809 Et

846 2846 1107 2927 quidem
1153 2864 1295 2927 quae
1341 2845 1473 2907 illic
1519 2846 1745 2907 tradita
1790 2854 1960 2920 sunt,
1994 2848 2347 2909 secundum

846 2943 1197 3007 naturalem
1231 2943 1539 3006 theoriam
1572 2952 1635 3005 et
1664 2944 2224 3026 Peripateticorum
2259 2966 2350 3007 sa-

2454 780 2698 843 festabo
2728 780 2786 843 ei
2821 799 2922 843 me
2963 780 3196 862 ipsum.
3231 778 3518 861 Denique
3558 780 3624 841 in
3665 778 3942 841 Matthaeo
3967 764 4026 803 ³¹·

2455 878 2922 960 repromittitur
2979 879 3164 941 nobis
3225 879 3290 940 in
3349 876 3746 940 beatitudine
3803 894 3942 937 cum

2453 976 2696 1057 angelis
2745 976 3092 1059 aequalitas.
3144 976 3466 1058 Scriptum
3517 975 3760 1057 quippe
3797 982 3941 1037 est:

2455 1075 2656 1137 Erunt
2684 1075 2946 1157 (inquit,
2981 1076 3058 1137 de
3088 1075 3459 1139 hominibus
3500 1073 3800 1156 loquens)
3832 1073 3944 1135 sic·
3989 1087 4134 1130 uam«.

2455 1182 2524 1234 ut
2551 1174 2761 1255 angeli
2795 1173 2858 1236 in
2902 1174 3082 1236 coelo.
3117 1173 3342 1254 Angeli
3379 1181 3618 1245 autem,
3650 1172 3945 1254 quemad·
3971 1156 4184 1263 '2231'qu

2458 1272 2718 1333 modum
2757 1270 2910 1334 alibi
2961 1271 3206 1333 dictum
3255 1278 3370 1345 est,
3431 1270 3654 1333 vident
3699 1288 3950 1351 semper
3977 1280 4032 1319 ¹⁰·

2454 1369 2684 1432 faciem
2735 1368 2952 1431 Patris.
3005 1370 3130 1432 Nos
3180 1369 3374 1449 igitur
3421 1369 3616 1431 etiam
3661 1368 3744 1430 ad
3793 1368 3949 1429 hanc

2456 1468 2688 1530 divinae
2735 1468 2924 1530 faciei
2975 1468 3606 1550 contemplationem,
3659 1468 3726 1529 in
3773 1466 3951 1529 finali

2456 1565 2852 1629 beatitudine
2882 1566 3118 1628 elevari
3151 1567 3525 1649 poterimus.
3543 1567 3672 1629 Hoc
3703 1583 3954 1647 quoque

2457 1665 2627 1746 quod
2659 1664 2736 1726 de
2771 1663 2931 1727 facie
2962 1664 3074 1727 Dei
3104 1665 3363 1738 dicitur,
3384 1683 3511 1727 non
3543 1665 3622 1726 de
3655 1680 3956 1745 corporeo

2458 1761 2662 1835 vultu,
2697 1761 2807 1824 sed
2840 1761 3057 1824 divina
3088 1763 3418 1825 dumtaxat
3444 1762 3728 1825 essentia
3757 1761 3956 1843 accipi

2381 1858 2428 1921 B
2460 1878 2719 1923 necesse
2749 1868 2866 1934 est,
2900 1880 3100 1941 quum
3133 1879 3250 1923 nec
3281 1859 3490 1941 angeli
3526 1859 3845 1943 corporali
3875 1859 3958 1919 vi-

2457 1977 2532 2019 su
2568 1965 2981 2030 utantur‚nec
3012 1960 3178 2022 Deus
3210 1959 3534 2040 corporeis
3565 1958 3961 2020 circumscri-

2457 2055 2791 2137 ptionibus
2837 2056 3168 2119 limitetur.
3204 2057 3451 2131 Adhuc,
3483 2058 3562 2119 ad
3601 2056 3958 2120 Corinthios

2457 2153 2746 2216 scribens
2774 2154 2862 2215 ait
2887 2155 3226 2236 Apostolus
3263 2171 3276 2216 τ
3309 2154 3614 2217 Videmus
3643 2174 3822 2217 nunc
3853 2173 3959 2236 per
4007 2174 4186 2217 icam,

2456 2251 2789 2333 speculum
2814 2260 2879 2314 et
2911 2253 2975 2314 in
3007 2253 3538 2333 aenigmate,tunc
3559 2259 3778 2315 autem
3803 2251 3958 2315 facie
3987 2241 4040 2281 ¹²·

2456 2351 2534 2411 ad
2565 2350 2817 2413 faciem.
2853 2350 2988 2413 Non
3023 2352 3218 2431 igitur
3250 2370 3363 2433 per
3393 2359 3668 2414 creatam
3711 2360 3956 2413 tantum

2459 2449 2741 2531 speciem
2782 2450 3250 2512 contuebimur.
3291 2450 3365 2511 Et
3403 2468 3623 2512 rursus
3667 2468 3682 2511 ε
3731 2450 3961 2531 Cogno·
3986 2460 4132 2503 lwes-

2459 2565 2566 2609 sco
2613 2548 2880 2629 (inquit)
2927 2566 3100 2609 nunc
3149 2567 3227 2610 ex
3276 2555 3478 2630 parte,
3534 2556 3692 2610 tunc
3753 2556 3958 2611 autem

2458 2663 2835 2726 cognoscam
2883 2646 3050 2707 sicut
3087 2653 3150 2708 et
3188 2648 3481 2727 cognitus
3520 2666 3690 2708 sum.
3731 2647 3963 2727 Cogno-

2461 2729 2702 2805 scimur
2733 2752 2945 2807 autem
2987 2743 3272 2826 perfecte
3303 2751 3368 2806 et
3397 2746 3460 2806 in
3493 2746 3796 2807 essentia.
3829 2744 3960 2807 Per-

2458 2842 2623 2904 fecte
2671 2841 2864 2923 igitur
2903 2849 2968 2904 et
3006 2841 3436 2905 essentialiter
3477 2861 3958 2924 cognoscemus.

2459 2941 2634 3003 Unde
2674 2941 2882 3003 adhuc
2922 2941 3093 3003 idem
3125 2940 3245 3001 Vas
3285 2940 3615 3003 electionis
3658 2950 3962 3004 contesta-

847 3043 1156 3125 pientiam
1196 3049 1260 3105 et
1304 3043 1405 3121 (ut
1443 3042 1537 3105 fas
1587 3042 1709 3121 est)
1748 3043 1937 3104 etiam
1991 3044 2343 3105 secundum
2379 3039 2422 3102 C
2459 3045 2564 3099 tur
2600 3038 2840 3112 :Quum
2875 3045 3089 3100 autem
3120 3040 3371 3101 venerit
3400 3039 3572 3120 quod
3603 3039 3958 3121 perfectum
3987 3056 4077 3100 una.
4103 3060 4148 3097 ω.

846 3140 1316 3205 Platonicorum
1348 3141 1737 3203 documenta
1777 3141 2137 3203 introducta
2175 3149 2342 3204 sunt.

846 3240 1134 3320 Denique
1167 3239 1674 3301 demonstratum
1706 3246 2048 3321 est‚neque
2078 3241 2345 3301 naturali

848 3336 1181 3420 capacitati
1224 3354 1432 3417 neque
1474 3337 1745 3399 naturali
1792 3337 2108 3399 desiderio
2154 3339 2347 3399 creati

849 3435 1233 3509 intellectuS‚
1271 3435 1446 3497 illam
1486 3435 1598 3497 Dei
1639 3436 1953 3497 visionem
1984 3444 2348 3517 competere

846 3542 956 3596 aut
1004 3534 1502 3615 correspondere
1551 3553 1677 3615 qua
1734 3535 2099 3614 agnoscitur
2158 3534 2346 3596 sicuti

847 3640 964 3707 est,
1000 3633 1063 3695 in
1111 3633 1384 3715 propriae
1422 3632 1668 3695 scilicet
1708 3633 1867 3695 lucis
1912 3634 2348 3715 superlucenti

847 3731 1125 3813 puritate
1165 3730 1543 3792 subsistens.
1592 3731 1805 3793 Restat
1850 3729 2061 3810 igitur,
2106 3738 2177 3792 ut
2221 3748 2347 3793 non

845 3828 1105 3891 aliunde
1137 3827 1260 3890 nisi
1306 3827 1459 3890 fidei
1500 3828 1980 3902 contestatione,
2004 3829 2348 3891 constitua-

852 3945 993 3989 mus
1024 3926 1288 3989 finalem
1319 3926 1600 3989 bominis
1640 3927 1978 4008 omnisque
2018 3927 2213 3989 creati
2253 3927 2347 3988 in—

851 4024 1141 4087 tellectus
1188 4023 1560 4087 felicitatem
1602 4025 1664 4087 in
1706 4043 1780 4087 ea
1812 4024 2034 4105 primae
2062 4024 2350 4087 veritatis

849 4123 1385 4205 contemplatione
1451 4142 1578 4204 qua
1636 4122 1957 4186 videbitur
2011 4124 2179 4186 Deus
2236 4143 2350 4205 per

2459 3143 2573 3209 est,
2607 3136 3025 3198 evacuabitur
3066 3137 3236 3218 quod
3280 3156 3356 3199 ex
3402 3144 3582 3219 parte
3625 3146 3747 3200 est.

2539 3236 2729 3297 Porro
2776 3234 2841 3296 in
2893 3235 3192 3297 Zacharia
3244 3236 3475 3317 legitur
3519 3254 3532 3297 ε
3582 3237 3654 3299 In
3705 3237 3812 3299 die
3861 3236 3962 3297 illa
4000 3255 4184 3297 luam.

2459 3333 2580 3395 erit
2637 3334 2804 3395 Deus
2865 3353 3053 3406 unuS,
3116 3340 3180 3396 et
3237 3352 3472 3396 nomen
3533 3334 3678 3415 ejus
3739 3322 4021 3396 unum.²²·

2459 3432 2635 3505 Quod
2705 3449 2832 3493 non
2901 3431 3246 3513 continget,
3310 3432 3510 3495 donec
3582 3451 3704 3515 per
3775 3452 3960 3495 unam

2459 3530 2784 3591 dumtaxat
2815 3529 3096 3611 speciem
3131 3531 3420 3593 videatur
3458 3532 3625 3593 Deus
3667 3531 3961 3594 sublimis

2459 3635 2524 3689 et
2567 3626 2768 3689 fortis.
2820 3627 2895 3689 Et
2937 3629 3222 3709 quidem,
3272 3628 3335 3690 id
3375 3628 3588 3710 ipsum
3639 3630 3710 3691 in
3763 3630 3961 3712 primo
3985 3656 4140 3691 mm.

2462 3735 2810 3809 utcumque
2877 3728 3084 3808 patuit
3155 3745 3168 3789 ε
3235 3728 3368 3808 jam
3427 3736 3640 3791 autem
3713 3729 3962 3811 plenius

2459 3825 2926 3887 ostendendum
2957 3832 3054 3888 est
3093 3825 3157 3887 in
3199 3826 3320 3888 hoc
3360 3827 3664 3889 secundo.
3701 3828 3956 3900 Iterum,

2460 3924 2686 4005 primae
2730 3922 2988 3985 Joannis
3028 3925 3216 3986 tertio
3256 3924 3494 3986 dicitur
3541 3942 3555 3986 :
3601 3926 3816 3999 Quum
3860 3943 4187 3986 amum-iu.

2460 4029 2588 4083 tem
2639 4021 3028 4102 apparuerit,
3073 4021 3319 4084 similes
3365 4022 3426 4085 ei
3471 4022 3760 4101 erimus3
3811 4023 3956 4084 dum
3981 4010 4020 4051 ²·

2458 4119 2761 4181 videlicet
2804 4138 2918 4199 per
2956 4118 3247 4182 eamdem
3292 4120 3576 4201 speciem
3621 4121 3830 4183 Deum
3873 4120 3958 4181 vi-

849 4222 1216 4294 essentiam,
1262 4228 1325 4283 et
1364 4222 1428 4282 in
1473 4241 1604 4284 suae
1647 4222 1939 4285 esscn’tiae
1982 4222 2348 4303 superclaro
2379 4217 2427 4278 D
2460 4217 2754 4280 debimus
2794 4236 2920 4297 qua
2959 4217 3056 4280 sui
3109 4216 3313 4299 ipsius
3357 4226 3454 4281 est
3499 4218 3635 4301 ipse
3678 4227 3958 4282 contem-

852 4319 1115 4382 lumine.
1169 4319 1432 4381 instruit
1490 4318 1685 4401 igitur
1731 4337 1847 4381 nos
1897 4320 2113 4381 divina
2158 4318 2344 4393 fides,

847 4417 1059 4481 omnis
1093 4416 1285 4478 creati
1319 4416 1679 4479 intellectus
1711 4416 2174 4479 beatitudinem
2208 4418 2349 4479 ulti-

853 4523 1088 4578 matam
1121 4514 1185 4577 in
1218 4515 1331 4577 Dei
1362 4515 1609 4577 visione
1641 4514 1989 4577 consistere
2022 4532 2036 4576 :
2072 4532 2199 4577 non
2239 4516 2348 4577 illa

852 4634 977 4697 qua
1007 4613 1401 4695 conspicitur
1438 4614 1603 4675 Deus
1644 4632 1759 4694 per
1797 4612 2128 4694 speculum
2177 4620 2241 4675 et
2280 4614 2344 4676 in

848 4712 1209 4792 aenigmate,
1242 4710 1350 4772 sed
1382 4710 1569 4771 sicuti
1610 4718 1726 4782 est,
1761 4717 1824 4771 et
1854 4710 1918 4771 in
1959 4729 2087 4772 suae
2126 4730 2346 4792 super-

849 4808 1285 4873 substantialis
1318 4808 1479 4869 lucis
1512 4809 1807 4889 puritate.
1845 4807 2040 4888 Cujus
2078 4808 2344 4870 visionis

849 4908 1117 4972 formale
1166 4906 1559 4988 principium
1607 4925 1680 4969 ac
1732 4905 2156 4987 intelligibilis
2205 4925 2344 4988 spe-

850 5007 1003 5079 cieS,
1036 5003 1211 5067 nulla
1242 5012 1449 5067 creata
1479 5004 1709 5066 entitas
1740 5004 1915 5066 effici
1961 5011 2185 5085 potest.
2223 5004 2343 5067 Sed

849 5106 969 5168 hoc
1014 5105 1141 5166 cito
1182 5103 1647 5165 ostendendum
1691 5102 1832 5165 erit.

927 5204 1109 5267 Nunc
1139 5220 1289 5264 vero
1319 5221 1395 5264 ex
1427 5201 1768 5283 Scripturae
1797 5198 2180 5264 testimoniis
2212 5218 2341 5261 ma-

844 5302 1182 5365 nifestetur
1212 5301 1347 5365 haec
1376 5300 1628 5364 veritas.
1661 5300 1845 5385 Apud
1874 5301 2180 5363 Joannem
2225 5297 2340 5380 igi-

2460 4316 2682 4397 plator.
2731 4316 2952 4377 Denuo
2997 4316 3063 4377 in
3107 4315 3276 4377 Luca
3322 4317 3632 4398 scriptum
3677 4326 3780 4379 est
3825 4335 3841 4378 :
3887 4317 3954 4378 Et
4015 4336 4184 4376 taam.

2457 4432 2574 4493 ego
2621 4412 2892 4495 dispono
2948 4411 3152 4488 vobiS,
3203 4413 3372 4475 sicut
3425 4414 3744 4495 disposuit
3803 4400 4108 4477 mihiffl'ae·

2457 4511 2636 4574 Pater
2676 4530 2880 4583 meuS,
2923 4529 3214 4591 regnum,
3259 4520 3330 4573 ut
3365 4512 3565 4575 edatis
3613 4520 3678 4574 et
3725 4512 3956 4575 bibatis

2457 4628 2651 4691 super
2681 4628 2967 4672 mensam
3001 4627 3208 4671 meam
3241 4610 3304 4671 in
3338 4627 3535 4691 regno
3572 4628 3759 4689 me03
3791 4612 3954 4693 quod

2458 4725 2585 4769 non
2635 4708 2712 4769 de
2760 4726 3066 4789 corporeo
3117 4708 3448 4782 alimentO,
3501 4710 3612 4771 sed
3667 4708 3958 4791 angelico

2459 4824 2718 4868 necesse
2748 4813 2845 4869 est
2883 4805 3028 4868 cibo
3066 4806 3376 4888 accipere.
3410 4807 3652 4889 Nempe
3699 4808 3808 4869 bic
3853 4825 3956 4889 po-

2457 4911 2559 4966 tus
2599 4912 2663 4967 et
2707 4904 2890 4966 cibus
2921 4904 3065 4967 talis
3107 4912 3224 4977 est,
3269 4905 3376 4987 qui
3421 4906 3487 4967 in
3534 4924 3758 4969 mensa
3787 4906 3955 4988 Sapi-

2456 5004 2644 5067 entiae
2693 5003 3075 5085 proponitur
3117 5020 3130 5065 :
3175 5004 3254 5066 de
3301 5021 3430 5085 quo
3478 5005 3544 5067 in
3593 5004 3950 5067 Proverbiis

2455 5102 2779 5184 Sapientia
2837 5102 2947 5174 ait,
3001 5101 3324 5165 Comedite
3383 5121 3578 5184 panes
3639 5122 3842 5176 meos,
3889 5110 4176 5165 ethaeus.

2453 5200 2656 5262 bibite
2699 5200 2920 5262 vinum
2968 5200 3137 5282 quod
3184 5199 3414 5263 miscui
3459 5200 3661 5264 vobis.
3697 5202 3948 5265 Etenim

2451 5299 2529 5361 de
2559 5299 2678 5361 hac
2716 5298 2902 5362 beata
2939 5298 3257 5363 cibatione
3301 5317 3569 5380 magnus
3611 5300 3948 5383 Dionysius
