4300 6259
265 1874 304 1912 ι,
341 1862 430 1904 27-

123 5225 256 5270 lbid.
277 5235 332 5272 u,
361 5221 448 5262 ¹3.

1139 497 1562 545 nmmum
1601 497 2000 546 mnotooicx.
2044 515 2124 526 ··-
2166 497 2246 544 DE
2288 496 2554 546 Paetino
2595 499 2907 546 ommium

3456 482 3577 546 195

461 665 860 747 passibilitas
925 667 1232 750 corporis,
1293 666 1692 731 incessabilis
1757 665 1969 729 cultus
1996 665 2049 729 A
2076 666 2259 730 Nilus
2306 675 2591 742 vocatur,
2636 669 2717 732 de
2766 668 2950 752 plaga
2997 667 3164 731 ultra
3211 667 3578 750 aequinocti·

460 765 605 839 Dei,
651 766 960 828 securitas
1008 765 1414 847 sempiterna.
1461 765 1621 828 Hinc
1665 763 1832 828 libro
1877 783 1972 826 se-

462 863 681 925 cundo
707 863 937 926 asserit
965 863 1393 925 Damascenus
1426 879 1440 924 :
1473 862 1804 925 Paradisus
1843 881 1971 924 ma-

459 961 660 1022 nibus
683 960 792 1022 Dei
824 960 1498 1042 plantatuS,universae
1527 959 1968 1023 exsultationis

458 1077 542 1120 ac
591 1057 808 1139 gaudii
855 1057 1392 1140 promptuarium,
1441 1066 1538 1120 est
1586 1058 1650 1121 in
1699 1059 1966 1132 oriente,

459 1156 650 1219 omni
698 1162 866 1218 terra
922 1154 1253 1228 excelsior,
1306 1162 1680 1239 temperato,
1730 1155 1969 1218 tenuis-

461 1254 638 1318 simo
665 1261 856 1337 atque
887 1254 1235 1337 purissimo
1263 1273 1408 1317 aere
1439 1253 1966 1336 circumfulgens,

459 1352 856 1416 florentibus
897 1351 1132 1436 plantis
1175 1360 1484 1426 comatus„
1529 1350 1700 1416 bono
1741 1353 1970 1435 plenus

459 1451 688 1526 odore,
720 1451 1002 1533 repletus
1044 1450 1288 1513 lumine
1331 1450 1646 1514 universae
1688 1449 1971 1532 pulchri-

463 1551 740 1624 tudiniS,
775 1558 838 1613 et
867 1550 1376 1632 superexcedens
1407 1549 1805 1612 intellectum
1845 1548 1972 1612 for·

467 1667 600 1712 mae
659 1648 972 1711 humanae.
1035 1647 1144 1710 Est
1203 1647 1377 1711 enim
1443 1648 1618 1728 regio
1677 1648 1968 1729 quaedam

463 1746 671 1827 digna
707 1745 924 1809 divina
963 1745 1442 1810 conversatione
1479 1753 1544 1808 et
1581 1743 1973 1808 habitatione

463 1844 622 1925 ejus
679 1843 790 1924 qui
847 1843 926 1905 ad
985 1842 1330 1923 imaginem
1375 1843 1487 1906 Dei
1532 1843 1658 1905 fuit
1699 1850 1968 1905 creatus.
2010 1841 2058 1906 B

465 1943 546 2005 In
608 1958 738 2024 quo
787 1941 1040 2004 nullum
1091 1941 1554 2004 irrationalium
1607 1939 1976 2018 habitabat;

467 2042 544 2102 in
599 2057 727 2122 quo
771 2038 996 2102 debuit
1045 2039 1234 2102 homo
1276 2038 1534 2121 hymnis
1576 2047 1640 2102 et
1683 2036 1980 2101 laudibus

467 2139 594 2201 Dei
648 2137 886 2218 jugiter
930 2155 1072 2199 esse
1117 2137 1420 2200 intentus.
1471 2137 1590 2211 Qui
1648 2136 1981 2218 paradisus

465 2237 668 2300 altior
715 2235 996 2298 creditur
1043 2253 1182 2297 esse
1233 2243 1450 2298 monte
1495 2235 1786 2318 Olympo,
1838 2251 1980 2316 pro-

467 2343 626 2418 pter
679 2334 849 2415 quod
908 2351 1088 2414 aquae
1135 2333 1360 2394 diluvii
1411 2351 1536 2396 non
1585 2333 1984 2395 devenerunt

463 2435 556 2497 ad
609 2451 778 2495 eum.
827 2432 1042 2494 Nihilo
1083 2432 1296 2494 minus
1339 2431 1712 2513 aptissimus
1752 2430 1881 2493 fuit
1919 2438 1984 2493 et

465 2541 578 2596 est
611 2531 987 2593 habitationi
1018 2529 1314 2593 humanae
1349 2547 1363 2592 :
1395 2529 1700 2611 quoniam
1737 2527 1982 2592 fontem

469 2629 680 2692 habet
709 2628 774 2691 in
809 2627 1022 2690 medio
1049 2644 1188 2700 suc,
1212 2627 1584 2708 irrigantem
1615 2626 1980 2690 universam

467 2726 900 2810 superficiem
943 2744 1146 2798 suam,
1192 2723 1380 2805 cujus
1435 2724 1704 2788 humore
1757 2733 1822 2787 et
1871 2725 1984 2788 fri-

465 2827 746 2908 giditate
801 2830 1198 2906 temperatur
1253 2841 1362 2885 aer
1423 2823 1688 2898 ibidem,
1745 2830 1815 2885 ut
1870 2823 1984 2886 hu·

469 2941 692 2986 manae
730 2919 1136 3003 respirationi
1179 2919 1540 2982 conveniat.

2075 766 2243 828 alem
2286 767 2635 831 descendit.

2158 864 2524 927 Paradisum
2566 873 2779 929 autem
2819 867 3081 949 quidam
3126 866 3584 930 intellexerunt

2077 961 2497 1042 spiritualiter
2544 964 2777 1038 solum,
2826 964 2937 1026 alii
2985 964 3400 1047 corporaliter
3447 970 3583 1026 tan-

2079 1067 2241 1132 tum,
2273 1061 2381 1123 alii
2424 1061 2639 1124 verius
2678 1071 3115 1144 exposuerunt
3152 1063 3366 1145 ipsum
3408 1069 3582 1125 utro-

2080 1175 2207 1238 que
2253 1159 2460 1221 mod0.
2508 1159 2960 1222 Verumtamen
3002 1160 3372 1224 Aristoteles
3420 1160 3584 1225 libro

2079 1254 2501 1319 Meteororum
2532 1264 2800 1320 testatur
2830 1257 3155 1338 regionem
3187 1257 3309 1320 sub
3340 1257 3583 1322 circulo

2079 1353 2510 1436 aequinoctiali
2572 1373 2711 1418 esse
2774 1354 3261 1418 inhabitabilem
3322 1363 3584 1438 propter

2081 1459 2325 1514 aestum.
2387 1453 2621 1516 Verum
2682 1453 2762 1515 de
2816 1453 2917 1515 his
2974 1472 3171 1536 super
3226 1454 3579 1517 secundum

2083 1549 2579 1625 Sententiarum,
2646 1551 3059 1614 distinctione
3136 1551 3581 1636 septimadeci·
3608 1571 3826 1628 quam.

2086 1666 2211 1722 ma,
2244 1647 2547 1712 diffusius
2590 1657 2687 1712 est
2726 1657 3087 1712 tractatum.

2472 1920 2995 1987 PROPOSITIO
3034 1921 3207 1986 CIX.

2166 2139 2261 2206 1n
2304 2139 2671 2206 omnibus
2698 2141 3095 2207 creaturis
3130 2139 3589 2222 specialiter

2087 2235 2727 2318 manifestantur,
2770 2237 3281 2319 resplendent
3332 2239 3417 2304 et
3475 2237 3591 2303 at-

2086 2334 2532 2402 tenduntur
2570 2336 2730 2401 tria
2768 2335 2937 2401 haec
2976 2333 3371 2402 attributa
3408 2335 3592 2401 Gre-

2087 2436 2373 2501 atoris:
2396 2435 2781 2516 potentia,
2802 2434 3223 2515 sapientia,
3245 2434 3585 2501 bonitas.

2169 2531 2345 2606 Quod
2376 2537 2493 2604 est,
2512 2532 2665 2613 quia
2695 2531 2760 2594 in
2794 2550 3005 2594 rerum
3040 2531 3381 2606 creatione,
3400 2539 3592 2612 atque

2091 2630 2159 2694 in
2190 2637 2620 2693 creaturarum
2654 2628 3093 2710 magnitudine
3132 2637 3196 2692 et
3236 2628 3592 2692 multitudi-

2090 2748 2195 2804 ne,
2230 2729 2668 2792 consideratur
2703 2746 2778 2790 ac
2821 2727 2991 2790 lucet
3036 2727 3145 2790 Dei
3192 2727 3594 2810 omnipoten-

2091 2829 2199 2890 tia.
2244 2827 2567 2909 Sapientia
2612 2842 2869 2908 quoque
2918 2825 3157 2888 summi
3204 2824 3474 2888 artificis
3520 2843 3596 2888 ac

2095 2927 2288 3011 primi
2318 2924 2577 3008 opificis
2609 2931 2779 3006 patet
2809 2925 2875 2987 in
2915 2941 3131 2987 rerum
3172 2923 3593 2998 ordinatione,

559 3021 728 3083 Hinc
775 3019 948 3101 quod
991 3018 1322 3100 paradisus
1371 3018 1734 3100 pertingere
1777 3017 1985 3100 perhi·
2013 3021 2060 3088 C
2097 3023 2507 3086 distinctione
2537 3028 2602 3084 et
2636 3021 3118 3102 gubernatione.
3154 3022 3407 3086 Bonitas
3446 3037 3599 3085 vero

467 3121 674 3184 betur
703 3136 906 3199 usque
933 3117 1012 3178 ad
1042 3115 1354 3199 sphaeram
1387 3115 1708 3190 lunae,non
1737 3115 1988 3178 videtur

471 3215 976 3297 intelligendum
1007 3215 1086 3276 de
1114 3213 1428 3296 corporali
1461 3213 1854 3286 extensione,
1877 3211 1987 3274 sed

473 3315 804 3379 imitativa
845 3313 1233 3396 proprietate
1267 3329 1282 3373 τ
1325 3312 1628 3395 quoniam
1674 3310 1852 3374 locus
1893 3317 1992 3374 est

473 3411 1010 3486 immortalitatiS,
1060 3411 1296 3494 quietis
1353 3419 1416 3474 et
1475 3411 1674 3494 pacis,
1735 3411 1802 3472 in
1861 3425 1990 3492 quo

473 3512 842 3598 peregrinae
913 3510 1370 3593 impressiones
1441 3528 1515 3572 ac
1579 3515 1990 3592 tempestates

471 3617 820 3694 nequeunt
865 3627 1026 3672 esse.
1077 3607 1253 3682 Quod
1309 3608 1448 3671 sine
1509 3607 1792 3670 melioris
1849 3625 1992 3670 sen-

471 3711 706 3774 tentiae
747 3707 1122 3790 praejudicio
1158 3707 1302 3769 dico
1339 3707 1419 3768 de
1455 3705 1792 3768 altitudine
1831 3704 1992 3767 situs

477 3806 790 3891 paradisi,
833 3805 1140 3887 quoniam
1187 3804 1254 3867 in
1301 3802 1766 3886 antiquissimis
1811 3801 1994 3864 libris

475 3905 786 3978 habetur,
835 3903 1008 3985 quod
1067 3902 1476 3965 beatissimus
1522 3901 1793 3965 Thomas
1849 3917 1994 3983 apo-

475 4003 697 4068 stolus
727 4001 1097 4086 praedicavit
1135 4001 1504 4082 paradisum
1545 4017 1748 4082 usque
1783 3998 1860 4062 ad
1899 4014 1996 4061 or-

480 4105 646 4167 bem
679 4101 846 4163 lunae
883 4099 1246 4182 pertingere
1280 4115 1295 4160 ε
1328 4098 1498 4180 quod
1537 4097 1784 4160 dictum
1825 4113 1995 4160 com-

2097 3120 2271 3184 illius
2312 3119 2655 3184 innotescit
2696 3119 2760 3181 in
2800 3120 3047 3182 entium
3092 3119 3595 3194 conservatione,

2096 3225 2161 3281 et
2192 3218 2533 3300 multiplici
2574 3217 2847 3280 utilitate
2878 3235 2951 3280 ac
2982 3217 3334 3281 directione
3374 3233 3599 3281 eorum

2096 3317 2175 3379 ad
2206 3316 2407 3378 finem
2438 3317 2789 3398 unicuique
2833 3316 3342 3380 convenientem.
3377 3316 3598 3380 Poten-

2097 3415 2188 3477 tia
2228 3421 2443 3477 actum
2482 3413 2679 3488 elicit,
2722 3413 3035 3497 sapientia
3073 3414 3313 3496 dirigit,
3346 3413 3599 3478 bonitas

2101 3512 2377 3596 perficit.
2430 3511 2509 3574 Et
2562 3512 2730 3576 sicut
2784 3512 2920 3576 haec
2966 3512 3089 3574 tria
3137 3512 3203 3574 in
3263 3513 3393 3576 Deo
3448 3519 3601 3575 sunt

2102 3630 2327 3684 unum,
2380 3611 2467 3673 ita
2514 3610 3027 3693 inseparabiliter
3075 3617 3439 3693 operantur.
3492 3611 3600 3674 Po-

2103 3709 2303 3772 tentia
2329 3726 2607 3790 namque
2644 3708 2968 3790 sapienter
3005 3715 3069 3772 et
3108 3707 3383 3789 benigne
3426 3707 3603 3771 elicit

2101 3815 2315 3870 actum
2366 3813 2429 3868 et
2474 3824 2637 3888 opus
2686 3813 2957 3868 exercet.
3010 3805 3333 3887 Sapientia
3380 3812 3601 3887 poten-

2103 3914 2202 3968 ter
2241 3913 2305 3968 et
2348 3903 2623 3984 benigne
2666 3903 2905 3984 dirigit,
2948 3902 3219 3976 ordinat,
3264 3902 3603 3984 distinguit

2104 4011 2167 4066 et
2206 4003 2367 4083 regit
2407 4001 2731 4084 producta.
2768 4001 2869 4064 Sic
2909 4008 2973 4063 et
3015 4000 3265 4064 bonitas
3309 4007 3604 4083 potenter

2102 4121 2177 4164 ac
2234 4101 2557 4183 sapienter
2614 4106 2968 4174 conservat,
3023 4107 3255 4174 movet,
3318 4098 3597 4182 perficit,

479 4201 780 4267 maniter
818 4197 1208 4262 adscribitur
1245 4197 1488 4272 Strab0,
1519 4215 1594 4259 ac
1636 4196 1840 4269 Bedae,
1881 4195 1992 4278 qui
2022 4199 2073 4261 D
2102 4200 2267 4281 regit
2309 4218 2451 4282 quae
2492 4198 2747 4262 condita
2788 4206 2957 4262 sunt.
3004 4197 3289 4262 Potentia
3332 4206 3466 4262 tam
3508 4217 3602 4262 sa-

477 4309 550 4366 et
615 4303 1030 4373 contestatur,
1079 4296 1250 4380 quod
1309 4295 1640 4379 paradisus
1689 4312 1726 4356 a
1781 4301 1992 4358 nostra

475 4399 888 4464 habitatione
949 4397 1138 4477 longo
1193 4395 1386 4457 maris
1443 4413 1516 4457 ac
1575 4401 1758 4457 terrae
1805 4391 1996 4454 distat

479 4504 842 4583 protractu,
901 4495 1118 4558 abdita
1175 4493 1455 4575 regione,
1516 4511 1660 4574 quae
1715 4490 1998 4554 creditur

475 4599 616 4661 sita
650 4595 716 4658 in
744 4593 1194 4666 oriente,u1tra
1223 4591 1998 4674 aequinoctialem‚versus

479 4694 856 4760 meridiem.
891 4691 969 4754 Et
1009 4691 1176 4754 sicut
1219 4690 1284 4752 in
1326 4689 1672 4771 Almagesti
1717 4689 2000 4772 loquitur

482 4793 898 4864 Ptolemaeus,
931 4789 1012 4851 de
1049 4787 1492 4850 habitantibus
1523 4787 1691 4850 ultra
1718 4787 1999 4869 aequino-

481 4891 781 4962 etlalem,
811 4908 893 4951 an
932 4886 1130 4968 aliqui
1175 4886 1266 4948 ibi
1306 4885 1456 4960 sint,
1498 4884 1832 4948 scientiam
1872 4902 2000 4948 non

483 4990 838 5062 habemus,
861 4986 1014 5069 quia
1041 5004 1120 5048 ex
1149 4985 1384 5048 nostris
1413 4983 1784 5065 regionibus
1814 5000 2004 5054 nemo

485 5090 662 5154 illuc
703 5085 1016 5169 pervenit.

579 5188 778 5252 Porro
806 5183 1130 5247 secundus
1161 5181 1402 5246 fluvius
1442 5181 1716 5264 paradisi
1746 5181 1858 5264 qui
1889 5181 2003 5245 Ge-

487 5289 630 5353 hon
691 5284 952 5357 dicitur,
1001 5287 1068 5344 et
1121 5280 1414 5344 defluens
1471 5299 1586 5364 per
1638 5281 2002 5364 AEgyptum,

2103 4300 2287 4383 piens
2318 4304 2383 4360 et
2411 4295 2689 4378 benigna
2716 4304 2834 4371 est,
2870 4297 3039 4380 quod
3076 4314 3205 4361 non
3246 4296 3455 4362 efficit
3492 4297 3603 4361 ali·

2102 4397 2259 4480 quid
2317 4394 2741 4460 essentialiter
2798 4396 3061 4472 malum,
3114 4395 3245 4460 imo
3300 4413 3429 4460 non
3475 4395 3603 4461 nisi

2105 4496 2347 4560 bonum
2375 4512 2391 4576 3
2424 4512 2541 4557 nec
2572 4495 2811 4556 sineret
2840 4492 2985 4556 fieri
3016 4493 3183 4557 mala
3213 4493 3441 4577 culpae,
3474 4493 3602 4558 nisi

2107 4601 2323 4678 posset
2360 4601 2424 4656 et
2466 4592 2927 4674 sapientialiter
2955 4611 3027 4656 ac
3060 4591 3605 4676 providentialiter

2107 4694 2301 4758 vellet
2332 4692 2478 4755 inde
2510 4691 2745 4754 elicere
2774 4688 2959 4753 bona.
2995 4689 3319 4772 Sapientia
3348 4705 3605 4772 quoque

2109 4802 2239 4855 tam
2271 4798 2494 4874 potens
2526 4797 2589 4852 et
2620 4789 2787 4851 bona
2826 4795 2945 4862 est,
2980 4789 3149 4870 quod
3189 4787 3253 4849 in
3292 4788 3605 4868 guberna·

2107 4891 2283 4953 tione
2314 4907 2552 4961 rerum,
2586 4885 2749 4948 nihil
2788 4885 3099 4967 relinquit
3139 4903 3401 4967 prorsus
3443 4886 3609 4950 inor-

2110 4987 2419 5050 dinatum.
2446 4985 2548 5048 Sic
2577 4991 2642 5047 et
2672 4983 2923 5046 bonitas
2954 4983 3065 5045 Dei
3096 4990 3226 5044 tam
3256 4991 3482 5065 potens
3514 5005 3609 5048 sa·

2113 5085 2425 5168 piensque
2455 5081 2767 5156 consistit,
2800 5080 2971 5164 quod
3004 5079 3095 5143 nil
3126 5079 3362 5143 frustra
3402 5101 3609 5165 neque

2116 5184 2391 5247 inaniter
2436 5182 2587 5263 agit,
2639 5199 2759 5244 nec
2809 5179 3015 5242 ullum
3066 5179 3307 5242 bonum
3355 5181 3611 5248 virtutis

2115 5282 2651 5344 irremuneratum
2696 5277 3021 5364 relinquit.
