<?xml version="1.0" encoding="UTF-8"?>
<!DOCTYPE html PUBLIC "-//W3C//DTD XHTML 1.0 Transitional//EN"
    "http://www.w3.org/TR/xhtml1/DTD/xhtml1-transitional.dtd">
<html xmlns="http://www.w3.org/1999/xhtml" xml:lang="en" lang="en">
 <head>
  <title>
</title>
<meta http-equiv="Content-Type" content="text/html;charset=utf-8" />
  <meta name='ocr-system' content='tesseract 3.04.00' />
  <meta name='ocr-capabilities' content='ocr_page ocr_carea ocr_par ocr_line ocrx_word'/>
</head>
<body>
  <div class='ocr_page' id='page_1' title='image "./doctorisecstati05unkngoog_0413.png"; bbox 0 0 4300 6259; ppageno 0'>
   <div class='ocr_carea' id='block_1_1' title="bbox 957 518 2816 578">
    <p class='ocr_par' dir='ltr' id='par_1_1' title="bbox 957 518 2816 578">
     <span class='ocr_line' id='line_1_1' title="bbox 957 518 2816 578; baseline 0.001 -11"><span class='ocrx_word' id='word_1_1' title='bbox 957 520 1037 567; x_wconf 67' lang='lat' dir='ltr'><strong>DE</strong></span> <span class='ocrx_word' id='word_1_2' title='bbox 1078 520 1305 567; x_wconf 71' lang='lat' dir='ltr'><strong>mmm:</strong></span> <span class='ocrx_word' id='word_1_3' title='bbox 1346 520 1729 567; x_wconf 71' lang='lat' dir='ltr'><strong>cumsuANAE</strong></span> <span class='ocrx_word' id='word_1_4' title='bbox 1770 518 2072 578; x_wconf 68' lang='lat' dir='ltr'><strong>mnomAE,</strong></span> <span class='ocrx_word' id='word_1_5' title='bbox 2120 521 2296 569; x_wconf 67' lang='lat' dir='ltr'><strong>tumn</strong></span> <span class='ocrx_word' id='word_1_6' title='bbox 2337 521 2401 568; x_wconf 80' lang='lat'><strong>11.</strong></span> <span class='ocrx_word' id='word_1_7' title='bbox 2447 540 2528 553; x_wconf 82' lang='grc'><strong>--</strong></span> <span class='ocrx_word' id='word_1_8' title='bbox 2567 524 2706 569; x_wconf 69' lang='grc' dir='ltr'><strong>ΛΒΤ.</strong></span> <span class='ocrx_word' id='word_1_9' title='bbox 2755 524 2816 569; x_wconf 79' lang='lat' dir='ltr'><strong>vl</strong></span> 
     </span>
    </p>
   </div>
   <div class='ocr_carea' id='block_1_2' title="bbox 3311 502 3434 569">
    <p class='ocr_par' dir='ltr' id='par_1_2' title="bbox 3311 502 3434 569">
     <span class='ocr_line' id='line_1_2' title="bbox 3311 502 3434 569; baseline 0.016 -2"><span class='ocrx_word' id='word_1_10' title='bbox 3311 502 3434 569; x_wconf 83' lang='lat'><strong>393</strong></span> 
     </span>
    </p>
   </div>
   <div class='ocr_carea' id='block_1_3' title="bbox 342 686 3440 778">
    <p class='ocr_par' dir='ltr' id='par_1_3' title="bbox 342 686 3440 778">
     <span class='ocr_line' id='line_1_3' title="bbox 342 686 3440 778; baseline 0.003 -27"><span class='ocrx_word' id='word_1_11' title='bbox 342 687 687 753; x_wconf 79' lang='lat' dir='ltr'><strong>humanam</strong></span> <span class='ocrx_word' id='word_1_12' title='bbox 730 710 841 755; x_wconf 88' lang='lat' dir='ltr'><strong>seu</strong></span> <span class='ocrx_word' id='word_1_13' title='bbox 887 690 1237 755; x_wconf 88' lang='lat' dir='ltr'><strong>naturalem</strong></span> <span class='ocrx_word' id='word_1_14' title='bbox 1278 692 1612 766; x_wconf 89' lang='lat' dir='ltr'><strong>rationem,</strong></span> <span class='ocrx_word' id='word_1_15' title='bbox 1646 700 1717 755; x_wconf 91' lang='lat' dir='ltr'><strong>ut</strong></span> <span class='ocrx_word' id='word_1_16' title='bbox 1745 686 1915 755; x_wconf 79' lang='lat' dir='ltr'><strong>lu-A</strong></span> <span class='ocrx_word' id='word_1_17' title='bbox 1943 693 2166 756; x_wconf 88' lang='lat' dir='ltr'><strong>virtuti</strong></span> <span class='ocrx_word' id='word_1_18' title='bbox 2223 694 2582 758; x_wconf 90' lang='lat' dir='ltr'><strong>attribuunt</strong></span> <span class='ocrx_word' id='word_1_19' title='bbox 2633 714 2646 757; x_wconf 93' lang='lat'><strong>:</strong></span> <span class='ocrx_word' id='word_1_20' title='bbox 2699 696 2850 758; x_wconf 89' lang='lat' dir='ltr'><strong>hinc</strong></span> <span class='ocrx_word' id='word_1_21' title='bbox 2899 694 2964 758; x_wconf 90' lang='lat' dir='ltr'><strong>in</strong></span> <span class='ocrx_word' id='word_1_22' title='bbox 3022 695 3249 778; x_wconf 89' lang='lat' dir='ltr'><strong>primis</strong></span> <span class='ocrx_word' id='word_1_23' title='bbox 3297 712 3440 777; x_wconf 89' lang='lat' dir='ltr'><strong>pro-</strong></span> 
     </span>
    </p>
   </div>
   <div class='ocr_carea' id='block_1_4' title="bbox 340 787 1841 1858">
    <p class='ocr_par' dir='ltr' id='par_1_4' title="bbox 342 787 715 851">
     <span class='ocr_line' id='line_1_4' title="bbox 342 787 715 851; baseline 0.005 -2"><span class='ocrx_word' id='word_1_24' title='bbox 342 787 555 851; x_wconf 89' lang='lat' dir='ltr'><strong>cidum</strong></span> <span class='ocrx_word' id='word_1_25' title='bbox 600 796 715 851; x_wconf 91' lang='lat' dir='ltr'><strong>est.</strong></span> 
     </span>
    </p>

    <p class='ocr_par' dir='ltr' id='par_1_5' title="bbox 340 886 1841 1858">
     <span class='ocr_line' id='line_1_5' title="bbox 418 886 1835 971; baseline 0.001 -22"><span class='ocrx_word' id='word_1_26' title='bbox 418 886 723 970; x_wconf 80' lang='lat' dir='ltr'><strong>Sequitur</strong></span> <span class='ocrx_word' id='word_1_27' title='bbox 760 889 955 970; x_wconf 84' lang='lat' dir='ltr'><strong>igitur</strong></span> <span class='ocrx_word' id='word_1_28' title='bbox 991 887 1161 971; x_wconf 91' lang='lat' dir='ltr'><strong>quod</strong></span> <span class='ocrx_word' id='word_1_29' title='bbox 1200 908 1237 951; x_wconf 98' lang='lat' dir='ltr'><strong>a</strong></span> <span class='ocrx_word' id='word_1_30' title='bbox 1279 888 1602 971; x_wconf 89' lang='lat' dir='ltr'><strong>principio</strong></span> <span class='ocrx_word' id='word_1_31' title='bbox 1641 889 1835 970; x_wconf 88' lang='lat' dir='ltr'><strong>hujus</strong></span> 
     </span>
     <span class='ocr_line' id='line_1_6' title="bbox 340 984 1835 1070; baseline 0.002 -24"><span class='ocrx_word' id='word_1_32' title='bbox 340 984 589 1047; x_wconf 80' lang='lat' dir='ltr'><strong>articuli</strong></span> <span class='ocrx_word' id='word_1_33' title='bbox 642 987 959 1050; x_wconf 90' lang='lat' dir='ltr'><strong>intentum</strong></span> <span class='ocrx_word' id='word_1_34' title='bbox 1008 996 1143 1051; x_wconf 90' lang='lat' dir='ltr'><strong>erat</strong></span> <span class='ocrx_word' id='word_1_35' title='bbox 1187 1004 1204 1049; x_wconf 74' lang='grc' dir='ltr'><strong><em>ε</em></strong></span> <span class='ocrx_word' id='word_1_36' title='bbox 1249 988 1419 1070; x_wconf 91' lang='lat' dir='ltr'><strong>quod</strong></span> <span class='ocrx_word' id='word_1_37' title='bbox 1462 996 1835 1070; x_wconf 89' lang='lat' dir='ltr'><strong>supernatu-</strong></span> 
     </span>
     <span class='ocr_line' id='line_1_7' title="bbox 342 1083 1837 1159; baseline 0.003 -14"><span class='ocrx_word' id='word_1_38' title='bbox 342 1083 580 1147; x_wconf 88' lang='lat' dir='ltr'><strong>ralibus</strong></span> <span class='ocrx_word' id='word_1_39' title='bbox 612 1084 1117 1159; x_wconf 82' lang='lat' dir='ltr'><strong>inductionibuS,</strong></span> <span class='ocrx_word' id='word_1_40' title='bbox 1148 1094 1212 1149; x_wconf 98' lang='lat' dir='ltr'><strong>et</strong></span> <span class='ocrx_word' id='word_1_41' title='bbox 1243 1086 1307 1147; x_wconf 87' lang='lat' dir='ltr'><strong>in</strong></span> <span class='ocrx_word' id='word_1_42' title='bbox 1346 1086 1564 1149; x_wconf 87' lang='lat' dir='ltr'><strong>divina</strong></span> <span class='ocrx_word' id='word_1_43' title='bbox 1604 1086 1837 1149; x_wconf 85' lang='lat' dir='ltr'><strong>virtute</strong></span> 
     </span>
     <span class='ocr_line' id='line_1_8' title="bbox 341 1182 1837 1267; baseline 0.001 -24"><span class='ocrx_word' id='word_1_44' title='bbox 341 1200 411 1243; x_wconf 91' lang='lat' dir='ltr'><strong>ac</strong></span> <span class='ocrx_word' id='word_1_45' title='bbox 456 1182 723 1245; x_wconf 88' lang='lat' dir='ltr'><strong>veritate</strong></span> <span class='ocrx_word' id='word_1_46' title='bbox 770 1183 1069 1246; x_wconf 87' lang='lat' dir='ltr'><strong>stabilitis</strong></span> <span class='ocrx_word' id='word_1_47' title='bbox 1115 1182 1620 1267; x_wconf 77' lang='lat' dir='ltr'><strong>probationibuS,</strong></span> <span class='ocrx_word' id='word_1_48' title='bbox 1672 1184 1837 1245; x_wconf 89' lang='lat' dir='ltr'><strong>chri-</strong></span> 
     </span>
     <span class='ocr_line' id='line_1_9' title="bbox 342 1280 1837 1365; baseline 0.002 -24"><span class='ocrx_word' id='word_1_49' title='bbox 342 1280 545 1343; x_wconf 90' lang='lat' dir='ltr'><strong>stiana</strong></span> <span class='ocrx_word' id='word_1_50' title='bbox 593 1280 694 1344; x_wconf 87' lang='lat' dir='ltr'><strong>lex</strong></span> <span class='ocrx_word' id='word_1_51' title='bbox 740 1280 1068 1345; x_wconf 85' lang='lat' dir='ltr'><strong>innitatur.</strong></span> <span class='ocrx_word' id='word_1_52' title='bbox 1118 1282 1298 1345; x_wconf 85' lang='lat' dir='ltr'><strong>Esset</strong></span> <span class='ocrx_word' id='word_1_53' title='bbox 1344 1301 1578 1365; x_wconf 82' lang='lat' dir='ltr'>nempe</span> <span class='ocrx_word' id='word_1_54' title='bbox 1634 1282 1837 1345; x_wconf 90' lang='lat' dir='ltr'><strong>omni-</strong></span> 
     </span>
     <span class='ocr_line' id='line_1_10' title="bbox 343 1378 1837 1465; baseline 0.004 -25"><span class='ocrx_word' id='word_1_55' title='bbox 343 1378 459 1441; x_wconf 88' lang='lat' dir='ltr'><strong>bus</strong></span> <span class='ocrx_word' id='word_1_56' title='bbox 518 1380 925 1444; x_wconf 89' lang='lat' dir='ltr'><strong>mirabilibus</strong></span> <span class='ocrx_word' id='word_1_57' title='bbox 984 1382 1367 1457; x_wconf 89' lang='lat' dir='ltr'><strong>mirabilius,</strong></span> <span class='ocrx_word' id='word_1_58' title='bbox 1427 1382 1837 1465; x_wconf 89' lang='lat' dir='ltr'><strong>quemadmo-</strong></span> 
     </span>
     <span class='ocr_line' id='line_1_11' title="bbox 342 1478 1839 1564; baseline 0.003 -25"><span class='ocrx_word' id='word_1_59' title='bbox 342 1478 493 1540; x_wconf 87' lang='lat' dir='ltr'><strong>dum</strong></span> <span class='ocrx_word' id='word_1_60' title='bbox 563 1498 735 1541; x_wconf 91' lang='lat' dir='ltr'><strong>nunc</strong></span> <span class='ocrx_word' id='word_1_61' title='bbox 799 1498 915 1562; x_wconf 91' lang='lat' dir='ltr'><strong>per</strong></span> <span class='ocrx_word' id='word_1_62' title='bbox 977 1488 1179 1543; x_wconf 86' lang='lat' dir='ltr'><strong>certas</strong></span> <span class='ocrx_word' id='word_1_63' title='bbox 1236 1482 1707 1564; x_wconf 82' lang='lat' dir='ltr'><strong>suppositiones</strong></span> <span class='ocrx_word' id='word_1_64' title='bbox 1764 1498 1839 1543; x_wconf 89' lang='lat' dir='ltr'><strong>ac</strong></span> 
     </span>
     <span class='ocr_line' id='line_1_12' title="bbox 344 1577 1837 1659; baseline 0.002 -21"><span class='ocrx_word' id='word_1_65' title='bbox 344 1577 726 1659; x_wconf 79' lang='lat' dir='ltr'><strong>hypotheses</strong></span> <span class='ocrx_word' id='word_1_66' title='bbox 769 1578 1161 1641; x_wconf 89' lang='lat' dir='ltr'><strong>declaratum</strong></span> <span class='ocrx_word' id='word_1_67' title='bbox 1204 1585 1323 1652; x_wconf 89' lang='lat' dir='ltr'><strong>est,</strong></span> <span class='ocrx_word' id='word_1_68' title='bbox 1356 1580 1409 1641; x_wconf 93' lang='lat' dir='ltr'><strong>si</strong></span> <span class='ocrx_word' id='word_1_69' title='bbox 1454 1580 1533 1641; x_wconf 92' lang='lat' dir='ltr'><strong>ad</strong></span> <span class='ocrx_word' id='word_1_70' title='bbox 1578 1580 1837 1643; x_wconf 89' lang='lat' dir='ltr'><strong>creden-</strong></span> 
     </span>
     <span class='ocr_line' id='line_1_13' title="bbox 342 1675 1841 1760; baseline 0.003 -24"><span class='ocrx_word' id='word_1_71' title='bbox 342 1675 493 1737; x_wconf 91' lang='lat' dir='ltr'><strong>dum</strong></span> <span class='ocrx_word' id='word_1_72' title='bbox 538 1682 675 1738; x_wconf 87' lang='lat' dir='ltr'><strong>tam</strong></span> <span class='ocrx_word' id='word_1_73' title='bbox 722 1675 1419 1759; x_wconf 83' lang='lat' dir='ltr'><strong>incomprehensibilia,</strong></span> <span class='ocrx_word' id='word_1_74' title='bbox 1470 1686 1533 1741; x_wconf 88' lang='lat' dir='ltr'><strong>et</strong></span> <span class='ocrx_word' id='word_1_75' title='bbox 1578 1696 1841 1760; x_wconf 86' lang='lat' dir='ltr'><strong>operan-</strong></span> 
     </span>
     <span class='ocr_line' id='line_1_14' title="bbox 342 1773 1837 1858; baseline 0.003 -24"><span class='ocrx_word' id='word_1_76' title='bbox 342 1773 493 1835; x_wconf 90' lang='lat' dir='ltr'><strong>dum</strong></span> <span class='ocrx_word' id='word_1_77' title='bbox 564 1782 691 1835; x_wconf 93' lang='lat' dir='ltr'><strong>tam</strong></span> <span class='ocrx_word' id='word_1_78' title='bbox 762 1774 1083 1849; x_wconf 77' lang='lat' dir='ltr'><strong>difficilia,</strong></span> <span class='ocrx_word' id='word_1_79' title='bbox 1144 1784 1209 1839; x_wconf 91' lang='lat' dir='ltr'><strong>et</strong></span> <span class='ocrx_word' id='word_1_80' title='bbox 1265 1776 1651 1858; x_wconf 87' lang='lat' dir='ltr'><strong>sperandum</strong></span> <span class='ocrx_word' id='word_1_81' title='bbox 1709 1785 1837 1839; x_wconf 90' lang='lat' dir='ltr'><strong>tam</strong></span> 
     </span>
    </p>
   </div>
   <div class='ocr_carea' id='block_1_5' title="bbox 1945 790 3454 1856">
    <p class='ocr_par' dir='ltr' id='par_1_6' title="bbox 1945 790 3454 1345">
     <span class='ocr_line' id='line_1_15' title="bbox 1945 790 3447 877; baseline 0.003 -24"><span class='ocrx_word' id='word_1_82' title='bbox 1945 790 2228 855; x_wconf 90' lang='lat' dir='ltr'><strong>bandum</strong></span> <span class='ocrx_word' id='word_1_83' title='bbox 2277 800 2393 868; x_wconf 91' lang='lat' dir='ltr'><strong>est,</strong></span> <span class='ocrx_word' id='word_1_84' title='bbox 2439 794 2641 857; x_wconf 90' lang='lat' dir='ltr'><strong>Deum</strong></span> <span class='ocrx_word' id='word_1_85' title='bbox 2690 795 2940 877; x_wconf 87' lang='lat' dir='ltr'><strong>operari</strong></span> <span class='ocrx_word' id='word_1_86' title='bbox 2990 812 3174 876; x_wconf 87' lang='lat' dir='ltr'><strong>posse</strong></span> <span class='ocrx_word' id='word_1_87' title='bbox 3223 793 3447 857; x_wconf 88' lang='lat' dir='ltr'><strong>imme-</strong></span> 
     </span>
     <span class='ocr_line' id='line_1_16' title="bbox 1946 890 3446 955; baseline 0.001 -4"><span class='ocrx_word' id='word_1_88' title='bbox 1946 890 2115 954; x_wconf 86' lang='lat' dir='ltr'><strong>diate</strong></span> <span class='ocrx_word' id='word_1_89' title='bbox 2144 899 2208 953; x_wconf 86' lang='lat' dir='ltr'><strong>et</strong></span> <span class='ocrx_word' id='word_1_90' title='bbox 2240 891 2621 955; x_wconf 80' lang='lat' dir='ltr'><strong>miraculose</strong></span> <span class='ocrx_word' id='word_1_91' title='bbox 2653 892 2718 955; x_wconf 88' lang='lat' dir='ltr'><strong>in</strong></span> <span class='ocrx_word' id='word_1_92' title='bbox 2747 892 2918 955; x_wconf 91' lang='lat' dir='ltr'><strong>omni</strong></span> <span class='ocrx_word' id='word_1_93' title='bbox 2961 900 3187 955; x_wconf 89' lang='lat' dir='ltr'><strong>natura</strong></span> <span class='ocrx_word' id='word_1_94' title='bbox 3215 899 3446 955; x_wconf 88' lang='lat' dir='ltr'><strong>creata.</strong></span> 
     </span>
     <span class='ocr_line' id='line_1_17' title="bbox 1947 990 3454 1072; baseline 0.001 -21"><span class='ocrx_word' id='word_1_95' title='bbox 1947 990 2217 1071; x_wconf 83' lang='lat' dir='ltr'><strong>Insuper</strong></span> <span class='ocrx_word' id='word_1_96' title='bbox 2254 990 2744 1065; x_wconf 89' lang='lat' dir='ltr'><strong>ostendendum,</strong></span> <span class='ocrx_word' id='word_1_97' title='bbox 2778 991 2948 1072; x_wconf 90' lang='lat' dir='ltr'><strong>quod</strong></span> <span class='ocrx_word' id='word_1_98' title='bbox 2989 990 3107 1053; x_wconf 93' lang='lat' dir='ltr'><strong>soli</strong></span> <span class='ocrx_word' id='word_1_99' title='bbox 3140 990 3268 1053; x_wconf 91' lang='lat' dir='ltr'><strong>Deo</strong></span> <span class='ocrx_word' id='word_1_100' title='bbox 3307 1008 3454 1052; x_wconf 91' lang='lat' dir='ltr'><strong>con-</strong></span> 
     </span>
     <span class='ocr_line' id='line_1_18' title="bbox 1948 1086 3454 1171; baseline 0.001 -21"><span class='ocrx_word' id='word_1_101' title='bbox 1948 1087 2164 1150; x_wconf 81' lang='lat' dir='ltr'><strong>veniat</strong></span> <span class='ocrx_word' id='word_1_102' title='bbox 2207 1086 2514 1150; x_wconf 90' lang='lat' dir='ltr'><strong>miracula</strong></span> <span class='ocrx_word' id='word_1_103' title='bbox 2557 1106 2786 1169; x_wconf 81' lang='lat' dir='ltr'><strong>agere3</strong></span> <span class='ocrx_word' id='word_1_104' title='bbox 2829 1088 3157 1171; x_wconf 86' lang='lat' dir='ltr'><strong>deinceps,</strong></span> <span class='ocrx_word' id='word_1_105' title='bbox 3204 1089 3373 1170; x_wconf 91' lang='lat' dir='ltr'><strong>quod</strong></span> <span class='ocrx_word' id='word_1_106' title='bbox 3416 1108 3454 1150; x_wconf 92' lang='lat' dir='ltr'><strong>a</strong></span> 
     </span>
     <span class='ocr_line' id='line_1_19' title="bbox 1949 1185 3450 1267; baseline 0 -20"><span class='ocrx_word' id='word_1_107' title='bbox 1949 1186 2168 1247; x_wconf 89' lang='lat' dir='ltr'><strong>divina</strong></span> <span class='ocrx_word' id='word_1_108' title='bbox 2205 1185 2440 1247; x_wconf 87' lang='lat' dir='ltr'><strong>virtute</strong></span> <span class='ocrx_word' id='word_1_109' title='bbox 2479 1185 2646 1249; x_wconf 81' lang='lat' dir='ltr'><strong>facta</strong></span> <span class='ocrx_word' id='word_1_110' title='bbox 2683 1192 2828 1247; x_wconf 91' lang='lat' dir='ltr'><strong>sunt</strong></span> <span class='ocrx_word' id='word_1_111' title='bbox 2869 1185 3176 1249; x_wconf 84' lang='lat' dir='ltr'><strong>miracula</strong></span> <span class='ocrx_word' id='word_1_112' title='bbox 3215 1185 3450 1267; x_wconf 87' lang='lat' dir='ltr'><strong>quibus</strong></span> 
     </span>
     <span class='ocr_line' id='line_1_20' title="bbox 1950 1282 2474 1345; baseline 0 0"><span class='ocrx_word' id='word_1_113' title='bbox 1950 1282 2113 1345; x_wconf 91' lang='lat' dir='ltr'><strong>fides</strong></span> <span class='ocrx_word' id='word_1_114' title='bbox 2159 1282 2474 1345; x_wconf 91' lang='lat' dir='ltr'><strong>innititur.</strong></span> 
     </span>
    </p>

    <p class='ocr_par' dir='ltr' id='par_1_7' title="bbox 1947 1381 3454 1856">
     <span class='ocr_line' id='line_1_21' title="bbox 2031 1381 3450 1463; baseline 0.001 -20"><span class='ocrx_word' id='word_1_115' title='bbox 2031 1381 2117 1443; x_wconf 92' lang='lat' dir='ltr'><strong>Ea</strong></span> <span class='ocrx_word' id='word_1_116' title='bbox 2161 1381 2374 1463; x_wconf 85' lang='lat' dir='ltr'><strong>itaque</strong></span> <span class='ocrx_word' id='word_1_117' title='bbox 2413 1382 2716 1445; x_wconf 87' lang='lat' dir='ltr'><strong>dicuntur</strong></span> <span class='ocrx_word' id='word_1_118' title='bbox 2757 1382 3087 1455; x_wconf 89' lang='lat' dir='ltr'><strong>miracula,</strong></span> <span class='ocrx_word' id='word_1_119' title='bbox 3122 1400 3262 1463; x_wconf 84' lang='lat' dir='ltr'><strong>quae</strong></span> <span class='ocrx_word' id='word_1_120' title='bbox 3293 1400 3450 1463; x_wconf 84' lang='lat' dir='ltr'><strong>prae-</strong></span> 
     </span>
     <span class='ocr_line' id='line_1_22' title="bbox 1948 1480 3454 1544; baseline -0.001 -1"><span class='ocrx_word' id='word_1_121' title='bbox 1948 1486 2047 1543; x_wconf 83' lang='lat' dir='ltr'><strong>ter</strong></span> <span class='ocrx_word' id='word_1_122' title='bbox 2086 1480 2377 1543; x_wconf 89' lang='lat' dir='ltr'><strong>ordinem</strong></span> <span class='ocrx_word' id='word_1_123' title='bbox 2418 1480 2806 1544; x_wconf 86' lang='lat' dir='ltr'><strong>naturalium</strong></span> <span class='ocrx_word' id='word_1_124' title='bbox 2855 1499 3193 1543; x_wconf 85' lang='lat' dir='ltr'><strong>causarum</strong></span> <span class='ocrx_word' id='word_1_125' title='bbox 3241 1487 3306 1541; x_wconf 88' lang='lat' dir='ltr'><strong>et</strong></span> <span class='ocrx_word' id='word_1_126' title='bbox 3347 1498 3454 1541; x_wconf 86' lang='lat' dir='ltr'><strong>na-</strong></span> 
     </span>
     <span class='ocr_line' id='line_1_23' title="bbox 1947 1576 3454 1641; baseline -0.001 0"><span class='ocrx_word' id='word_1_127' title='bbox 1947 1579 2222 1641; x_wconf 89' lang='lat' dir='ltr'><strong>turalem</strong></span> <span class='ocrx_word' id='word_1_128' title='bbox 2279 1596 2538 1641; x_wconf 92' lang='lat' dir='ltr'><strong>cursum</strong></span> <span class='ocrx_word' id='word_1_129' title='bbox 2589 1580 2654 1641; x_wconf 91' lang='lat' dir='ltr'><strong>in</strong></span> <span class='ocrx_word' id='word_1_130' title='bbox 2703 1579 2893 1641; x_wconf 89' lang='lat' dir='ltr'><strong>rebus</strong></span> <span class='ocrx_word' id='word_1_131' title='bbox 2947 1586 3255 1641; x_wconf 87' lang='lat' dir='ltr'><strong>statutum</strong></span> <span class='ocrx_word' id='word_1_132' title='bbox 3309 1576 3454 1641; x_wconf 83' lang='lat' dir='ltr'><strong>effi-</strong></span> 
     </span>
     <span class='ocr_line' id='line_1_24' title="bbox 1952 1676 3450 1759; baseline -0.001 -21"><span class='ocrx_word' id='word_1_133' title='bbox 1952 1678 2230 1739; x_wconf 87' lang='lat' dir='ltr'><strong>ciuntur.</strong></span> <span class='ocrx_word' id='word_1_134' title='bbox 2292 1676 2468 1751; x_wconf 88' lang='lat' dir='ltr'><strong>Quod</strong></span> <span class='ocrx_word' id='word_1_135' title='bbox 2534 1684 2747 1739; x_wconf 91' lang='lat' dir='ltr'><strong>autem</strong></span> <span class='ocrx_word' id='word_1_136' title='bbox 2816 1678 2907 1740; x_wconf 93' lang='lat' dir='ltr'><strong>sic</strong></span> <span class='ocrx_word' id='word_1_137' title='bbox 2975 1677 3140 1740; x_wconf 86' lang='lat' dir='ltr'><strong>Deus</strong></span> <span class='ocrx_word' id='word_1_138' title='bbox 3199 1677 3450 1759; x_wconf 89' lang='lat' dir='ltr'><strong>operari</strong></span> 
     </span>
     <span class='ocr_line' id='line_1_25' title="bbox 1950 1774 3451 1856; baseline -0.001 -20"><span class='ocrx_word' id='word_1_139' title='bbox 1950 1774 2172 1856; x_wconf 86' lang='lat' dir='ltr'><strong>possit,</strong></span> <span class='ocrx_word' id='word_1_140' title='bbox 2222 1774 2595 1836; x_wconf 81' lang='lat' dir='ltr'><strong>ostenditur.</strong></span> <span class='ocrx_word' id='word_1_141' title='bbox 2651 1775 2818 1837; x_wconf 84' lang='lat' dir='ltr'><strong>Deus</strong></span> <span class='ocrx_word' id='word_1_142' title='bbox 2873 1775 3047 1837; x_wconf 90' lang='lat' dir='ltr'><strong>enim</strong></span> <span class='ocrx_word' id='word_1_143' title='bbox 3107 1782 3203 1837; x_wconf 89' lang='lat' dir='ltr'><strong>est</strong></span> <span class='ocrx_word' id='word_1_144' title='bbox 3261 1792 3451 1836; x_wconf 91' lang='lat' dir='ltr'><strong>causa</strong></span> 
     </span>
    </p>
   </div>
   <div class='ocr_carea' id='block_1_6' title="bbox 344 1870 3447 1956">
    <p class='ocr_par' dir='ltr' id='par_1_8' title="bbox 344 1870 3447 1956">
     <span class='ocr_line' id='line_1_26' title="bbox 344 1870 3447 1956; baseline 0.001 -24"><span class='ocrx_word' id='word_1_145' title='bbox 344 1870 549 1933; x_wconf 88' lang='lat' dir='ltr'><strong>invisa</strong></span> <span class='ocrx_word' id='word_1_146' title='bbox 605 1880 671 1935; x_wconf 88' lang='lat' dir='ltr'><strong>et</strong></span> <span class='ocrx_word' id='word_1_147' title='bbox 729 1872 877 1947; x_wconf 89' lang='lat' dir='ltr'><strong>alta,</strong></span> <span class='ocrx_word' id='word_1_148' title='bbox 936 1874 1015 1936; x_wconf 93' lang='lat' dir='ltr'><strong>ad</strong></span> <span class='ocrx_word' id='word_1_149' title='bbox 1074 1874 1647 1956; x_wconf 89' lang='lat' dir='ltr'><strong>derelinquendum</strong></span> <span class='ocrx_word' id='word_1_150' title='bbox 1708 1870 1913 1937; x_wconf 88' lang='lat' dir='ltr'><strong>tamB</strong></span> <span class='ocrx_word' id='word_1_151' title='bbox 1950 1890 2164 1934; x_wconf 88' lang='lat' dir='ltr'><strong>rerum</strong></span> <span class='ocrx_word' id='word_1_152' title='bbox 2215 1891 2328 1953; x_wconf 91' lang='lat' dir='ltr'><strong>per</strong></span> <span class='ocrx_word' id='word_1_153' title='bbox 2378 1872 2772 1935; x_wconf 89' lang='lat' dir='ltr'><strong>intellectum</strong></span> <span class='ocrx_word' id='word_1_154' title='bbox 2822 1880 2886 1935; x_wconf 90' lang='lat' dir='ltr'><strong>et</strong></span> <span class='ocrx_word' id='word_1_155' title='bbox 2926 1874 3340 1946; x_wconf 88' lang='lat' dir='ltr'><strong>voluntatem,</strong></span> <span class='ocrx_word' id='word_1_156' title='bbox 3385 1880 3447 1935; x_wconf 88' lang='lat' dir='ltr'><strong>et</strong></span> 
     </span>
    </p>
   </div>
   <div class='ocr_carea' id='block_1_7' title="bbox 340 1972 1843 3036">
    <p class='ocr_par' dir='ltr' id='par_1_9' title="bbox 340 1972 1843 3036">
     <span class='ocr_line' id='line_1_27' title="bbox 342 1972 1835 2052; baseline 0.003 -21"><span class='ocrx_word' id='word_1_157' title='bbox 342 1978 511 2032; x_wconf 86' lang='lat' dir='ltr'><strong>certa</strong></span> <span class='ocrx_word' id='word_1_158' title='bbox 542 1972 1154 2052; x_wconf 80' lang='lat' dir='ltr'><strong>praesentia,carnali</strong></span> <span class='ocrx_word' id='word_1_159' title='bbox 1182 1979 1413 2035; x_wconf 79' lang='lat' dir='ltr'><strong>naturae</strong></span> <span class='ocrx_word' id='word_1_160' title='bbox 1434 1980 1563 2035; x_wconf 89' lang='lat' dir='ltr'><strong>tam</strong></span> <span class='ocrx_word' id='word_1_161' title='bbox 1594 1974 1835 2047; x_wconf 91' lang='lat' dir='ltr'><strong>suavia,</strong></span> 
     </span>
     <span class='ocr_line' id='line_1_28' title="bbox 346 2068 1837 2152; baseline 0.003 -23"><span class='ocrx_word' id='word_1_162' title='bbox 346 2068 621 2131; x_wconf 92' lang='lat' dir='ltr'><strong>mundus</strong></span> <span class='ocrx_word' id='word_1_163' title='bbox 678 2068 979 2133; x_wconf 88' lang='lat' dir='ltr'><strong>inductus</strong></span> <span class='ocrx_word' id='word_1_164' title='bbox 1036 2069 1263 2133; x_wconf 88' lang='lat' dir='ltr'><strong>fuisset</strong></span> <span class='ocrx_word' id='word_1_165' title='bbox 1309 2089 1346 2132; x_wconf 98' lang='lat' dir='ltr'><strong>a</strong></span> <span class='ocrx_word' id='word_1_166' title='bbox 1394 2071 1637 2152; x_wconf 91' lang='lat' dir='ltr'><strong>paucis,</strong></span> <span class='ocrx_word' id='word_1_167' title='bbox 1688 2071 1837 2134; x_wconf 89' lang='lat' dir='ltr'><strong>sim-</strong></span> 
     </span>
     <span class='ocr_line' id='line_1_29' title="bbox 344 2165 1841 2249; baseline 0.005 -24"><span class='ocrx_word' id='word_1_168' title='bbox 344 2165 645 2246; x_wconf 87' lang='lat' dir='ltr'><strong>plicibus,</strong></span> <span class='ocrx_word' id='word_1_169' title='bbox 690 2167 1047 2230; x_wconf 90' lang='lat' dir='ltr'><strong>humilibus</strong></span> <span class='ocrx_word' id='word_1_170' title='bbox 1092 2176 1159 2231; x_wconf 89' lang='lat' dir='ltr'><strong>et</strong></span> <span class='ocrx_word' id='word_1_171' title='bbox 1206 2168 1597 2249; x_wconf 86' lang='lat' dir='ltr'><strong>ignobilibus</strong></span> <span class='ocrx_word' id='word_1_172' title='bbox 1641 2170 1841 2233; x_wconf 88' lang='lat' dir='ltr'><strong>homi-</strong></span> 
     </span>
     <span class='ocr_line' id='line_1_30' title="bbox 344 2264 1837 2348; baseline 0.004 -23"><span class='ocrx_word' id='word_1_173' title='bbox 344 2264 555 2337; x_wconf 79' lang='lat' dir='ltr'><strong>nibuS‚</strong></span> <span class='ocrx_word' id='word_1_174' title='bbox 582 2266 719 2328; x_wconf 90' lang='lat' dir='ltr'><strong>sine</strong></span> <span class='ocrx_word' id='word_1_175' title='bbox 750 2266 949 2347; x_wconf 83' lang='lat' dir='ltr'><strong>signis</strong></span> <span class='ocrx_word' id='word_1_176' title='bbox 978 2274 1043 2329; x_wconf 89' lang='lat' dir='ltr'><strong>et</strong></span> <span class='ocrx_word' id='word_1_177' title='bbox 1072 2267 1378 2348; x_wconf 82' lang='lat' dir='ltr'><strong>prodigiis</strong></span> <span class='ocrx_word' id='word_1_178' title='bbox 1408 2268 1837 2345; x_wconf 87' lang='lat' dir='ltr'><strong>evidentibus,</strong></span> 
     </span>
     <span class='ocr_line' id='line_1_31' title="bbox 344 2363 1835 2431; baseline 0.003 -7"><span class='ocrx_word' id='word_1_179' title='bbox 344 2382 419 2425; x_wconf 83' lang='lat' dir='ltr'><strong>ex</strong></span> <span class='ocrx_word' id='word_1_180' title='bbox 464 2363 687 2426; x_wconf 82' lang='lat' dir='ltr'><strong>divina</strong></span> <span class='ocrx_word' id='word_1_181' title='bbox 732 2364 971 2427; x_wconf 83' lang='lat' dir='ltr'><strong>virtute</strong></span> <span class='ocrx_word' id='word_1_182' title='bbox 1016 2365 1377 2429; x_wconf 81' lang='lat' dir='ltr'><strong>efficaciam</strong></span> <span class='ocrx_word' id='word_1_183' title='bbox 1430 2366 1835 2431; x_wconf 89' lang='lat' dir='ltr'><strong>habentibus.</strong></span> 
     </span>
     <span class='ocr_line' id='line_1_32' title="bbox 346 2460 1841 2529; baseline 0.004 -6"><span class='ocrx_word' id='word_1_184' title='bbox 346 2460 481 2523; x_wconf 78' lang='lat' dir='ltr'><strong>Haec</strong></span> <span class='ocrx_word' id='word_1_185' title='bbox 552 2469 769 2525; x_wconf 87' lang='lat' dir='ltr'><strong>autem</strong></span> <span class='ocrx_word' id='word_1_186' title='bbox 838 2472 965 2525; x_wconf 92' lang='lat' dir='ltr'><strong>tam</strong></span> <span class='ocrx_word' id='word_1_187' title='bbox 1038 2463 1435 2525; x_wconf 90' lang='lat' dir='ltr'><strong>admirabilis</strong></span> <span class='ocrx_word' id='word_1_188' title='bbox 1508 2466 1841 2529; x_wconf 87' lang='lat' dir='ltr'><strong>conversio</strong></span> 
     </span>
     <span class='ocr_line' id='line_1_33' title="bbox 344 2560 1841 2636; baseline 0.003 -15"><span class='ocrx_word' id='word_1_189' title='bbox 344 2561 565 2622; x_wconf 89' lang='lat' dir='ltr'><strong>mundi</strong></span> <span class='ocrx_word' id='word_1_190' title='bbox 596 2561 675 2623; x_wconf 91' lang='lat' dir='ltr'><strong>ad</strong></span> <span class='ocrx_word' id='word_1_191' title='bbox 708 2560 929 2636; x_wconf 88' lang='lat' dir='ltr'><strong>fidem,</strong></span> <span class='ocrx_word' id='word_1_192' title='bbox 962 2562 1393 2625; x_wconf 88' lang='lat' dir='ltr'><strong>certissimum</strong></span> <span class='ocrx_word' id='word_1_193' title='bbox 1436 2564 1745 2626; x_wconf 91' lang='lat' dir='ltr'><strong>indicium</strong></span> <span class='ocrx_word' id='word_1_194' title='bbox 1777 2572 1841 2626; x_wconf 90' lang='lat' dir='ltr'><strong>et</strong></span> 
     </span>
     <span class='ocr_line' id='line_1_34' title="bbox 340 2658 1843 2743; baseline 0.002 -24"><span class='ocrx_word' id='word_1_195' title='bbox 340 2666 781 2737; x_wconf 80' lang='lat' dir='ltr'><strong>argumentum</strong></span> <span class='ocrx_word' id='word_1_196' title='bbox 803 2658 992 2721; x_wconf 87' lang='lat' dir='ltr'><strong>estad</strong></span> <span class='ocrx_word' id='word_1_197' title='bbox 1026 2658 1217 2721; x_wconf 79' lang='lat' dir='ltr'><strong>fidem</strong></span> <span class='ocrx_word' id='word_1_198' title='bbox 1247 2660 1569 2741; x_wconf 79' lang='lat' dir='ltr'><strong>signorum</strong></span> <span class='ocrx_word' id='word_1_199' title='bbox 1592 2669 1843 2743; x_wconf 83' lang='lat' dir='ltr'><strong>praeter·</strong></span> 
     </span>
     <span class='ocr_line' id='line_1_35' title="bbox 344 2756 1841 2841; baseline 0.003 -25"><span class='ocrx_word' id='word_1_200' title='bbox 344 2756 595 2829; x_wconf 68' lang='lat' dir='ltr'><strong>storum,</strong></span> <span class='ocrx_word' id='word_1_201' title='bbox 617 2764 689 2817; x_wconf 92' lang='lat' dir='ltr'><strong>ut</strong></span> <span class='ocrx_word' id='word_1_202' title='bbox 716 2775 791 2819; x_wconf 89' lang='lat' dir='ltr'><strong>ca</strong></span> <span class='ocrx_word' id='word_1_203' title='bbox 824 2756 1107 2818; x_wconf 88' lang='lat' dir='ltr'><strong>reiterari</strong></span> <span class='ocrx_word' id='word_1_204' title='bbox 1148 2775 1275 2819; x_wconf 89' lang='lat' dir='ltr'><strong>non</strong></span> <span class='ocrx_word' id='word_1_205' title='bbox 1314 2766 1623 2839; x_wconf 88' lang='lat' dir='ltr'><strong>oporteat,</strong></span> <span class='ocrx_word' id='word_1_206' title='bbox 1649 2778 1841 2841; x_wconf 89' lang='lat' dir='ltr'><strong>quum</strong></span> 
     </span>
     <span class='ocr_line' id='line_1_36' title="bbox 342 2854 1841 2939; baseline 0.003 -23"><span class='ocrx_word' id='word_1_207' title='bbox 342 2854 405 2917; x_wconf 91' lang='lat' dir='ltr'><strong>in</strong></span> <span class='ocrx_word' id='word_1_208' title='bbox 432 2854 669 2917; x_wconf 90' lang='lat' dir='ltr'><strong>effectu</strong></span> <span class='ocrx_word' id='word_1_209' title='bbox 703 2874 821 2917; x_wconf 88' lang='lat' dir='ltr'><strong>suo</strong></span> <span class='ocrx_word' id='word_1_210' title='bbox 850 2864 1140 2937; x_wconf 87' lang='lat' dir='ltr'><strong>patenter</strong></span> <span class='ocrx_word' id='word_1_211' title='bbox 1170 2856 1492 2919; x_wconf 86' lang='lat' dir='ltr'><strong>reluceant</strong></span> <span class='ocrx_word' id='word_1_212' title='bbox 1513 2858 1841 2939; x_wconf 89' lang='lat' dir='ltr'><strong>:quamvis</strong></span> 
     </span>
     <span class='ocr_line' id='line_1_37' title="bbox 342 2952 1838 3036; baseline 0.003 -22"><span class='ocrx_word' id='word_1_213' title='bbox 342 2972 540 3034; x_wconf 90' lang='lat' dir='ltr'><strong>usque</strong></span> <span class='ocrx_word' id='word_1_214' title='bbox 573 2952 639 3014; x_wconf 90' lang='lat' dir='ltr'><strong>in</strong></span> <span class='ocrx_word' id='word_1_215' title='bbox 672 2972 951 3035; x_wconf 82' lang='lat' dir='ltr'><strong>praesens</strong></span> <span class='ocrx_word' id='word_1_216' title='bbox 984 2962 1236 3036; x_wconf 89' lang='lat' dir='ltr'><strong>tempus</strong></span> <span class='ocrx_word' id='word_1_217' title='bbox 1270 2972 1391 3016; x_wconf 90' lang='lat' dir='ltr'><strong>non</strong></span> <span class='ocrx_word' id='word_1_218' title='bbox 1436 2963 1639 3018; x_wconf 87' lang='lat' dir='ltr'><strong>cesset</strong></span> <span class='ocrx_word' id='word_1_219' title='bbox 1672 2956 1838 3019; x_wconf 91' lang='lat' dir='ltr'><strong>Deus</strong></span> 
     </span>
    </p>
   </div>
   <div class='ocr_carea' id='block_1_8' title="bbox 1949 1971 3444 2053">
    <p class='ocr_par' dir='ltr' id='par_1_10' title="bbox 1949 1971 3444 2053">
     <span class='ocr_line' id='line_1_38' title="bbox 1949 1971 3444 2053; baseline 0.001 -21"><span class='ocrx_word' id='word_1_220' title='bbox 1949 1988 2077 2033; x_wconf 91' lang='lat' dir='ltr'><strong>non</strong></span> <span class='ocrx_word' id='word_1_221' title='bbox 2106 1989 2224 2053; x_wconf 90' lang='lat' dir='ltr'><strong>per</strong></span> <span class='ocrx_word' id='word_1_222' title='bbox 2251 1971 2695 2034; x_wconf 88' lang='lat' dir='ltr'><strong>necessitatem</strong></span> <span class='ocrx_word' id='word_1_223' title='bbox 2733 1978 2998 2047; x_wconf 81' lang='lat' dir='ltr'><strong>naturae,</strong></span> <span class='ocrx_word' id='word_1_224' title='bbox 3029 1971 3198 2034; x_wconf 88' lang='lat' dir='ltr'><strong>sicut</strong></span> <span class='ocrx_word' id='word_1_225' title='bbox 3226 1972 3289 2033; x_wconf 89' lang='lat' dir='ltr'><strong>in</strong></span> <span class='ocrx_word' id='word_1_226' title='bbox 3321 1971 3444 2053; x_wconf 90' lang='lat' dir='ltr'><strong>pri-</strong></span> 
     </span>
    </p>
   </div>
   <div class='ocr_carea' id='block_1_9' title="bbox 1950 2069 3738 2241">
    <p class='ocr_par' dir='ltr' id='par_1_11' title="bbox 1950 2069 3738 2241">
     <span class='ocr_line' id='line_1_39' title="bbox 1952 2069 3738 2151; baseline -0.005 -19"><span class='ocrx_word' id='word_1_227' title='bbox 1952 2086 2057 2132; x_wconf 93' lang='lat' dir='ltr'><strong>mo</strong></span> <span class='ocrx_word' id='word_1_228' title='bbox 2088 2069 2534 2151; x_wconf 87' lang='lat' dir='ltr'><strong>multipliciter</strong></span> <span class='ocrx_word' id='word_1_229' title='bbox 2561 2070 2906 2132; x_wconf 88' lang='lat' dir='ltr'><strong>deductum</strong></span> <span class='ocrx_word' id='word_1_230' title='bbox 2944 2077 3057 2132; x_wconf 86' lang='lat' dir='ltr'><strong>est.</strong></span> <span class='ocrx_word' id='word_1_231' title='bbox 3091 2070 3300 2150; x_wconf 80' lang='lat' dir='ltr'><strong>Agens</strong></span> <span class='ocrx_word' id='word_1_232' title='bbox 3335 2086 3443 2131; x_wconf 91' lang='lat' dir='ltr'><strong>au-</strong></span> <span class='ocrx_word' id='word_1_233' title='bbox 3495 2098 3738 2137; x_wconf 65' lang='lat'><strong>„2„,‚,..-</strong></span> 
     </span>
     <span class='ocr_line' id='line_1_40' title="bbox 1950 2166 3539 2241; baseline -0.002 -13"><span class='ocrx_word' id='word_1_234' title='bbox 1950 2174 2078 2229; x_wconf 89' lang='lat' dir='ltr'><strong>tem</strong></span> <span class='ocrx_word' id='word_1_235' title='bbox 2128 2166 2648 2230; x_wconf 86' lang='lat' dir='ltr'><strong>intellectualiter</strong></span> <span class='ocrx_word' id='word_1_236' title='bbox 2687 2176 2750 2231; x_wconf 92' lang='lat' dir='ltr'><strong>et</strong></span> <span class='ocrx_word' id='word_1_237' title='bbox 2801 2167 3022 2241; x_wconf 90' lang='lat' dir='ltr'><strong>libere,</strong></span> <span class='ocrx_word' id='word_1_238' title='bbox 3065 2167 3446 2229; x_wconf 86' lang='lat' dir='ltr'><strong>determinat</strong></span> <span class='ocrx_word' id='word_1_239' title='bbox 3474 2170 3539 2199; x_wconf 66' lang='lat'><strong>“-</strong></span> 
     </span>
    </p>
   </div>
   <div class='ocr_carea' id='block_1_10' title="bbox 1948 2264 3449 3024">
    <p class='ocr_par' dir='ltr' id='par_1_12' title="bbox 1948 2264 3449 3024">
     <span class='ocr_line' id='line_1_41' title="bbox 1948 2264 3446 2347; baseline -0.001 -20"><span class='ocrx_word' id='word_1_240' title='bbox 1948 2282 2109 2347; x_wconf 93' lang='lat' dir='ltr'><strong>opus</strong></span> <span class='ocrx_word' id='word_1_241' title='bbox 2140 2284 2330 2327; x_wconf 91' lang='lat' dir='ltr'><strong>suum</strong></span> <span class='ocrx_word' id='word_1_242' title='bbox 2365 2264 2430 2327; x_wconf 91' lang='lat' dir='ltr'><strong>in</strong></span> <span class='ocrx_word' id='word_1_243' title='bbox 2463 2285 2529 2328; x_wconf 92' lang='lat' dir='ltr'><strong>se</strong></span> <span class='ocrx_word' id='word_1_244' title='bbox 2562 2267 2722 2347; x_wconf 85' lang='lat' dir='ltr'><strong>ipse,</strong></span> <span class='ocrx_word' id='word_1_245' title='bbox 2754 2274 2820 2328; x_wconf 90' lang='lat' dir='ltr'><strong>et</strong></span> <span class='ocrx_word' id='word_1_246' title='bbox 2856 2265 3223 2327; x_wconf 90' lang='lat' dir='ltr'><strong>immediate</strong></span> <span class='ocrx_word' id='word_1_247' title='bbox 3261 2282 3446 2345; x_wconf 82' lang='lat' dir='ltr'><strong>agere</strong></span> 
     </span>
     <span class='ocr_line' id='line_1_42' title="bbox 1952 2362 3446 2445; baseline 0 -20"><span class='ocrx_word' id='word_1_248' title='bbox 1952 2370 2160 2445; x_wconf 86' lang='lat' dir='ltr'><strong>potest</strong></span> <span class='ocrx_word' id='word_1_249' title='bbox 2216 2381 2640 2445; x_wconf 65' lang='lat' dir='ltr'><strong>quaecumque</strong></span> <span class='ocrx_word' id='word_1_250' title='bbox 2699 2363 3001 2426; x_wconf 90' lang='lat' dir='ltr'><strong>virtutem</strong></span> <span class='ocrx_word' id='word_1_251' title='bbox 3061 2362 3446 2425; x_wconf 85' lang='lat' dir='ltr'><strong>causalitatis</strong></span> 
     </span>
     <span class='ocr_line' id='line_1_43' title="bbox 1950 2461 3446 2543; baseline -0.001 -20"><span class='ocrx_word' id='word_1_252' title='bbox 1950 2480 2081 2523; x_wconf 82' lang='lat' dir='ltr'><strong>suae</strong></span> <span class='ocrx_word' id='word_1_253' title='bbox 2112 2479 2238 2523; x_wconf 92' lang='lat' dir='ltr'><strong>non</strong></span> <span class='ocrx_word' id='word_1_254' title='bbox 2269 2462 2592 2523; x_wconf 85' lang='lat' dir='ltr'><strong>excellunt</strong></span> <span class='ocrx_word' id='word_1_255' title='bbox 2616 2480 2628 2523; x_wconf 93' lang='lat'><strong>:</strong></span> <span class='ocrx_word' id='word_1_256' title='bbox 2655 2461 2764 2524; x_wconf 92' lang='lat' dir='ltr'><strong>sed</strong></span> <span class='ocrx_word' id='word_1_257' title='bbox 2795 2480 2988 2543; x_wconf 83' lang='lat' dir='ltr'><strong>agens</strong></span> <span class='ocrx_word' id='word_1_258' title='bbox 3019 2461 3304 2523; x_wconf 88' lang='lat' dir='ltr'><strong>naturale</strong></span> <span class='ocrx_word' id='word_1_259' title='bbox 3335 2479 3446 2523; x_wconf 91' lang='lat' dir='ltr'><strong>seu</strong></span> 
     </span>
     <span class='ocr_line' id='line_1_44' title="bbox 1950 2559 3446 2641; baseline 0 -22"><span class='ocrx_word' id='word_1_260' title='bbox 1950 2577 2065 2640; x_wconf 88' lang='lat' dir='ltr'><strong>per</strong></span> <span class='ocrx_word' id='word_1_261' title='bbox 2103 2559 2548 2621; x_wconf 84' lang='lat' dir='ltr'><strong>necessitatem</strong></span> <span class='ocrx_word' id='word_1_262' title='bbox 2589 2566 2852 2631; x_wconf 84' lang='lat' dir='ltr'><strong>naturae,</strong></span> <span class='ocrx_word' id='word_1_263' title='bbox 2885 2566 3182 2641; x_wconf 88' lang='lat' dir='ltr'><strong>operatur</strong></span> <span class='ocrx_word' id='word_1_264' title='bbox 3224 2576 3446 2621; x_wconf 89' lang='lat' dir='ltr'><strong>secun·</strong></span> 
     </span>
     <span class='ocr_line' id='line_1_45' title="bbox 1950 2656 3447 2738; baseline -0.001 -19"><span class='ocrx_word' id='word_1_265' title='bbox 1950 2658 2101 2719; x_wconf 90' lang='lat' dir='ltr'><strong>dum</strong></span> <span class='ocrx_word' id='word_1_266' title='bbox 2153 2664 2507 2719; x_wconf 84' lang='lat' dir='ltr'><strong>extremum</strong></span> <span class='ocrx_word' id='word_1_267' title='bbox 2561 2656 2660 2719; x_wconf 94' lang='lat' dir='ltr'><strong>sui</strong></span> <span class='ocrx_word' id='word_1_268' title='bbox 2711 2675 2916 2738; x_wconf 91' lang='lat' dir='ltr'><strong>posse.</strong></span> <span class='ocrx_word' id='word_1_269' title='bbox 2971 2657 3240 2720; x_wconf 87' lang='lat' dir='ltr'><strong>Minores</strong></span> <span class='ocrx_word' id='word_1_270' title='bbox 3298 2674 3447 2737; x_wconf 84' lang='lat' dir='ltr'><strong>ergo</strong></span> 
     </span>
     <span class='ocr_line' id='line_1_46' title="bbox 1950 2755 3448 2837; baseline -0.001 -19"><span class='ocrx_word' id='word_1_271' title='bbox 1950 2764 2013 2818; x_wconf 90' lang='lat' dir='ltr'><strong>et</strong></span> <span class='ocrx_word' id='word_1_272' title='bbox 2072 2756 2374 2817; x_wconf 89' lang='lat' dir='ltr'><strong>minimos</strong></span> <span class='ocrx_word' id='word_1_273' title='bbox 2423 2773 2712 2837; x_wconf 90' lang='lat' dir='ltr'><strong>quosque</strong></span> <span class='ocrx_word' id='word_1_274' title='bbox 2769 2755 3042 2817; x_wconf 90' lang='lat' dir='ltr'><strong>effectus</strong></span> <span class='ocrx_word' id='word_1_275' title='bbox 3091 2773 3250 2837; x_wconf 92' lang='lat' dir='ltr'><strong>quos</strong></span> <span class='ocrx_word' id='word_1_276' title='bbox 3311 2772 3448 2836; x_wconf 91' lang='lat' dir='ltr'><strong>pro-</strong></span> 
     </span>
     <span class='ocr_line' id='line_1_47' title="bbox 1950 2853 3449 2935; baseline -0.001 -20"><span class='ocrx_word' id='word_1_277' title='bbox 1950 2854 2195 2915; x_wconf 90' lang='lat' dir='ltr'><strong>ducunt</strong></span> <span class='ocrx_word' id='word_1_278' title='bbox 2244 2871 2448 2916; x_wconf 77' lang='lat' dir='ltr'><strong>causae</strong></span> <span class='ocrx_word' id='word_1_279' title='bbox 2498 2854 2813 2924; x_wconf 81' lang='lat' dir='ltr'><strong>secundae,</strong></span> <span class='ocrx_word' id='word_1_280' title='bbox 2865 2860 3073 2935; x_wconf 85' lang='lat' dir='ltr'><strong>potest</strong></span> <span class='ocrx_word' id='word_1_281' title='bbox 3121 2854 3286 2915; x_wconf 90' lang='lat' dir='ltr'><strong>Deus</strong></span> <span class='ocrx_word' id='word_1_282' title='bbox 3335 2853 3449 2914; x_wconf 89' lang='lat' dir='ltr'><strong>im-</strong></span> 
     </span>
     <span class='ocr_line' id='line_1_48' title="bbox 1954 2950 3448 3024; baseline -0.001 -11"><span class='ocrx_word' id='word_1_283' title='bbox 1954 2952 2226 3014; x_wconf 88' lang='lat' dir='ltr'><strong>mediate</strong></span> <span class='ocrx_word' id='word_1_284' title='bbox 2269 2950 2552 3013; x_wconf 88' lang='lat' dir='ltr'><strong>efficere.</strong></span> <span class='ocrx_word' id='word_1_285' title='bbox 2591 2952 2916 3024; x_wconf 85' lang='lat' dir='ltr'><strong>Praeterea,</strong></span> <span class='ocrx_word' id='word_1_286' title='bbox 2960 2971 3150 3014; x_wconf 91' lang='lat' dir='ltr'><strong>causa</strong></span> <span class='ocrx_word' id='word_1_287' title='bbox 3193 2951 3448 3014; x_wconf 88' lang='lat' dir='ltr'><strong>univer-</strong></span> 
     </span>
    </p>
   </div>
   <div class='ocr_carea' id='block_1_11' title="bbox 342 3048 3444 3134">
    <p class='ocr_par' dir='ltr' id='par_1_13' title="bbox 342 3048 3444 3134">
     <span class='ocr_line' id='line_1_49' title="bbox 342 3048 3444 3134; baseline -0 -23"><span class='ocrx_word' id='word_1_288' title='bbox 342 3050 721 3114; x_wconf 90' lang='lat' dir='ltr'><strong>miraculose</strong></span> <span class='ocrx_word' id='word_1_289' title='bbox 778 3070 963 3133; x_wconf 83' lang='lat' dir='ltr'><strong>agere</strong></span> <span class='ocrx_word' id='word_1_290' title='bbox 1024 3053 1087 3113; x_wconf 90' lang='lat' dir='ltr'><strong>in</strong></span> <span class='ocrx_word' id='word_1_291' title='bbox 1146 3070 1215 3114; x_wconf 90' lang='lat' dir='ltr'><strong>se</strong></span> <span class='ocrx_word' id='word_1_292' title='bbox 1280 3059 1343 3113; x_wconf 91' lang='lat' dir='ltr'><strong>et</strong></span> <span class='ocrx_word' id='word_1_293' title='bbox 1405 3071 1520 3134; x_wconf 90' lang='lat' dir='ltr'><strong>per</strong></span> <span class='ocrx_word' id='word_1_294' title='bbox 1577 3054 1837 3116; x_wconf 87' lang='lat' dir='ltr'><strong>Sanctos</strong></span> <span class='ocrx_word' id='word_1_295' title='bbox 1869 3054 1912 3117; x_wconf 91' lang='lat' dir='ltr'>C</span> <span class='ocrx_word' id='word_1_296' title='bbox 1952 3050 2101 3112; x_wconf 87' lang='lat' dir='ltr'><strong>salis</strong></span> <span class='ocrx_word' id='word_1_297' title='bbox 2143 3048 2490 3130; x_wconf 88' lang='lat' dir='ltr'><strong>dupliciter</strong></span> <span class='ocrx_word' id='word_1_298' title='bbox 2525 3048 2987 3111; x_wconf 85' lang='lat' dir='ltr'><strong>determinatur</strong></span> <span class='ocrx_word' id='word_1_299' title='bbox 3025 3049 3100 3111; x_wconf 89' lang='lat' dir='ltr'><strong>ad</strong></span> <span class='ocrx_word' id='word_1_300' title='bbox 3141 3048 3444 3111; x_wconf 84' lang='lat' dir='ltr'><strong>effectum</strong></span> 
     </span>
    </p>
   </div>
   <div class='ocr_carea' id='block_1_12' title="bbox 342 3148 1839 3701">
    <p class='ocr_par' dir='ltr' id='par_1_14' title="bbox 342 3148 1839 3701">
     <span class='ocr_line' id='line_1_50' title="bbox 342 3148 1839 3232; baseline 0.003 -22"><span class='ocrx_word' id='word_1_301' title='bbox 342 3166 507 3221; x_wconf 62' lang='lat' dir='ltr'><strong>sum,</strong></span> <span class='ocrx_word' id='word_1_302' title='bbox 542 3168 625 3211; x_wconf 87' lang='lat' dir='ltr'><strong>ne</strong></span> <span class='ocrx_word' id='word_1_303' title='bbox 663 3148 877 3213; x_wconf 88' lang='lat' dir='ltr'><strong>forsan</strong></span> <span class='ocrx_word' id='word_1_304' title='bbox 918 3158 1177 3232; x_wconf 89' lang='lat' dir='ltr'><strong>putetur</strong></span> <span class='ocrx_word' id='word_1_305' title='bbox 1214 3150 1581 3212; x_wconf 89' lang='lat' dir='ltr'><strong>abbreviata</strong></span> <span class='ocrx_word' id='word_1_306' title='bbox 1614 3170 1839 3215; x_wconf 89' lang='lat' dir='ltr'><strong>manus</strong></span> 
     </span>
     <span class='ocr_line' id='line_1_51' title="bbox 344 3247 1839 3331; baseline 0.003 -22"><span class='ocrx_word' id='word_1_307' title='bbox 344 3248 615 3311; x_wconf 87' lang='lat' dir='ltr'><strong>Domini.</strong></span> <span class='ocrx_word' id='word_1_308' title='bbox 666 3248 801 3311; x_wconf 89' lang='lat' dir='ltr'><strong>Non</strong></span> <span class='ocrx_word' id='word_1_309' title='bbox 859 3256 957 3311; x_wconf 87' lang='lat' dir='ltr'><strong>est</strong></span> <span class='ocrx_word' id='word_1_310' title='bbox 1002 3266 1153 3329; x_wconf 85' lang='lat' dir='ltr'><strong>ergo</strong></span> <span class='ocrx_word' id='word_1_311' title='bbox 1202 3247 1499 3319; x_wconf 87' lang='lat' dir='ltr'><strong>levitatis,</strong></span> <span class='ocrx_word' id='word_1_312' title='bbox 1548 3250 1649 3312; x_wconf 89' lang='lat' dir='ltr'><strong>his</strong></span> <span class='ocrx_word' id='word_1_313' title='bbox 1698 3270 1839 3331; x_wconf 81' lang='lat' dir='ltr'><strong>quae</strong></span> 
     </span>
     <span class='ocr_line' id='line_1_52' title="bbox 344 3346 1839 3428; baseline 0.003 -21"><span class='ocrx_word' id='word_1_314' title='bbox 344 3347 500 3409; x_wconf 87' lang='lat' dir='ltr'><strong>ratio</strong></span> <span class='ocrx_word' id='word_1_315' title='bbox 546 3364 673 3409; x_wconf 91' lang='lat' dir='ltr'><strong>non</strong></span> <span class='ocrx_word' id='word_1_316' title='bbox 724 3346 1231 3428; x_wconf 88' lang='lat' dir='ltr'><strong>comprehendit,</strong></span> <span class='ocrx_word' id='word_1_317' title='bbox 1272 3348 1552 3422; x_wconf 87' lang='lat' dir='ltr'><strong>credere,</strong></span> <span class='ocrx_word' id='word_1_318' title='bbox 1598 3349 1649 3409; x_wconf 92' lang='lat' dir='ltr'><strong>si</strong></span> <span class='ocrx_word' id='word_1_319' title='bbox 1694 3350 1839 3411; x_wconf 92' lang='lat' dir='ltr'><strong>talis</strong></span> 
     </span>
     <span class='ocr_line' id='line_1_53' title="bbox 342 3444 1838 3527; baseline 0.003 -23"><span class='ocrx_word' id='word_1_320' title='bbox 342 3444 683 3506; x_wconf 84' lang='lat' dir='ltr'><strong>credulitas</strong></span> <span class='ocrx_word' id='word_1_321' title='bbox 738 3444 965 3506; x_wconf 90' lang='lat' dir='ltr'><strong>habeat</strong></span> <span class='ocrx_word' id='word_1_322' title='bbox 1024 3444 1437 3507; x_wconf 87' lang='lat' dir='ltr'><strong>fundamenta</strong></span> <span class='ocrx_word' id='word_1_323' title='bbox 1494 3452 1559 3507; x_wconf 93' lang='lat' dir='ltr'><strong>et</strong></span> <span class='ocrx_word' id='word_1_324' title='bbox 1616 3445 1838 3527; x_wconf 89' lang='lat' dir='ltr'><strong>proba-</strong></span> 
     </span>
     <span class='ocr_line' id='line_1_54' title="bbox 343 3542 1837 3622; baseline 0.003 -20"><span class='ocrx_word' id='word_1_325' title='bbox 343 3542 543 3604; x_wconf 89' lang='lat' dir='ltr'><strong>tiones</strong></span> <span class='ocrx_word' id='word_1_326' title='bbox 588 3542 1058 3622; x_wconf 90' lang='lat' dir='ltr'><strong>hujuscemodi,</strong></span> <span class='ocrx_word' id='word_1_327' title='bbox 1108 3550 1177 3603; x_wconf 85' lang='lat' dir='ltr'><strong>ut</strong></span> <span class='ocrx_word' id='word_1_328' title='bbox 1224 3542 1416 3605; x_wconf 88' lang='lat' dir='ltr'><strong>habet</strong></span> <span class='ocrx_word' id='word_1_329' title='bbox 1458 3544 1623 3607; x_wconf 82' lang='lat' dir='ltr'><strong>fides</strong></span> <span class='ocrx_word' id='word_1_330' title='bbox 1672 3545 1837 3607; x_wconf 88' lang='lat' dir='ltr'><strong>chri-</strong></span> 
     </span>
     <span class='ocr_line' id='line_1_55' title="bbox 342 3640 562 3701; baseline 0 0"><span class='ocrx_word' id='word_1_331' title='bbox 342 3640 562 3701; x_wconf 87' lang='lat' dir='ltr'><strong>stiana.</strong></span> 
     </span>
    </p>
   </div>
   <div class='ocr_carea' id='block_1_13' title="bbox 764 3903 1417 3970">
    <p class='ocr_par' dir='ltr' id='par_1_15' title="bbox 764 3903 1417 3970">
     <span class='ocr_line' id='line_1_56' title="bbox 764 3903 1417 3970; baseline 0 -2"><span class='ocrx_word' id='word_1_332' title='bbox 764 3903 1255 3970; x_wconf 89' lang='lat' dir='ltr'><strong>ARTICULUS</strong></span> <span class='ocrx_word' id='word_1_333' title='bbox 1302 3905 1417 3969; x_wconf 91' lang='lat' dir='ltr'><strong>VI.</strong></span> 
     </span>
    </p>
   </div>
   <div class='ocr_carea' id='block_1_14' title="bbox 344 4042 1840 4206">
    <p class='ocr_par' dir='ltr' id='par_1_16' title="bbox 344 4042 1840 4206">
     <span class='ocr_line' id='line_1_57' title="bbox 344 4042 1840 4107; baseline 0.003 -8"><span class='ocrx_word' id='word_1_334' title='bbox 344 4044 525 4107; x_wconf 78' lang='lat' dir='ltr'><strong>Quod</strong></span> <span class='ocrx_word' id='word_1_335' title='bbox 543 4044 675 4103; x_wconf 86' lang='lat' dir='ltr'><strong>Deo</strong></span> <span class='ocrx_word' id='word_1_336' title='bbox 704 4050 763 4101; x_wconf 80' lang='lat' dir='ltr'><strong>ec</strong></span> <span class='ocrx_word' id='word_1_337' title='bbox 799 4042 907 4099; x_wconf 78' lang='lat' dir='ltr'><strong>illi</strong></span> <span class='ocrx_word' id='word_1_338' title='bbox 933 4042 1055 4101; x_wconf 85' lang='lat' dir='ltr'><strong>soli</strong></span> <span class='ocrx_word' id='word_1_339' title='bbox 1081 4044 1421 4103; x_wconf 72' lang='lat' dir='ltr'><strong>conveniat</strong></span> <span class='ocrx_word' id='word_1_340' title='bbox 1454 4046 1840 4104; x_wconf 79' lang='lat' dir='ltr'><strong>miraculose</strong></span> 
     </span>
     <span class='ocr_line' id='line_1_58' title="bbox 943 4134 1229 4206; baseline 0.007 -17"><span class='ocrx_word' id='word_1_341' title='bbox 943 4134 1229 4206; x_wconf 83' lang='lat' dir='ltr'><strong>operari.</strong></span> 
     </span>
    </p>
   </div>
   <div class='ocr_carea' id='block_1_15' title="bbox 336 4326 1841 5393">
    <p class='ocr_par' dir='ltr' id='par_1_17' title="bbox 462 4326 1841 4411">
     <span class='ocr_line' id='line_1_59' title="bbox 462 4326 1841 4411; baseline 0.001 -22"><span class='ocrx_word' id='word_1_342' title='bbox 462 4327 566 4389; x_wconf 87' lang='grc' dir='ltr'><strong>ΕΙ)</strong></span> <span class='ocrx_word' id='word_1_343' title='bbox 610 4327 759 4409; x_wconf 91' lang='lat' dir='ltr'><strong>quia</strong></span> <span class='ocrx_word' id='word_1_344' title='bbox 802 4326 1059 4409; x_wconf 90' lang='lat' dir='ltr'><strong>quidam</strong></span> <span class='ocrx_word' id='word_1_345' title='bbox 1107 4328 1427 4401; x_wconf 85' lang='lat' dir='ltr'><strong>dixerunt,</strong></span> <span class='ocrx_word' id='word_1_346' title='bbox 1477 4337 1705 4411; x_wconf 81' lang='lat' dir='ltr'><strong>praeter</strong></span> <span class='ocrx_word' id='word_1_347' title='bbox 1750 4330 1841 4391; x_wconf 90' lang='lat' dir='ltr'><strong>in-</strong></span> 
     </span>
    </p>

    <p class='ocr_par' dir='ltr' id='par_1_18' title="bbox 336 4425 1840 5393">
     <span class='ocr_line' id='line_1_60' title="bbox 486 4425 1839 4507; baseline 0 -18"><span class='ocrx_word' id='word_1_348' title='bbox 486 4425 693 4489; x_wconf 86' lang='lat' dir='ltr'><strong>ditum</strong></span> <span class='ocrx_word' id='word_1_349' title='bbox 724 4425 917 4487; x_wconf 92' lang='lat' dir='ltr'><strong>rebus</strong></span> <span class='ocrx_word' id='word_1_350' title='bbox 944 4426 1237 4489; x_wconf 90' lang='lat' dir='ltr'><strong>ordinem</strong></span> <span class='ocrx_word' id='word_1_351' title='bbox 1270 4426 1467 4488; x_wconf 90' lang='lat' dir='ltr'><strong>Deum</strong></span> <span class='ocrx_word' id='word_1_352' title='bbox 1498 4446 1683 4507; x_wconf 86' lang='lat' dir='ltr'><strong>agere</strong></span> <span class='ocrx_word' id='word_1_353' title='bbox 1716 4444 1839 4489; x_wconf 91' lang='lat' dir='ltr'><strong>non</strong></span> 
     </span>
     <span class='ocr_line' id='line_1_61' title="bbox 340 4524 1840 4605; baseline -0.001 -19"><span class='ocrx_word' id='word_1_354' title='bbox 340 4542 525 4605; x_wconf 88' lang='lat' dir='ltr'><strong>posse</strong></span> <span class='ocrx_word' id='word_1_355' title='bbox 566 4525 631 4585; x_wconf 90' lang='lat' dir='ltr'><strong>in</strong></span> <span class='ocrx_word' id='word_1_356' title='bbox 671 4524 843 4587; x_wconf 90' lang='lat' dir='ltr'><strong>hunc</strong></span> <span class='ocrx_word' id='word_1_357' title='bbox 884 4524 1223 4597; x_wconf 89' lang='lat' dir='ltr'><strong>mundum,</strong></span> <span class='ocrx_word' id='word_1_358' title='bbox 1256 4524 1423 4585; x_wconf 93' lang='lat' dir='ltr'><strong>sicut</strong></span> <span class='ocrx_word' id='word_1_359' title='bbox 1462 4524 1621 4585; x_wconf 85' lang='lat' dir='ltr'><strong>dixit</strong></span> <span class='ocrx_word' id='word_1_360' title='bbox 1652 4525 1840 4586; x_wconf 74' lang='lat' dir='ltr'><strong>Aver-</strong></span> 
     </span>
     <span class='ocr_line' id='line_1_62' title="bbox 340 4620 1837 4704; baseline 0.001 -22"><span class='ocrx_word' id='word_1_361' title='bbox 340 4640 501 4695; x_wconf 89' lang='lat' dir='ltr'><strong>roes‚</strong></span> <span class='ocrx_word' id='word_1_362' title='bbox 533 4623 703 4704; x_wconf 90' lang='lat' dir='ltr'><strong>quod</strong></span> <span class='ocrx_word' id='word_1_363' title='bbox 745 4620 799 4683; x_wconf 92' lang='lat' dir='ltr'><strong>si</strong></span> <span class='ocrx_word' id='word_1_364' title='bbox 843 4638 1065 4684; x_wconf 92' lang='lat' dir='ltr'><strong>omnes</strong></span> <span class='ocrx_word' id='word_1_365' title='bbox 1115 4622 1203 4683; x_wconf 93' lang='lat' dir='ltr'><strong>dii</strong></span> <span class='ocrx_word' id='word_1_366' title='bbox 1250 4621 1559 4693; x_wconf 88' lang='lat' dir='ltr'><strong>venirent,</strong></span> <span class='ocrx_word' id='word_1_367' title='bbox 1604 4631 1837 4685; x_wconf 86' lang='lat' dir='ltr'><strong>terram</strong></span> 
     </span>
     <span class='ocr_line' id='line_1_63' title="bbox 340 4718 1839 4801; baseline 0 -20"><span class='ocrx_word' id='word_1_368' title='bbox 340 4738 595 4783; x_wconf 89' lang='lat' dir='ltr'><strong>movere</strong></span> <span class='ocrx_word' id='word_1_369' title='bbox 638 4736 765 4783; x_wconf 91' lang='lat' dir='ltr'><strong>non</strong></span> <span class='ocrx_word' id='word_1_370' title='bbox 816 4727 1115 4801; x_wconf 88' lang='lat' dir='ltr'><strong>possent;</strong></span> <span class='ocrx_word' id='word_1_371' title='bbox 1150 4718 1409 4801; x_wconf 85' lang='lat' dir='ltr'><strong>quidam</strong></span> <span class='ocrx_word' id='word_1_372' title='bbox 1457 4736 1630 4792; x_wconf 81' lang='lat' dir='ltr'><strong>vere,</strong></span> <span class='ocrx_word' id='word_1_373' title='bbox 1673 4720 1839 4781; x_wconf 90' lang='lat' dir='ltr'><strong>sicut</strong></span> 
     </span>
     <span class='ocr_line' id='line_1_64' title="bbox 336 4816 1838 4897; baseline 0 -18"><span class='ocrx_word' id='word_1_374' title='bbox 336 4818 657 4879; x_wconf 83' lang='lat' dir='ltr'><strong>Avicenna</strong></span> <span class='ocrx_word' id='word_1_375' title='bbox 700 4826 763 4880; x_wconf 90' lang='lat' dir='ltr'><strong>et</strong></span> <span class='ocrx_word' id='word_1_376' title='bbox 807 4816 1235 4881; x_wconf 89' lang='lat' dir='ltr'><strong>communiter</strong></span> <span class='ocrx_word' id='word_1_377' title='bbox 1276 4834 1499 4879; x_wconf 90' lang='lat' dir='ltr'><strong>omnes</strong></span> <span class='ocrx_word' id='word_1_378' title='bbox 1528 4817 1838 4897; x_wconf 84' lang='lat' dir='ltr'><strong>Peripate-</strong></span> 
     </span>
     <span class='ocr_line' id='line_1_65' title="bbox 336 4915 1837 4998; baseline 0.001 -21"><span class='ocrx_word' id='word_1_379' title='bbox 336 4916 465 4989; x_wconf 88' lang='lat' dir='ltr'><strong>tici,</strong></span> <span class='ocrx_word' id='word_1_380' title='bbox 498 4916 821 4989; x_wconf 84' lang='lat' dir='ltr'><strong>dixerunt,</strong></span> <span class='ocrx_word' id='word_1_381' title='bbox 863 4915 1135 4998; x_wconf 87' lang='lat' dir='ltr'><strong>primam</strong></span> <span class='ocrx_word' id='word_1_382' title='bbox 1178 4934 1433 4979; x_wconf 90' lang='lat' dir='ltr'><strong>causam</strong></span> <span class='ocrx_word' id='word_1_383' title='bbox 1482 4932 1605 4977; x_wconf 91' lang='lat' dir='ltr'><strong>non</strong></span> <span class='ocrx_word' id='word_1_384' title='bbox 1651 4934 1837 4995; x_wconf 83' lang='lat' dir='ltr'><strong>agere</strong></span> 
     </span>
     <span class='ocr_line' id='line_1_66' title="bbox 338 5012 1837 5095; baseline 0.001 -20"><span class='ocrx_word' id='word_1_385' title='bbox 338 5014 401 5075; x_wconf 91' lang='lat' dir='ltr'><strong>in</strong></span> <span class='ocrx_word' id='word_1_386' title='bbox 444 5014 619 5076; x_wconf 88' lang='lat' dir='ltr'><strong>hunc</strong></span> <span class='ocrx_word' id='word_1_387' title='bbox 666 5014 979 5076; x_wconf 87' lang='lat' dir='ltr'><strong>mundum</strong></span> <span class='ocrx_word' id='word_1_388' title='bbox 1022 5012 1396 5077; x_wconf 89' lang='lat' dir='ltr'><strong>sensibilem</strong></span> <span class='ocrx_word' id='word_1_389' title='bbox 1441 5030 1837 5095; x_wconf 89' lang='lat' dir='ltr'><strong>corpoream-</strong></span> 
     </span>
     <span class='ocr_line' id='line_1_67' title="bbox 336 5110 1836 5193; baseline 0 -20"><span class='ocrx_word' id='word_1_390' title='bbox 336 5130 459 5193; x_wconf 87' lang='lat' dir='ltr'><strong>que</strong></span> <span class='ocrx_word' id='word_1_391' title='bbox 504 5118 817 5185; x_wconf 87' lang='lat' dir='ltr'><strong>naturam,</strong></span> <span class='ocrx_word' id='word_1_392' title='bbox 852 5112 974 5174; x_wconf 91' lang='lat' dir='ltr'><strong>nisi</strong></span> <span class='ocrx_word' id='word_1_393' title='bbox 1023 5110 1450 5174; x_wconf 88' lang='lat' dir='ltr'><strong>mediantibus</strong></span> <span class='ocrx_word' id='word_1_394' title='bbox 1496 5112 1705 5173; x_wconf 92' lang='lat' dir='ltr'><strong>causis</strong></span> <span class='ocrx_word' id='word_1_395' title='bbox 1744 5131 1836 5173; x_wconf 90' lang='lat' dir='ltr'><strong>se-</strong></span> 
     </span>
     <span class='ocr_line' id='line_1_68' title="bbox 338 5209 1835 5290; baseline 0 -19"><span class='ocrx_word' id='word_1_396' title='bbox 338 5210 596 5289; x_wconf 84' lang='lat' dir='ltr'><strong>cundis3</strong></span> <span class='ocrx_word' id='word_1_397' title='bbox 626 5210 839 5273; x_wconf 89' lang='lat' dir='ltr'><strong>denuo</strong></span> <span class='ocrx_word' id='word_1_398' title='bbox 868 5210 1163 5272; x_wconf 85' lang='lat' dir='ltr'><strong>dixerunt</strong></span> <span class='ocrx_word' id='word_1_399' title='bbox 1194 5210 1403 5283; x_wconf 90' lang='lat' dir='ltr'><strong>multi,</strong></span> <span class='ocrx_word' id='word_1_400' title='bbox 1426 5218 1559 5273; x_wconf 87' lang='lat' dir='ltr'><strong>arte</strong></span> <span class='ocrx_word' id='word_1_401' title='bbox 1590 5209 1835 5290; x_wconf 82' lang='lat' dir='ltr'><strong>magica</strong></span> 
     </span>
     <span class='ocr_line' id='line_1_69' title="bbox 338 5307 1831 5393; baseline 0.003 -22"><span class='ocrx_word' id='word_1_402' title='bbox 338 5316 401 5371; x_wconf 90' lang='lat' dir='ltr'><strong>et</strong></span> <span class='ocrx_word' id='word_1_403' title='bbox 436 5308 804 5393; x_wconf 86' lang='lat' dir='ltr'><strong>deceptoria</strong></span> <span class='ocrx_word' id='word_1_404' title='bbox 838 5326 913 5373; x_wconf 89' lang='lat' dir='ltr'><strong>ea</strong></span> <span class='ocrx_word' id='word_1_405' title='bbox 950 5307 1096 5373; x_wconf 90' lang='lat' dir='ltr'><strong>fieri</strong></span> <span class='ocrx_word' id='word_1_406' title='bbox 1140 5328 1283 5393; x_wconf 79' lang='lat' dir='ltr'><strong>quae</strong></span> <span class='ocrx_word' id='word_1_407' title='bbox 1325 5308 1553 5373; x_wconf 86' lang='lat' dir='ltr'><strong>fideles</strong></span> <span class='ocrx_word' id='word_1_408' title='bbox 1598 5308 1831 5375; x_wconf 84' lang='lat' dir='ltr'><strong>divinae</strong></span> 
     </span>
    </p>
   </div>
   <div class='ocr_carea' id='block_1_16' title="bbox 1948 3147 3452 4213">
    <p class='ocr_par' dir='ltr' id='par_1_19' title="bbox 1948 3147 3452 4213">
     <span class='ocr_line' id='line_1_70' title="bbox 1951 3147 3447 3231; baseline -0.001 -20"><span class='ocrx_word' id='word_1_409' title='bbox 1951 3148 2424 3231; x_wconf 87' lang='lat' dir='ltr'><strong>particularem.</strong></span> <span class='ocrx_word' id='word_1_410' title='bbox 2460 3148 2670 3210; x_wconf 84' lang='lat' dir='ltr'><strong>Primo</strong></span> <span class='ocrx_word' id='word_1_411' title='bbox 2698 3147 2960 3230; x_wconf 90' lang='lat' dir='ltr'><strong>quidem</strong></span> <span class='ocrx_word' id='word_1_412' title='bbox 2993 3166 3107 3229; x_wconf 89' lang='lat' dir='ltr'><strong>per</strong></span> <span class='ocrx_word' id='word_1_413' title='bbox 3146 3148 3447 3210; x_wconf 86' lang='lat' dir='ltr'><strong>virtutem</strong></span> 
     </span>
     <span class='ocr_line' id='line_1_71' title="bbox 1950 3245 3448 3329; baseline -0.001 -20"><span class='ocrx_word' id='word_1_414' title='bbox 1950 3266 2158 3309; x_wconf 83' lang='lat' dir='ltr'><strong>causae</strong></span> <span class='ocrx_word' id='word_1_415' title='bbox 2203 3246 2604 3329; x_wconf 88' lang='lat' dir='ltr'><strong>particularis</strong></span> <span class='ocrx_word' id='word_1_416' title='bbox 2639 3264 2653 3308; x_wconf 93' lang='lat'><strong>:</strong></span> <span class='ocrx_word' id='word_1_417' title='bbox 2688 3246 2853 3309; x_wconf 91' lang='lat' dir='ltr'><strong>sicut</strong></span> <span class='ocrx_word' id='word_1_418' title='bbox 2891 3246 3096 3308; x_wconf 87' lang='lat' dir='ltr'><strong>virtus</strong></span> <span class='ocrx_word' id='word_1_419' title='bbox 3141 3245 3448 3308; x_wconf 87' lang='lat' dir='ltr'><strong>coelorum</strong></span> 
     </span>
     <span class='ocr_line' id='line_1_72' title="bbox 1948 3342 3448 3417; baseline -0.001 -10"><span class='ocrx_word' id='word_1_420' title='bbox 1948 3345 2244 3407; x_wconf 81' lang='lat' dir='ltr'><strong>eductiva</strong></span> <span class='ocrx_word' id='word_1_421' title='bbox 2293 3343 2641 3408; x_wconf 83' lang='lat' dir='ltr'><strong>formarum</strong></span> <span class='ocrx_word' id='word_1_422' title='bbox 2690 3344 3100 3417; x_wconf 88' lang='lat' dir='ltr'><strong>naturalium,</strong></span> <span class='ocrx_word' id='word_1_423' title='bbox 3151 3342 3448 3405; x_wconf 87' lang='lat' dir='ltr'><strong>determi-</strong></span> 
     </span>
     <span class='ocr_line' id='line_1_73' title="bbox 1949 3442 3448 3523; baseline 0 -18"><span class='ocrx_word' id='word_1_424' title='bbox 1949 3450 2137 3505; x_wconf 89' lang='lat' dir='ltr'><strong>natur</strong></span> <span class='ocrx_word' id='word_1_425' title='bbox 2179 3443 2257 3505; x_wconf 92' lang='lat' dir='ltr'><strong>ad</strong></span> <span class='ocrx_word' id='word_1_426' title='bbox 2301 3442 2703 3505; x_wconf 90' lang='lat' dir='ltr'><strong>educendum</strong></span> <span class='ocrx_word' id='word_1_427' title='bbox 2753 3442 3023 3504; x_wconf 89' lang='lat' dir='ltr'><strong>formam</strong></span> <span class='ocrx_word' id='word_1_428' title='bbox 3073 3442 3268 3522; x_wconf 84' lang='lat' dir='ltr'><strong>hujus</strong></span> <span class='ocrx_word' id='word_1_429' title='bbox 3309 3460 3448 3523; x_wconf 91' lang='lat' dir='ltr'><strong>spe·</strong></span> 
     </span>
     <span class='ocr_line' id='line_1_74' title="bbox 1950 3540 3450 3623; baseline -0.001 -20"><span class='ocrx_word' id='word_1_430' title='bbox 1950 3542 2070 3603; x_wconf 90' lang='lat' dir='ltr'><strong>ciei</strong></span> <span class='ocrx_word' id='word_1_431' title='bbox 2104 3549 2365 3623; x_wconf 88' lang='lat' dir='ltr'><strong>propter</strong></span> <span class='ocrx_word' id='word_1_432' title='bbox 2394 3542 2698 3604; x_wconf 87' lang='lat' dir='ltr'><strong>virtutem</strong></span> <span class='ocrx_word' id='word_1_433' title='bbox 2743 3540 3140 3613; x_wconf 89' lang='lat' dir='ltr'><strong>seminalem,</strong></span> <span class='ocrx_word' id='word_1_434' title='bbox 3176 3559 3316 3621; x_wconf 83' lang='lat' dir='ltr'><strong>quae</strong></span> <span class='ocrx_word' id='word_1_435' title='bbox 3355 3548 3450 3602; x_wconf 89' lang='lat' dir='ltr'><strong>est</strong></span> 
     </span>
     <span class='ocr_line' id='line_1_75' title="bbox 1950 3638 3452 3719; baseline -0.001 -19"><span class='ocrx_word' id='word_1_436' title='bbox 1950 3639 2015 3701; x_wconf 91' lang='lat' dir='ltr'><strong>in</strong></span> <span class='ocrx_word' id='word_1_437' title='bbox 2050 3638 2314 3701; x_wconf 87' lang='lat' dir='ltr'><strong>materia</strong></span> <span class='ocrx_word' id='word_1_438' title='bbox 2343 3658 2378 3700; x_wconf 91' lang='lat' dir='ltr'><strong>a</strong></span> <span class='ocrx_word' id='word_1_439' title='bbox 2405 3647 2762 3719; x_wconf 84' lang='lat' dir='ltr'><strong>generante.</strong></span> <span class='ocrx_word' id='word_1_440' title='bbox 2777 3639 3066 3702; x_wconf 88' lang='lat' dir='ltr'><strong>Secundo</strong></span> <span class='ocrx_word' id='word_1_441' title='bbox 3093 3647 3306 3701; x_wconf 88' lang='lat' dir='ltr'><strong>autem</strong></span> <span class='ocrx_word' id='word_1_442' title='bbox 3339 3656 3452 3719; x_wconf 90' lang='lat' dir='ltr'><strong>per</strong></span> 
     </span>
     <span class='ocr_line' id='line_1_76' title="bbox 1950 3736 3452 3819; baseline -0.001 -21"><span class='ocrx_word' id='word_1_443' title='bbox 1950 3736 2222 3801; x_wconf 84' lang='lat' dir='ltr'><strong>formam</strong></span> <span class='ocrx_word' id='word_1_444' title='bbox 2275 3737 2660 3811; x_wconf 85' lang='lat' dir='ltr'><strong>intellectus,</strong></span> <span class='ocrx_word' id='word_1_445' title='bbox 2705 3737 2806 3800; x_wconf 88' lang='lat' dir='ltr'><strong>vel</strong></span> <span class='ocrx_word' id='word_1_446' title='bbox 2853 3737 3066 3818; x_wconf 92' lang='lat' dir='ltr'><strong>potius</strong></span> <span class='ocrx_word' id='word_1_447' title='bbox 3111 3756 3226 3819; x_wconf 92' lang='lat' dir='ltr'><strong>per</strong></span> <span class='ocrx_word' id='word_1_448' title='bbox 3268 3736 3452 3799; x_wconf 87' lang='lat' dir='ltr'><strong>intel-</strong></span> 
     </span>
     <span class='ocr_line' id='line_1_77' title="bbox 1950 3834 3449 3917; baseline -0.001 -19"><span class='ocrx_word' id='word_1_449' title='bbox 1950 3836 2208 3910; x_wconf 89' lang='lat' dir='ltr'><strong>lectum,</strong></span> <span class='ocrx_word' id='word_1_450' title='bbox 2243 3836 2752 3917; x_wconf 87' lang='lat' dir='ltr'><strong>uniuscujusque</strong></span> <span class='ocrx_word' id='word_1_451' title='bbox 2783 3834 2847 3897; x_wconf 88' lang='lat' dir='ltr'><strong>cs</strong></span> <span class='ocrx_word' id='word_1_452' title='bbox 2851 3835 3054 3897; x_wconf 90' lang='lat' dir='ltr'><strong>fectus</strong></span> <span class='ocrx_word' id='word_1_453' title='bbox 3085 3834 3449 3897; x_wconf 88' lang='lat' dir='ltr'><strong>distinctam</strong></span> 
     </span>
     <span class='ocr_line' id='line_1_78' title="bbox 1949 3932 3451 4017; baseline 0 -22"><span class='ocrx_word' id='word_1_454' title='bbox 1949 3934 2405 4017; x_wconf 90' lang='lat' dir='ltr'><strong>propriamque</strong></span> <span class='ocrx_word' id='word_1_455' title='bbox 2463 3933 2775 3995; x_wconf 87' lang='lat' dir='ltr'><strong>rationem</strong></span> <span class='ocrx_word' id='word_1_456' title='bbox 2833 3942 2896 3995; x_wconf 93' lang='lat' dir='ltr'><strong>et</strong></span> <span class='ocrx_word' id='word_1_457' title='bbox 2963 3932 3242 4015; x_wconf 90' lang='lat' dir='ltr'><strong>speciem</strong></span> <span class='ocrx_word' id='word_1_458' title='bbox 3305 3952 3451 3996; x_wconf 89' lang='lat' dir='ltr'><strong>con-</strong></span> 
     </span>
     <span class='ocr_line' id='line_1_79' title="bbox 1950 4032 3448 4114; baseline -0.001 -19"><span class='ocrx_word' id='word_1_459' title='bbox 1950 4032 2388 4114; x_wconf 86' lang='lat' dir='ltr'><strong>templantem.</strong></span> <span class='ocrx_word' id='word_1_460' title='bbox 2425 4032 2590 4093; x_wconf 91' lang='lat' dir='ltr'><strong>Deus</strong></span> <span class='ocrx_word' id='word_1_461' title='bbox 2632 4039 2847 4093; x_wconf 88' lang='lat' dir='ltr'><strong>autem</strong></span> <span class='ocrx_word' id='word_1_462' title='bbox 2893 4032 3182 4093; x_wconf 90' lang='lat' dir='ltr'><strong>omnium</strong></span> <span class='ocrx_word' id='word_1_463' title='bbox 3227 4032 3448 4093; x_wconf 89' lang='lat' dir='ltr'><strong>distin-</strong></span> 
     </span>
     <span class='ocr_line' id='line_1_80' title="bbox 1948 4128 3448 4213; baseline -0.001 -20"><span class='ocrx_word' id='word_1_464' title='bbox 1948 4132 2232 4194; x_wconf 90' lang='lat' dir='ltr'><strong>ctissime</strong></span> <span class='ocrx_word' id='word_1_465' title='bbox 2290 4129 2763 4211; x_wconf 78' lang='lat' dir='ltr'><strong>cognoscitivus</strong></span> <span class='ocrx_word' id='word_1_466' title='bbox 2821 4138 2935 4192; x_wconf 89' lang='lat' dir='ltr'><strong>est.</strong></span> <span class='ocrx_word' id='word_1_467' title='bbox 2991 4128 3250 4213; x_wconf 89' lang='lat' dir='ltr'><strong>Operari</strong></span> <span class='ocrx_word' id='word_1_468' title='bbox 3300 4147 3448 4210; x_wconf 83' lang='lat' dir='ltr'><strong>ergo</strong></span> 
     </span>
    </p>
   </div>
   <div class='ocr_carea' id='block_1_17' title="bbox 1870 4227 3448 4313">
    <p class='ocr_par' dir='ltr' id='par_1_20' title="bbox 1870 4227 3448 4313">
     <span class='ocr_line' id='line_1_81' title="bbox 1870 4227 3448 4313; baseline -0.003 -18"><span class='ocrx_word' id='word_1_469' title='bbox 1870 4232 1919 4295; x_wconf 90' lang='lat' dir='ltr'>D</span> <span class='ocrx_word' id='word_1_470' title='bbox 1949 4237 2158 4313; x_wconf 88' lang='lat' dir='ltr'><strong>potest</strong></span> <span class='ocrx_word' id='word_1_471' title='bbox 2223 4228 2392 4291; x_wconf 89' lang='lat' dir='ltr'><strong>circa</strong></span> <span class='ocrx_word' id='word_1_472' title='bbox 2451 4227 2774 4303; x_wconf 32' lang='lat' dir='ltr'><strong>inferiora·</strong></span> <span class='ocrx_word' id='word_1_473' title='bbox 2811 4236 3039 4310; x_wconf 86' lang='lat' dir='ltr'><strong>praeter</strong></span> <span class='ocrx_word' id='word_1_474' title='bbox 3095 4228 3448 4291; x_wconf 87' lang='lat' dir='ltr'><strong>naturalem</strong></span> 
     </span>
    </p>
   </div>
   <div class='ocr_carea' id='block_1_18' title="bbox 1946 4328 3450 4998">
    <p class='ocr_par' dir='ltr' id='par_1_21' title="bbox 1946 4328 2780 4391">
     <span class='ocr_line' id='line_1_82' title="bbox 1946 4328 2780 4391; baseline -0.002 0"><span class='ocrx_word' id='word_1_475' title='bbox 1946 4329 2238 4391; x_wconf 91' lang='lat' dir='ltr'><strong>ordinem</strong></span> <span class='ocrx_word' id='word_1_476' title='bbox 2285 4335 2348 4390; x_wconf 91' lang='lat' dir='ltr'><strong>et</strong></span> <span class='ocrx_word' id='word_1_477' title='bbox 2393 4328 2780 4390; x_wconf 89' lang='lat' dir='ltr'><strong>immediate.</strong></span> 
     </span>
    </p>

    <p class='ocr_par' dir='ltr' id='par_1_22' title="bbox 1946 4425 3450 4998">
     <span class='ocr_line' id='line_1_83' title="bbox 2028 4425 3450 4500; baseline 0 -12"><span class='ocrx_word' id='word_1_478' title='bbox 2028 4426 2273 4498; x_wconf 89' lang='lat' dir='ltr'><strong>Adhuc,</strong></span> <span class='ocrx_word' id='word_1_479' title='bbox 2320 4427 2486 4488; x_wconf 89' lang='lat' dir='ltr'><strong>sicut</strong></span> <span class='ocrx_word' id='word_1_480' title='bbox 2533 4426 2688 4487; x_wconf 86' lang='lat' dir='ltr'><strong>dans</strong></span> <span class='ocrx_word' id='word_1_481' title='bbox 2735 4425 3031 4500; x_wconf 83' lang='lat' dir='ltr'><strong>formam,</strong></span> <span class='ocrx_word' id='word_1_482' title='bbox 3083 4426 3190 4488; x_wconf 90' lang='lat' dir='ltr'><strong>dat</strong></span> <span class='ocrx_word' id='word_1_483' title='bbox 3236 4444 3450 4488; x_wconf 92' lang='lat' dir='ltr'><strong>conse-</strong></span> 
     </span>
     <span class='ocr_line' id='line_1_84' title="bbox 1947 4522 3445 4606; baseline -0.001 -21"><span class='ocrx_word' id='word_1_484' title='bbox 1947 4524 2208 4605; x_wconf 91' lang='lat' dir='ltr'><strong>quentia</strong></span> <span class='ocrx_word' id='word_1_485' title='bbox 2241 4522 2692 4606; x_wconf 80' lang='lat' dir='ltr'><strong>formam,quae</strong></span> <span class='ocrx_word' id='word_1_486' title='bbox 2723 4533 2874 4587; x_wconf 90' lang='lat' dir='ltr'><strong>sunt</strong></span> <span class='ocrx_word' id='word_1_487' title='bbox 2905 4532 3110 4586; x_wconf 93' lang='lat' dir='ltr'><strong>motus</strong></span> <span class='ocrx_word' id='word_1_488' title='bbox 3140 4531 3203 4586; x_wconf 87' lang='lat' dir='ltr'><strong>et</strong></span> <span class='ocrx_word' id='word_1_489' title='bbox 3234 4524 3445 4601; x_wconf 91' lang='lat' dir='ltr'><strong>locus;</strong></span> 
     </span>
     <span class='ocr_line' id='line_1_85' title="bbox 1948 4622 3442 4704; baseline 0 -21"><span class='ocrx_word' id='word_1_490' title='bbox 1948 4622 2038 4684; x_wconf 92' lang='lat' dir='ltr'><strong>sic</strong></span> <span class='ocrx_word' id='word_1_491' title='bbox 2070 4622 2227 4684; x_wconf 89' lang='lat' dir='ltr'><strong>dans</strong></span> <span class='ocrx_word' id='word_1_492' title='bbox 2260 4630 2454 4685; x_wconf 90' lang='lat' dir='ltr'><strong>totam</strong></span> <span class='ocrx_word' id='word_1_493' title='bbox 2487 4622 2902 4684; x_wconf 87' lang='lat' dir='ltr'><strong>substantiam</strong></span> <span class='ocrx_word' id='word_1_494' title='bbox 2937 4631 2999 4685; x_wconf 85' lang='lat' dir='ltr'><strong>et</strong></span> <span class='ocrx_word' id='word_1_495' title='bbox 3029 4622 3442 4704; x_wconf 82' lang='lat' dir='ltr'><strong>hypostasim,</strong></span> 
     </span>
     <span class='ocr_line' id='line_1_86' title="bbox 1946 4720 3441 4802; baseline 0 -20"><span class='ocrx_word' id='word_1_496' title='bbox 1946 4720 2196 4801; x_wconf 90' lang='lat' dir='ltr'><strong>operari</strong></span> <span class='ocrx_word' id='word_1_497' title='bbox 2242 4727 2450 4802; x_wconf 88' lang='lat' dir='ltr'><strong>potest</strong></span> <span class='ocrx_word' id='word_1_498' title='bbox 2499 4720 2670 4782; x_wconf 88' lang='lat' dir='ltr'><strong>circa</strong></span> <span class='ocrx_word' id='word_1_499' title='bbox 2713 4740 2848 4782; x_wconf 91' lang='lat' dir='ltr'><strong>rem</strong></span> <span class='ocrx_word' id='word_1_500' title='bbox 2896 4738 3318 4802; x_wconf 86' lang='lat' dir='ltr'><strong>quaecumque</strong></span> <span class='ocrx_word' id='word_1_501' title='bbox 3366 4720 3441 4782; x_wconf 93' lang='lat' dir='ltr'><strong>ad</strong></span> 
     </span>
     <span class='ocr_line' id='line_1_87' title="bbox 1947 4818 3440 4900; baseline 0 -20"><span class='ocrx_word' id='word_1_502' title='bbox 1947 4818 2228 4900; x_wconf 90' lang='lat' dir='ltr'><strong>speciem</strong></span> <span class='ocrx_word' id='word_1_503' title='bbox 2277 4818 2367 4881; x_wconf 91' lang='lat' dir='ltr'><strong>rei</strong></span> <span class='ocrx_word' id='word_1_504' title='bbox 2413 4818 2587 4881; x_wconf 90' lang='lat' dir='ltr'><strong>illius</strong></span> <span class='ocrx_word' id='word_1_505' title='bbox 2632 4819 2972 4900; x_wconf 89' lang='lat' dir='ltr'><strong>pertinent.</strong></span> <span class='ocrx_word' id='word_1_506' title='bbox 3022 4818 3187 4881; x_wconf 89' lang='lat' dir='ltr'><strong>Deus</strong></span> <span class='ocrx_word' id='word_1_507' title='bbox 3228 4826 3440 4881; x_wconf 87' lang='lat' dir='ltr'><strong>autem</strong></span> 
     </span>
     <span class='ocr_line' id='line_1_88' title="bbox 1946 4917 3440 4998; baseline 0.001 -20"><span class='ocrx_word' id='word_1_508' title='bbox 1946 4918 2277 4980; x_wconf 86' lang='lat' dir='ltr'><strong>universas</strong></span> <span class='ocrx_word' id='word_1_509' title='bbox 2309 4936 2524 4979; x_wconf 90' lang='lat' dir='ltr'><strong>rerum</strong></span> <span class='ocrx_word' id='word_1_510' title='bbox 2556 4917 2804 4998; x_wconf 90' lang='lat' dir='ltr'><strong>species</strong></span> <span class='ocrx_word' id='word_1_511' title='bbox 2837 4917 3114 4979; x_wconf 87' lang='lat' dir='ltr'><strong>instituit</strong></span> <span class='ocrx_word' id='word_1_512' title='bbox 3139 4924 3200 4979; x_wconf 88' lang='lat' dir='ltr'><strong>et</strong></span> <span class='ocrx_word' id='word_1_513' title='bbox 3228 4936 3440 4979; x_wconf 90' lang='lat' dir='ltr'><strong>essen-</strong></span> 
     </span>
    </p>
   </div>
   <div class='ocr_carea' id='block_1_19' title="bbox 1944 5014 3736 5195">
    <p class='ocr_par' dir='ltr' id='par_1_23' title="bbox 1944 5014 3736 5195">
     <span class='ocr_line' id='line_1_89' title="bbox 1946 5014 3736 5097; baseline -0.004 -22"><span class='ocrx_word' id='word_1_514' title='bbox 1946 5014 2063 5077; x_wconf 88' lang='lat' dir='ltr'><strong>tias</strong></span> <span class='ocrx_word' id='word_1_515' title='bbox 2113 5016 2372 5090; x_wconf 90' lang='lat' dir='ltr'><strong>creavit,</strong></span> <span class='ocrx_word' id='word_1_516' title='bbox 2421 5023 2490 5078; x_wconf 90' lang='lat' dir='ltr'><strong>ut</strong></span> <span class='ocrx_word' id='word_1_517' title='bbox 2540 5015 2837 5097; x_wconf 92' lang='lat' dir='ltr'><strong>superius</strong></span> <span class='ocrx_word' id='word_1_518' title='bbox 2885 5015 3132 5076; x_wconf 87' lang='lat' dir='ltr'><strong>claruit.</strong></span> <span class='ocrx_word' id='word_1_519' title='bbox 3181 5015 3438 5097; x_wconf 90' lang='lat' dir='ltr'><strong>Operari</strong></span> <span class='ocrx_word' id='word_1_520' title='bbox 3507 5046 3588 5085; x_wconf 73' lang='lat' dir='ltr'><strong>ut.</strong></span> <span class='ocrx_word' id='word_1_521' title='bbox 3621 5055 3736 5093; x_wconf 58' lang='lat' dir='ltr'><strong>xxxxx</strong></span> 
     </span>
     <span class='ocr_line' id='line_1_90' title="bbox 1944 5108 3708 5195; baseline -0.007 -19"><span class='ocrx_word' id='word_1_522' title='bbox 1944 5132 2093 5194; x_wconf 80' lang='lat' dir='ltr'><strong>ergo</strong></span> <span class='ocrx_word' id='word_1_523' title='bbox 2142 5121 2349 5195; x_wconf 91' lang='lat' dir='ltr'><strong>potest</strong></span> <span class='ocrx_word' id='word_1_524' title='bbox 2406 5114 2576 5176; x_wconf 88' lang='lat' dir='ltr'><strong>circa</strong></span> <span class='ocrx_word' id='word_1_525' title='bbox 2633 5121 2890 5175; x_wconf 88' lang='lat' dir='ltr'><strong>naturas</strong></span> <span class='ocrx_word' id='word_1_526' title='bbox 2948 5110 3238 5174; x_wconf 90' lang='lat' dir='ltr'><strong>omnium</strong></span> <span class='ocrx_word' id='word_1_527' title='bbox 3299 5132 3439 5193; x_wconf 82' lang='lat' dir='ltr'><strong>spe·</strong></span> <span class='ocrx_word' id='word_1_528' title='bbox 3471 5118 3591 5147; x_wconf 54' lang='lat'><strong>*³⁸¹¹</strong></span> <span class='ocrx_word' id='word_1_529' title='bbox 3611 5108 3708 5148; x_wconf 69' lang='lat'><strong>⁰²⁸·</strong></span> 
     </span>
    </p>
   </div>
   <div class='ocr_carea' id='block_1_20' title="bbox 1942 5208 3440 5391">
    <p class='ocr_par' dir='ltr' id='par_1_24' title="bbox 1942 5208 3440 5391">
     <span class='ocr_line' id='line_1_91' title="bbox 1943 5208 3440 5291; baseline 0 -20"><span class='ocrx_word' id='word_1_530' title='bbox 1943 5210 2186 5272; x_wconf 89' lang='lat' dir='ltr'><strong>cierum</strong></span> <span class='ocrx_word' id='word_1_531' title='bbox 2221 5210 2606 5272; x_wconf 89' lang='lat' dir='ltr'><strong>immediate.</strong></span> <span class='ocrx_word' id='word_1_532' title='bbox 2633 5210 2879 5281; x_wconf 83' lang='lat' dir='ltr'><strong>Adhuc,</strong></span> <span class='ocrx_word' id='word_1_533' title='bbox 2902 5226 3030 5291; x_wconf 91' lang='lat' dir='ltr'><strong>quo</strong></span> <span class='ocrx_word' id='word_1_534' title='bbox 3062 5208 3264 5270; x_wconf 87' lang='lat' dir='ltr'><strong>virtus</strong></span> <span class='ocrx_word' id='word_1_535' title='bbox 3295 5227 3440 5272; x_wconf 88' lang='lat' dir='ltr'><strong>cau·</strong></span> 
     </span>
     <span class='ocr_line' id='line_1_92' title="bbox 1942 5307 3438 5391; baseline -0.001 -20"><span class='ocrx_word' id='word_1_536' title='bbox 1942 5328 2025 5373; x_wconf 82' lang='lat' dir='ltr'><strong>sae</strong></span> <span class='ocrx_word' id='word_1_537' title='bbox 2066 5307 2385 5391; x_wconf 89' lang='lat' dir='ltr'><strong>potentior</strong></span> <span class='ocrx_word' id='word_1_538' title='bbox 2428 5316 2524 5371; x_wconf 88' lang='lat' dir='ltr'><strong>est</strong></span> <span class='ocrx_word' id='word_1_539' title='bbox 2560 5315 2624 5370; x_wconf 89' lang='lat' dir='ltr'><strong>et</strong></span> <span class='ocrx_word' id='word_1_540' title='bbox 2663 5308 2827 5371; x_wconf 88' lang='lat' dir='ltr'><strong>ultra</strong></span> <span class='ocrx_word' id='word_1_541' title='bbox 2867 5314 3157 5371; x_wconf 89' lang='lat' dir='ltr'><strong>naturam</strong></span> <span class='ocrx_word' id='word_1_542' title='bbox 3199 5307 3438 5373; x_wconf 86' lang='lat' dir='ltr'><strong>causati</strong></span> 
     </span>
    </p>
   </div>
  </div>
 </body>
</html>
