4300 6259
578 1437 661 1476 art.
692 1445 817 1476 xxxvi

555 1500 600 1539 et
618 1509 655 1538 a.

844 436 965 500 478

1418 453 1499 500 DF.
1540 453 1767 500 mmmm
1808 451 2192 500 CHRISTIANAE
2235 451 2536 507 TREOMAE,
2583 451 2758 498 LIBER
2801 453 2862 498 11.
2909 471 2990 482 --
3030 455 3169 501 ΛΒΤ.
3216 455 3399 502 Lxxvt

846 623 1513 706 videbitur·tanquam
1554 623 1794 686 nullius
1834 643 1973 686 esse
2014 621 2346 696 momenti,
2381 622 2430 684 A
2462 621 2607 694 ciat,
2642 639 2770 684 non
2802 622 3154 705 implicant.
3189 625 3264 687 Et
3304 625 3426 688 hoc
3457 624 3658 687 adbuc
3697 621 3930 705 plenius

848 729 1108 804 propter
1156 722 1481 785 infinitam
1539 722 2205 805 superexaltatamque
2254 720 2346 782 di-

847 819 1011 884 vinae
1068 820 1323 884 virtutis
1385 820 1770 883 efficaciam.
1833 820 1949 894 Qui
2018 837 2170 900 ergo
2227 819 2347 880 hoc

844 927 1315 981 sacramentum
1348 919 1719 992 admiratur,
1745 937 2001 980 causam
2033 917 2175 998 ejus
2208 935 2348 998 pro-

844 1017 1096 1100 spiciat,
1157 1024 1218 1080 et
1276 1017 1353 1078 ad
1414 1036 1551 1080 eam
1625 1017 1857 1080 referat
1914 1023 2143 1079 cuncta
2202 1035 2344 1097 quae

845 1115 910 1176 in
944 1115 1083 1196 ipso
1114 1115 1791 1197 incomprehensibilia
1822 1114 2135 1177 sunt:illa
2167 1113 2349 1196 quip-

846 1230 926 1295 pe
975 1213 1041 1275 in
1086 1212 1413 1275 infinitum
1470 1213 2180 1295 incomprehensibilior
2228 1219 2342 1274 est.

927 1312 1215 1374 Secunda
1283 1311 1703 1374 consideratio
1763 1318 1875 1373 est.
1940 1310 2116 1372 Sicut
2172 1310 2346 1372 enim

848 1411 912 1472 in
947 1410 1156 1492 primo
1186 1410 1687 1473 demonstratum
1723 1417 1840 1482 est,
1876 1410 2040 1472 Deus
2070 1417 2168 1471 est
2208 1409 2348 1470 uni-

846 1527 1176 1571 versorum
1220 1508 1419 1570 libera
1458 1527 1668 1581 causa,
1710 1508 1999 1570 omnium
2043 1507 2350 1569 differen-

850 1607 1078 1669 tiarum
1122 1607 1287 1668 entis
1329 1606 1654 1668 institutor
1693 1606 2053 1668 illimitatus
2089 1623 2102 1667 :
2139 1624 2348 1687 neque

846 1705 1019 1767 enim
1088 1704 1305 1766 divina
1370 1704 1575 1768 virtus
1636 1704 2057 1767 determinata
2113 1712 2210 1766 est
2266 1704 2343 1765 ad

2459 719 2910 783 declarandum
2957 730 3070 784 est.

2539 819 2747 881 Tertia
2793 819 3215 884 consideratio
3259 829 3357 884 est
3399 841 3478 884 ex
3523 821 3619 884 his
3663 839 3800 902 quae
3841 837 3933 880 na-

2461 917 2750 980 turaliter
2816 918 2984 980 fiunt
3047 937 3060 980 :
3122 939 3396 1000 quorum
3465 919 3768 982 nonnulla
3819 926 3930 978 tam

2458 1016 2830 1078 admiranda
2872 1024 3130 1098 tamque
3172 1017 3480 1080 sublimia
3525 1024 3694 1090 sunt,
3737 1024 3803 1078 ut
3847 1016 3932 1078 his

2459 1133 2600 1196 quae
2649 1115 3158 1196 supernaturalia
3204 1124 3376 1189 sunt,
3424 1135 3551 1179 non
3595 1115 3805 1177 minus
3855 1114 3933 1174 in-

2459 1212 3062 1294 comprehensibilia
3090 1213 3582 1288 videantur,nisi
3615 1214 3764 1296 quia
3793 1230 3934 1276 com-

2464 1312 2755 1373 muniora
2816 1319 2986 1385 sunt,
3046 1321 3110 1374 et
3175 1313 3533 1375 secundum
3592 1312 3936 1375 institutum

2458 1411 2703 1472 entium
2736 1411 3090 1473 naturalem
3114 1430 3370 1474 cursum
3395 1411 3763 1494 procedunt.
3778 1409 3936 1484 Quod

2461 1508 2726 1590 pulchre
2777 1509 3055 1572 ostendit
3095 1510 3492 1590 Augustinus
3542 1528 3735 1592 super
3774 1510 3938 1572 Joan-

2459 1625 2624 1668 nem.
2679 1607 2852 1680 Quod
2914 1608 3086 1670 enim
3145 1627 3221 1670 ex
3277 1609 3457 1671 arido
3515 1608 3688 1689 ligno
3737 1607 3938 1670 vinum

2457 1705 2711 1767 tandem
2775 1707 3078 1778 nascitur,
3139 1725 3266 1770 non
3331 1706 3547 1770 minus
3602 1705 3936 1768 virtuosum

845 1803 1017 1865 hunc
1078 1822 1291 1866 rerum
1342 1802 1632 1866 ordinem
1692 1823 1764 1866 ac
1822 1803 2175 1865 naturalem
2237 1821 2344 1864 en·
2382 1806 2426 1868 B
2458 1809 2554 1866 est
2601 1811 2792 1885 atque
2845 1803 3161 1879 mirabile,
3211 1823 3404 1886 quam
3455 1805 3624 1887 quod
3673 1822 3750 1866 ex
3793 1821 3938 1884 aqua

844 1902 1009 1963 tium
1061 1901 1306 1981 legem3
1358 1903 1467 1964 sed
1518 1902 1686 1984 quod
1734 1901 1991 1964 entibus
2036 1900 2115 1962 ab
2162 1901 2347 1962 initio
2458 1902 2681 1964 vinum
2730 1901 2972 1964 factum
3017 1910 3113 1965 est
3149 1922 3186 1964 a
3229 1903 3555 1966 Salvator-e
3589 1921 3604 1965 :
3636 1902 3761 1964 nisi
3806 1903 3940 1982 quia
3987 1927 4152 1970 roms.

847 1999 1048 2062 libere
1100 1999 1353 2073 indidit,
1398 2000 1518 2062 hoc
1567 2001 1659 2061 eis
1710 1999 1996 2061 naturale
2045 2005 2162 2061 est.
2206 2000 2348 2080 Ipse
2460 2001 2617 2064 illud
2678 2001 3087 2065 communius
3145 2010 3208 2065 et
3267 2001 3412 2064 ideo
3463 2001 3750 2064 naturale
3803 1995 4112 2063 dici-³⁶¹²*

845 2106 1061 2160 autem
1094 2097 1259 2159 Deus
1290 2097 1588 2160 sublimis
1619 2106 1683 2161 et
1710 2097 2110 2171 benedictuS,
2145 2097 2347 2158 deter-
2458 2108 2603 2178 'tur3
2651 2101 2819 2162 istud
2863 2108 3076 2163 autem
3125 2119 3250 2164 non
3295 2102 3650 2163 secundum
3695 2100 3938 2162 inditam

848 2197 1128 2259 minatus
1168 2214 1295 2258 non
1337 2203 1431 2258 est
1472 2216 1679 2278 neque
1726 2197 2056 2270 limitatuS,
2093 2203 2163 2258 ut
2193 2215 2349 2278 prae-
2459 2199 2716 2262 entibus
2762 2198 2964 2280 legem
3007 2199 3250 2261 factum
3279 2207 3397 2272 est,
3431 2207 3494 2262 et
3535 2199 3618 2262 ob
3650 2199 3713 2261 id
3746 2217 3940 2280 super-

844 2304 942 2357 *ter
999 2303 1063 2358 et
1110 2313 1303 2376 supra
1352 2295 1545 2357 talem
1604 2314 1817 2358 rerum
1869 2295 2348 2377 primordialem
2461 2297 2747 2359 naturale
2795 2297 3180 2359 nominatur.
3229 2298 3526 2371 Quaedam
3581 2297 3812 2360 etenim
3857 2315 3938 2358 re·

849 2393 1316 2456 institutionem
1360 2411 1545 2474 agere
1586 2411 1713 2455 non
1746 2393 1983 2474 possit:
2010 2393 2139 2455 imo
2170 2411 2350 2474 acque
2461 2396 2738 2456 servavit
2775 2394 2898 2456 sibi
2933 2395 3121 2469 Deus,
3157 2415 3297 2477 quae
3331 2395 3573 2458 faceret
3611 2402 3830 2477 praeter
3861 2413 3938 2456 re·

847 2491 1039 2555 facile
1087 2498 1182 2554 est
1232 2491 1287 2553 ei
1344 2500 1574 2572 praeter
1621 2499 1685 2554 et
1741 2511 1934 2574 supra
1994 2491 2350 2553 naturalem
2465 2513 2606 2555 rum
2637 2493 2928 2555 ordinem
2967 2501 3329 2576 opportuno
3359 2501 3654 2576 tempore
3687 2510 3702 2555 :
3734 2501 3795 2555 et
3821 2493 3938 2555 haec

851 2590 1299 2652 universorum
1342 2589 1545 2671 legem
1585 2589 1858 2671 operari,
1892 2590 2061 2652 sicut
2103 2597 2350 2653 servato
2463 2590 2970 2673 supernaturalia
3012 2592 3182 2654 dicta
3222 2599 3388 2654 sunt.
3424 2593 3736 2674 Denique,
3765 2591 3936 2654 totius

850 2689 1123 2751 naturali
1172 2689 1415 2751 ordine.
1471 2689 1681 2762 Porr0,
1728 2688 1779 2750 si
1834 2688 1951 2751 hoc
2004 2688 2172 2771 quod
2217 2688 2349 2769 jam
2463 2690 2746 2752 universi
2777 2708 2854 2752 ex
2885 2690 3064 2752 nullo
3094 2690 3571 2773 praeexsistente
3604 2689 3935 2772 producti0‚

850 2806 1045 2869 supra
1083 2793 1373 2850 naturam
1418 2787 1661 2867 agendo
1702 2787 1929 2860 efficit,
1964 2787 2208 2850 naturis
2247 2805 2353 2848 en·
2462 2806 2589 2851 non
2651 2787 2866 2851 minus
2936 2786 3612 2870 incomprehensibilis
3687 2789 3934 2860 videtur,

851 2886 1012 2948 tium
1082 2886 1161 2948 ab
1233 2886 1415 2948 initio
1478 2884 1817 2948 indidisset
1871 2886 2071 2967 (quod
2130 2885 2351 2967 utique
2462 2906 2652 2968 quam
2725 2886 3349 2950 transsubstantiatio
3415 2887 3608 2948 unius
3671 2885 3936 2968 praeexsi-

856 2985 1063 3048 facere
1110 2991 1375 3067 poterat,
1418 2983 1586 3045 sicut
1633 2983 1971 3065 probatum
2012 2985 2156 3063 est),
2198 2991 2351 3045 tunc
2383 2983 2426 3047 C
2462 2987 2679 3048 stentis
2721 2985 2784 3047 in
2822 2985 2994 3047 aliud
3026 2985 3489 3067 praeexsistens.
3525 2986 3650 3049 Sed
3680 2994 3743 3048 et
3768 2986 3935 3048 totius

850 3083 971 3145 hoc
1023 3082 1191 3164 quod
1238 3081 1368 3162 jam
1430 3081 1911 3162 supernaturale
1968 3081 2348 3162 appellatur,
2465 3084 2687 3145 mundi
2720 3084 2948 3146 locatio
2980 3084 3045 3146 in
3077 3084 3302 3156 nihilo,
3323 3085 3648 3166 quomodo
3678 3091 3936 3147 nontam

852 3181 1141 3244 naturale
1173 3180 1513 3254 diceretur,
1548 3187 1611 3242 et
1641 3198 2007 3244 econverso.
2032 3180 2226 3242 Valde
2255 3199 2350 3241 er·
2460 3182 2832 3245 admiranda
2890 3189 2986 3245 est
3042 3183 3210 3244 sicut
3258 3183 3632 3246 exsistentia
3678 3183 3934 3266 corporis

852 3298 932 3362 go
982 3288 1217 3353 errant,
1270 3279 1381 3361 qui
1430 3279 1715 3342 divinam
1774 3279 2077 3342 virtutem
2138 3279 2350 3341 metiri
2461 3280 2580 3342 sub
2627 3280 2859 3342 minori
2891 3280 3051 3352 loco,
3086 3280 3439 3362 praesertim
3470 3283 3523 3343 si
3565 3300 3794 3365 corpus
3827 3281 3934 3343 tale

847 3379 1073 3440 volunt
1110 3397 1187 3440 ex
1230 3377 1520 3440 instituto
1561 3395 1773 3440 rerum
1814 3377 2036 3441 ordine
2074 3377 2351 3440 entium·
2462 3378 2904 3441 habitudinem
2974 3378 3202 3442 habeat
3257 3379 3334 3441 ad
3399 3379 3612 3441 locum
3670 3398 3791 3443 non
3837 3399 3935 3462 per

849 3495 973 3559 que
1022 3476 1295 3539 naturali
1348 3475 1503 3556 lege.
1552 3475 1669 3548 Qui
1717 3493 1867 3555 ergo
1915 3475 2007 3537 sic
2056 3483 2350 3537 naturam
2462 3495 2608 3538 suas
2639 3476 3117 3539 dimensiones?
3149 3477 3226 3538 Et
3259 3483 3475 3539 tamen
3515 3476 3582 3539 in
3615 3478 3819 3558 primo
3847 3477 3936 3538 de-
3975 3514 4136 3554 ,mm

850 3575 1133 3637 universi
1195 3573 1493 3647 instituit,
1556 3581 1627 3636 ut
1685 3573 2057 3636 naturaliter
2117 3592 2349 3655 corpus
2463 3575 2726 3637 ductum
2766 3582 2864 3637 est
2900 3574 3173 3637 naturali
3213 3575 3478 3649 ratione,
3520 3595 3780 3640 necesse
3815 3593 3934 3638 esse
3957 3586 4058 3616 ψη

852 3693 1051 3735 unum
1087 3673 1150 3734 in
1183 3672 1357 3735 aliud
1390 3689 1515 3734 non
1549 3671 1994 3754 praeexsistens
2034 3680 2352 3734 transmu-
2464 3681 2668 3735 totum
2700 3692 2914 3737 rerum
2944 3673 3238 3736 ordinem
3265 3673 3344 3736 ab
3383 3681 3528 3737 ente
3568 3675 3778 3757 primo
3813 3691 3934 3757 pro-

849 3780 1041 3845 tetur,
1075 3779 1265 3852 atque
1298 3771 1363 3832 in
1396 3770 1535 3832 loco
1565 3770 1689 3833 sibi
1721 3770 2027 3853 coaequali
2070 3771 2353 3833 median·
2464 3770 2744 3832 fluxisse.
2799 3771 3060 3842 RursuS‚
3114 3771 3282 3852 quod
3333 3772 3600 3834 materia
3647 3780 3714 3836 et
3758 3772 3938 3835 forma

478 3909 481 3914 -
556 3891 822 3933 mimennio-
849 3870 1023 3932 tibus
1055 3868 1332 3951 propriis
1365 3867 1789 3930 divisionibus
1810 3867 1831 3889 *
1861 3868 2208 3930 collocetur
2229 3885 2246 3947 3
2268 3868 2350 3930 ob
2463 3867 2734 3930 ubilibet
2762 3868 2952 3930 simul
2981 3870 3327 3950 sunt,quod
3357 3869 3551 3933 etiam
3581 3889 3660 3932 ex
3693 3869 3938 3953 simplici

556 3954 685 3996 ''³¹³⁰''
850 3988 980 4031 suae
1045 3967 1373 4050 potestatis
1442 3965 2067 4047 incircumscriptam
2126 3965 2349 4028 effica-
2461 3975 2521 4030 et
2569 3967 2942 4049 incorporea
2980 3966 3207 4040 forma,
3241 3975 3305 4029 et
3350 3969 3686 4049 potissime
3728 3989 3801 4032 ex
3840 3970 3940 4030 im-

850 4067 1014 4129 ciam
1044 4067 1163 4128 hoc
1195 4082 1449 4147 quoque
1480 4063 1743 4126 efficere
1775 4071 2002 4146 potest,
2037 4071 2106 4125 ut
2135 4083 2354 4146 super·
2464 4064 2796 4139 materiali,
2820 4064 3233 4128 intellectuali
3265 4073 3456 4148 atque
3487 4067 3938 4151 incorruptibili

850 4165 1224 4227 naturaliter
1250 4162 1493 4244 aliquid
1525 4162 1590 4224 in
1633 4163 1695 4224 id
1736 4162 1907 4244 quod
1947 4162 2348 4244 praeexsistit,
2381 4167 2432 4229 D
2461 4164 2694 4234 anima,
2742 4181 3173 4244 corporeaque
3216 4172 3460 4238 natura,
3496 4164 3612 4227 siat
3652 4185 3776 4228 una
3811 4165 3940 4228 sub-

851 4281 978 4327 non
1021 4282 1134 4345 per
1174 4270 1442 4334 motum,
1477 4261 1587 4324 sed
1633 4280 1746 4342 per
1792 4261 2350 4324 transsubstantia-
2461 4261 2714 4334 stantia,
2757 4261 3004 4343 species
3045 4279 3171 4323 una
3209 4281 3282 4324 ac
3325 4282 3450 4324 una
3488 4281 3778 4345 persona,
3808 4264 3938 4327 satis

850 4363 1089 4426 tionem
1136 4369 1564 4435 convertatur,
1598 4369 1789 4442 atque
1821 4361 1884 4423 in
1920 4361 2149 4423 minori
2187 4360 2346 4436 loco,
2462 4359 2736 4422 difficile
2781 4366 2876 4422 est
2925 4360 3234 4421 contueri.
3282 4361 3740 4424 Verumtamen
3781 4369 3940 4424 natu-

851 4480 979 4524 non
1012 4480 1124 4543 per
1154 4459 1443 4542 proprias
1474 4459 1904 4522 dimensiones
1946 4458 2208 4533 directe,
2241 4461 2348 4522 sed
2467 4459 2617 4520 ralis
2665 4458 2826 4520 ratio
2873 4458 2965 4520 sic
3013 4476 3153 4519 esse
3201 4458 3615 4534 demonstrat,
3669 4461 3937 4543 quamvis

854 4579 970 4643 per
1037 4557 1460 4620 substantiam
1536 4558 1957 4620 contineatur.
2028 4558 2349 4640 Quidquid
2463 4557 2749 4619 vicissim
2793 4557 3052 4619 modum
3095 4557 3637 4639 comprehendere
3667 4567 3936 4642 nequeat.

853 4658 1027 4720 enim
1068 4654 1635 4719 contradictionem
1676 4673 1801 4718 non
1850 4656 2160 4738 implicat,
2193 4656 2352 4718 divi·
2464 4657 2754 4737 insuper,
2803 4654 2972 4737 quod
3015 4661 3144 4716 tam
3193 4655 3443 4718 modica
3478 4656 3645 4719 oculi
3693 4658 3936 4740 pupilla,

854 4776 951 4819 nae
982 4755 1202 4817 subest
1241 4753 1558 4837 potentiae,
1592 4754 1758 4815 sicut
1796 4762 2013 4816 contra
2051 4755 2350 4816 Faustum
2462 4753 2657 4816 totius
2710 4753 2909 4816 nostri
2963 4753 3397 4835 hemispbaerii
3440 4761 3571 4816 tam
3617 4757 3940 4818 multarum

852 4853 1269 4917 Manichaeum
1337 4852 1616 4915 ostendit
1680 4852 2093 4932 AugustinuS,
2155 4860 2220 4913 et
2286 4853 2351 4913 in
2460 4859 2720 4933 tamque
2769 4852 2834 4913 in
2889 4851 3210 4914 coloribus
3268 4860 3332 4914 et
3377 4852 3608 4934 figuris
3665 4855 3941 4918 differen-

589 4983 664 5026 fib,
682 4981 715 5034 1.
742 4986 825 5026 m,
857 4953 1067 5036 primo
1142 4952 1645 5014 demonstratum
1725 4957 1837 5012 est.
1918 4950 2060 5012 Haec
2135 4959 2349 5012 autem
2462 4950 2623 5011 tium
2655 4968 2870 5012 rerum
2909 4950 3193 5032 speciem
3233 4958 3425 5033 atque
3458 4954 3936 5034 magnitudinem

561 5058 675 5090 cun.
857 5049 1501 5122 transsubstantiatio,
1536 5067 1735 5130 quum
1777 5048 1859 5109 sit
1890 5049 2026 5110 sine
2059 5057 2257 5122 motu,
2290 5057 2354 5111 et
2463 5048 2656 5111 simul
2716 5047 3165 5131 apprehendit,
3232 5049 3402 5131 quod
3462 5050 3676 5114 denuo
3736 5054 3797 5114 in
3851 5053 3933 5114 in·

858 5149 1088 5212 locatio
1126 5147 1413 5230 corporis
1444 5146 1697 5219 Christi,
1731 5164 1931 5228 quum
1964 5146 2175 5228 primo
2203 5146 2352 5209 sub·
2465 5146 2803 5210 terioribus
2859 5147 3082 5210 animae
3140 5146 3436 5210 sensibus
3493 5156 3624 5211 tam
3674 5151 3935 5213 innume·

858 5246 1179 5322 stantiam,
1212 5263 1338 5308 non
1383 5251 1597 5307 autem
1640 5244 2104 5308 dimensionem
2151 5245 2351 5329 respi-
2462 5245 2763 5310 rabilium
2795 5265 3008 5310 rerum
3045 5246 3286 5322 formae,
3305 5247 3528 5329 figurae
3557 5257 3621 5312 et
3653 5250 3930 5332 imagines

584 3000 661 3043 lib.
685 2999 719 3050 Ι,
737 3003 818 3042 art.

553 3079 667 3111 evin.
