4300 6259
785 453 907 524 230

1033 473 1457 524 nmmum
1499 471 1897 525 mmmmm.
1942 493 2021 505 ·-
2064 475 2143 522 DE
2186 475 2469 524 nxnufflo
2508 474 2782 540 summm
2826 475 2905 523 DE
2946 475 3154 524 mium
3193 473 3638 524 nmmunonn

1674 777 1817 860 DE
1895 774 2448 861 EXTREMO
2534 775 2988 862 JUDICIO

1101 1053 1621 1121 PROPOSITIO
1669 1052 1961 1120 CLVIII.

867 1247 1341 1315 Universale
1399 1246 1558 1313 erit
1603 1244 2027 1328 judicium,
2071 1248 2283 1328 qnod

785 1345 1157 1414 christus
1202 1346 1290 1413 in
1336 1345 1632 1413 natura
1670 1346 2082 1425 assumpta
2126 1343 2282 1411 effi·

786 1445 1044 1616 elgifod
1071 1547 1190 1616 est,
1222 1539 1526 1624 quoniam
1555 1539 1852 1604 homines
1891 1541 1956 1603 in
1994 1540 2114 1603 hac
2156 1525 2287 1604 vita

787 1646 1058 1723 peccant
1084 1639 1153 1702 in
1183 1656 1449 1724 corpore
1479 1646 1543 1702 et
1569 1639 1821 1701 anima:
1847 1638 1990 1702 ideo
2019 1638 2086 1700 in
2116 1645 2288 1700 utro-

786 1757 914 1822 que
952 1737 1140 1801 simul
1181 1736 1663 1818 judicabuntur,
1703 1744 1767 1800 et
1800 1736 2150 1819 punientur
2177 1743 2289 1798 aut

786 1835 1339 1918 glorificabuntur.
1357 1835 1656 1917 Denique,
1679 1835 1797 1898 etsi
1823 1834 2078 1898 interim
2096 1853 2290 1897 unus-

788 1931 1063 2014 quisque
1103 1933 1169 1994 in
1219 1939 1420 1995 morte
1459 1931 1930 2014 particulariter
1964 1931 2289 2013 judicetur
2320 1933 2345 1946 “

791 2030 1148 2092 secundum
1179 2029 1484 2104 animam,
1518 2037 1589 2091 ut
1616 2029 2034 2092 determinata
2074 2045 2289 2111 perso-

789 2144 911 2189 na:
945 2128 1252 2190 condecet
1279 2134 1495 2189 tamen
1525 2136 1596 2190 ut
1625 2127 1692 2189 in
1727 2127 2008 2208 generali
2044 2127 2289 2208 judicio

2306 1046 2361 1110 A
2387 1047 2687 1113 effective
2744 1057 2970 1132 agente
3016 1050 3574 1132 glorificabuntur,
3623 1058 3690 1113 et
3736 1067 3905 1132 qua-

2388 1154 2534 1210 tuor
2563 1147 2819 1211 dotibus
2848 1149 3265 1212 ornabuntur.
3282 1148 3558 1230 Corpora
3590 1165 3745 1212 vero
3774 1148 3906 1210 im-

2391 1244 2643 1326 piorum
2672 1245 2979 1326 jaeebunt
3017 1245 3082 1308 in
3116 1252 3305 1319 terra,
3337 1245 3475 1309 luto
3514 1254 3580 1309 et
3620 1245 3909 1328 plumbo

2390 1342 2696 1423 graviora,
2722 1342 3147 1416 foetidissima,
3164 1343 3293 1407 imo
3314 1351 3377 1406 et
3390 1343 3675 1426 turpiora
3694 1360 3907 1425 quam

2392 1440 2546 1503 dum
2592 1447 2773 1504 erant
2820 1441 2887 1504 in
2937 1441 3251 1524 sepulcris
3291 1459 3406 1524 pro
3452 1442 3665 1504 media
3708 1447 3910 1522 parte

2394 1555 2668 1612 corrosa,
2703 1538 2769 1600 in
2800 1546 3049 1601 tantum
3090 1539 3261 1621 quod
3302 1537 3763 1622 obstupescent
3788 1557 3911 1600 su-

2392 1654 2511 1718 per
2528 1643 2702 1698 tanta
2721 1654 2985 1699 suorum
3006 1636 3515 1700 miserrimorum
3548 1652 3911 1718 corporum

2395 1733 2700 1808 foeditate,
2752 1734 3155 1798 deformitate
3204 1742 3267 1798 et
3317 1733 3905 1798 abominabilitate.

2474 1833 2760 1908 Interim,
2793 1833 3141 1897 adventum
3184 1852 3260 1896 ac
3294 1833 3528 1896 faciem
3566 1851 3915 1915 superme-

2395 1931 2802 1994 tuendissimi
2831 1931 3071 1994 Judicis
3104 1931 3421 2014 praecedet
3451 1931 3613 2013 ignis
3653 1930 3913 1993 confla-

2395 2029 2722 2111 grationis,
2764 2030 2874 2111 qui
2918 2031 3231 2092 mundum
3280 2030 3473 2092 istum
3522 2029 3909 2093 inferiorem

2396 2135 2621 2190 exuret
2650 2134 2713 2190 et
2743 2128 3060 2210 purgabit,
3075 2135 3139 2190 et
3168 2147 3311 2209 quae
3343 2128 3408 2189 in
3440 2145 3515 2190 eo
3544 2127 3690 2189 viva
3720 2127 3915 2189 inve-

787 2225 1113 2306 judicetur
1162 2243 1310 2287 cum
1362 2225 1614 2299 ceteris,
1651 2233 1720 2286 ut
1759 2245 1904 2307 pars
1950 2225 2145 2289 totius
2186 2244 2289 2306 ge·
2319 2221 2366 2283 B
2399 2225 2565 2288 nerit
2594 2234 2945 2288 consumet.
2980 2226 3069 2288 Ac
3101 2226 3242 2308 ipso
3270 2226 3539 2288 durante
3571 2225 3905 2298 incendic,

793 2322 967 2385 neris
1015 2322 1281 2385 humani
1331 2341 1404 2384 ac
1455 2321 1780 2401 universi3
1821 2332 1885 2386 et
1935 2342 2177 2396 rursuS,
2218 2330 2289 2385 ut

790 2420 959 2482 Deus
1015 2419 1368 2483 altissimus
1416 2421 1496 2483 ab
1542 2420 1843 2483 omnibus
1890 2428 2044 2482 tunc
2091 2421 2288 2483 simul

787 2517 1145 2581 clarissime
1187 2511 1564 2599 agnoscatur
1593 2537 1732 2581 esse
1758 2519 2156 2599 justissimus
2193 2519 2289 2599 ju-

789 2616 934 2690 dex,
967 2623 1032 2679 et
1061 2635 1175 2680 sua
1209 2616 1504 2696 majestas
1542 2623 1696 2678 tunc
1739 2616 2039 2679 omnibus
2081 2617 2288 2680 excel-

790 2714 1146 2778 lentissime
1169 2721 1530 2794 reseretur3
1563 2714 1870 2796 itemque,
1903 2721 1974 2776 ut
2002 2714 2289 2778 Christus

789 2821 1054 2895 propter
1119 2812 1412 2874 homines
1479 2811 1559 2874 ab
1625 2811 1997 2874 hominibus
2069 2811 2288 2893 impiis

793 2909 1400 2991 ignominiosissime
1445 2909 1767 2990 judicatus
1811 2919 1875 2972 et
1911 2910 2286 2983 trucidatuS,

791 3016 946 3070 tunc
987 3008 1446 3089 gloriosissime
1496 3008 1560 3069 in
1611 3009 1948 3089 praesentia
1999 2999 2288 3070 omnium

792 3105 1275 3169 honorificetur.
1319 3107 1558 3187 Itaque,
1592 3106 1969 3168 imminente
2007 3105 2290 3186 generali

795 3203 906 3266 illo
943 3203 1210 3286 judicio,
1250 3204 1687 3285 omnipotente
1728 3204 1834 3266 Dei
1879 3204 2114 3266 virtute
2156 3204 2293 3265 uni-

791 3302 961 3366 versi
1002 3301 1235 3364 mortui
1277 3302 1758 3364 suscitabuntur
1788 3302 1854 3363 in
1884 3302 2124 3365 eisdem
2160 3320 2291 3365 cor-

2397 2323 2685 2387 Christus
2715 2342 2862 2385 cum
2894 2323 3195 2386 omnibus
3241 2323 3490 2386 Sanctis
3527 2323 3904 2394 descendet,

2396 2429 2461 2485 et
2488 2421 2871 2503 disceptabit
2900 2428 3117 2484 contra
3150 2422 3516 2503 iniquos,ac
3548 2421 3719 2503 ipsos
3747 2437 3910 2482 con-

2396 2520 2629 2582 vincet.
2692 2519 2821 2582 Nec
2892 2519 3056 2600 ignis
3126 2519 3236 2582 ille
3305 2519 3372 2580 in
3430 2537 3697 2601 corpora
3748 2526 3908 2598 aget

2396 2617 2795 2690 Sanctorum,
2846 2618 2955 2679 sed
3005 2617 3437 2679 inflammabit
3494 2617 3560 2678 in
3617 2615 3903 2678 circuitu
3940 2637 4205 2682 pamm.

2396 2716 2790 2778 adversarios
2830 2715 2961 2778 Dei.
2997 2715 3283 2797 Denique
3318 2715 3754 2797 omnipotente
3794 2715 3909 2777 Ju-

2398 2813 2558 2875 dicis
2624 2813 2862 2876 summi
2934 2813 3217 2895 potentia
3282 2813 3411 2876 cito
3467 2811 3909 2895 complebitur

2399 2910 2557 2973 illud
2595 2911 2933 2992 judicium.
2971 2911 3275 2992 Dicetque
3306 2909 3595 2974 Christus
3624 2909 3848 2972 electis
3882 2927 3899 2971 :

2398 3001 2643 3082 Venite,
2676 3009 2996 3071 benedicti
3028 3009 3226 3071 Patris
3260 3009 3408 3083 mei,
3445 3008 3763 3090 possidete
3806 3025 3907 3070 re-
3940 3021 4215 3068 Massam.

2398 3125 2595 3188 gnum
2622 3125 2638 3184 ;
2669 3107 2746 3168 ad
2778 3107 3083 3188 reprobos
3121 3115 3337 3170 autem
3364 3123 3378 3169 ε
3404 3107 3513 3179 lte,
3549 3105 3898 3176 maledicti,
3936 3089 4069 3192 ᾆξαι.
4096 3151 4161 3190 4¹,

2402 3205 2465 3267 in
2508 3205 2722 3285 ignem
2762 3213 3092 3267 aeternum.
3136 3204 3405 3286 Moxque
3448 3203 3614 3285 ignis
3663 3202 3905 3265 confla-

2400 3303 2706 3383 grationis
2755 3300 3037 3365 involvet
3082 3300 3376 3382 injustoS,
3422 3310 3487 3364 et
3528 3320 3675 3364 cum
3720 3301 3899 3364 omni

793 3399 1060 3482 poribus
1127 3399 1191 3461 in
1257 3399 1494 3481 quibus
1560 3399 1860 3461 vixerunt
1925 3399 1990 3462 in
2058 3400 2291 3463 saeculo
2321 3403 2366 3467 C
2404 3418 2521 3463 suo
2550 3399 2779 3474 calore,
2814 3399 3058 3474 foetore,
3094 3399 3525 3473 immunditia,
3557 3398 3907 3462 descendet

795 3497 949 3574 ist03
981 3503 1046 3558 et
1074 3503 1264 3559 erunt
1292 3502 1446 3557 tunc
1477 3496 1774 3578 pulveres
1815 3513 2154 3579 corporum
2187 3497 2293 3560 de-

797 3593 1166 3657 functorum
1200 3595 1265 3657 in
1295 3594 1658 3657 obedientia
1698 3612 1957 3676 prorsus
2000 3595 2293 3676 plenissi-

801 3711 927 3766 ma,
962 3693 1049 3754 ita
1075 3692 1246 3775 quod
1277 3692 1736 3773 omnipotentis
1769 3692 1878 3754 Dei
1913 3691 2185 3774 imperio
2221 3712 2295 3755 ac

801 3791 1160 3854 ministerio
1188 3791 1582 3871 angelorum,
1616 3791 1918 3853 redibunt
1945 3791 2187 3873 quique
2217 3793 2293 3854 ad

802 3890 940 3954 loca
978 3897 1044 3953 et
1081 3888 1370 3952 membra
1416 3907 1491 3952 ac
1541 3906 1808 3972 corpora
1843 3908 1976 3953 sua.
2020 3890 2297 3973 Reprobi

799 4006 1056 4073 quoque
1085 3987 1396 4063 suscitati,
1421 3987 1498 4050 ad
1531 3978 1741 4051 lo'cum
1768 3987 1999 4070 judicii
2019 3989 2100 4051 ab
2119 4007 2321 4070 ange-s

798 4087 880 4150 lis
909 4085 1297 4150 deserentur.
1319 4086 1532 4149 Sancti
1562 4103 1714 4150 vero
1742 4087 1806 4149 vi
1839 4105 1968 4150 suae
1997 4086 2299 4169 agilitatis

796 4185 1142 4250 advenient
1174 4201 1362 4248 :mox
1391 4202 1669 4267 namque
1700 4191 1770 4247 ut
1799 4204 1913 4248 sua
1940 4186 2302 4268 receperint

798 4300 1086 4366 corpora,
1137 4281 1465 4345 beatitudo
1509 4283 1869 4346 animarum
1929 4301 2149 4348 eorum
2208 4304 2304 4348 re-

802 4379 1116 4444 dundabit
1143 4380 1211 4444 in
1241 4396 1538 4462 corpora3
1571 4379 1839 4464 ipsaque
1875 4398 2142 4466 corpora
2174 4383 2303 4448 Deo

2405 3518 2551 3560 cum
2587 3498 2715 3560 illis
2748 3499 2813 3560 in
2844 3505 3107 3578 tartara3
3139 3497 3310 3579 quod
3338 3515 3492 3560 vero
3523 3497 3707 3570 lucis,
3730 3498 3907 3578 puri-

2402 3597 2549 3660 tatis
2597 3604 2661 3659 et
2706 3596 3093 3660 amoenitatis
3141 3597 3204 3659 in
3258 3597 3397 3678 ipso
3446 3596 3779 3669 exstiterit,
3820 3596 3903 3658 ad

2403 3694 2734 3777 superiora
2778 3695 3095 3758 ascendet.
3139 3695 3464 3758 Postremo
3501 3693 3725 3757 eodem
3771 3711 3904 3756 mo-

2406 3799 2620 3856 mento
2650 3793 2837 3856 electi
2869 3811 3015 3855 cum
3050 3791 3482 3856 inaestimabili
3510 3791 3732 3872 gloria,
3766 3810 3903 3854 cer·

2404 3889 2707 3953 nentibus
2737 3889 3052 3972 reprobiS,
3085 3890 3515 3953 conscendent
3545 3908 3693 3952 cum
3724 3889 3905 3953 Chri·

2406 3995 2504 4052 sto
2553 3988 2618 4050 in
2663 3988 2898 4051 coelum
2942 4006 3341 4070 empyreum,
3386 3995 3452 4050 et
3492 3987 3907 4052 innovabitur

2407 4085 2687 4148 mundus
2738 4102 2751 4147 ε
2805 4085 2893 4148 ita
2937 4087 3107 4168 quod
3164 4103 3293 4149 non
3350 4086 3559 4150 solum
3618 4084 3911 4149 coelestia

2406 4203 2693 4268 corpora,
2742 4185 2872 4248 imo
2928 4184 3122 4248 etiam
3178 4185 3497 4249 elementa
3551 4183 3908 4249 venustiori

2407 4303 2480 4348 ac
2509 4283 2806 4367 ampliori
2837 4283 3103 4358 lumine,
3125 4283 3627 4368 pulchritudine,
3643 4283 3912 4348 amoeni-

2408 4390 2537 4446 tate
2578 4382 3069 4446 decorabuntur.

1569 4695 1714 4778 DE
1785 4694 2181 4781 FINALI
2255 4696 3140 4785 RETRIBUTIONE

1146 4963 1670 5032 PROPOSITIO
1716 4963 1945 5034 CLIX.

868 5160 1094 5226 Sicut
1121 5157 1362 5225 electi
1391 5157 1479 5223 in
1508 5158 1710 5225 coelo
1739 5172 2117 5240 empyreo
2145 5173 2299 5226 om-

802 5260 888 5324 ni
917 5255 1308 5325 felicitate
1350 5257 1433 5323 et
1475 5258 1770 5336 gaudio
1812 5258 2297 5338 inexcogita-

2324 4962 2375 5027 D
2403 4963 2682 5031 biliter
2710 4962 3284 5046 implebuntur,
3314 4965 3432 5032 sio
3459 4965 3787 5047 reprobi
3824 4969 3915 5035 et

2404 5061 2519 5142 inJ
2527 5062 2692 5129 usti
2730 5062 2817 5127 in
2858 5060 3173 5129 inferno
3212 5061 3431 5129 omni
3482 5064 3910 5146 supplicio,

2407 5160 2894 5243 calamitate,
2944 5160 3288 5229 tristitia
3347 5164 3583 5230 erunt
3630 5177 3911 5246 perpe-

2406 5260 2546 5327 tue
2588 5258 3241 5329 inenarrabiliter
3282 5259 3727 5342 adimpleti.
