4300 6259
873 469 998 537 268

1467 493 1546 540 DE
1589 494 1816 540 LUMINE
1859 493 2241 542 cnmsrtANAE
2284 492 2584 552 TussontAE,
2630 495 2806 542 LIBER
2848 495 2887 542 1.
2933 515 3013 525 -
3052 496 3193 542 Aur.
3240 497 3389 542 xxlx

878 629 1304 728 derivationes
1363 671 1428 726 et
1483 665 1788 748 partienS,
1841 683 2100 728 servans
2159 671 2373 727 autem
2402 661 2457 728 A
2486 664 2616 728 sint
2656 667 2754 731 hae
2799 667 3031 730 ideales
3071 667 3293 732 formae
3336 667 3743 739 collocandas,
3786 672 3853 728 et
3882 663 3964 728 dii

879 763 1334 844 proprietatem
1373 763 1648 845 propriae
1687 763 2118 846 hypostaseos,
2155 763 2222 824 In
2269 780 2377 823 cu-

875 859 984 940 jus
1043 869 1406 924 commento
1463 862 1552 923 ait
1604 880 1617 924 :
1675 862 2026 924 Procedens
2086 862 2371 942 quidem,

881 967 1142 1041 propter
1198 960 1694 1025 submissionem
1751 960 2023 1022 alterurn
2090 959 2373 1037 factum3

881 1067 1143 1140 propter
1185 1059 1674 1122 continuitatem
1703 1067 1916 1122 autem
1963 1060 2041 1120 ad
2086 1059 2246 1120 illud
2282 1060 2376 1139 (id

882 1163 980 1218 est
1007 1157 1087 1219 ad
1117 1176 1184 1220 se
1215 1157 1547 1238 emicans),
1579 1157 1660 1220 ab
1691 1157 2020 1220 identitate
2050 1174 2176 1220 non
2209 1157 2379 1219 elon-

880 1261 1118 1334 gatum.

961 1352 1134 1424 Quod
1184 1360 1398 1416 autem
1428 1353 1540 1414 has
1582 1352 1818 1415 formas
1858 1353 2136 1415 dixerint
2184 1352 2379 1416 Stoici

883 1469 997 1532 per
1026 1470 1094 1514 se
1133 1458 1196 1514 et
1232 1451 1585 1514 formaliter
1621 1451 2215 1524 communicabileS‚
2248 1459 2380 1512 tan-

882 1568 1074 1630 quam
1105 1569 1174 1612 se
1206 1549 1362 1631 ipsis
1393 1549 1771 1632 participata
1800 1557 2382 1622 causanteS‚osten-

882 1647 976 1710 dit
1031 1647 1288 1709 Proclus
1356 1647 1663 1710 vicesimo
1721 1648 1910 1710 tertio
1965 1648 2377 1721 theoremate,

882 1745 1036 1808 dum
1069 1746 1157 1807 ait
1190 1745 1428 1808 :Omne
1461 1746 2006 1828 imparticipatum
2039 1746 2316 1808 instituit
2344 1765 2381 1808 a

2484 765 2871 846 appellandi,
2904 766 3182 829 ostendit
3220 767 3373 828 dum
3404 767 3493 829 ait
3526 784 3539 828 :
3572 765 3795 828 Omnis
3822 763 3969 826 deus
3997 787 4116 830 um.
4138 791 4205 830 ιιι.

2487 863 2697 925 unitas
2728 872 2825 926 est
2854 864 3136 927 bonifica
3166 873 3277 926 aut
3312 864 3564 927 bonitas
3602 862 3884 940 unifica3
3911 867 3968 922 et

2487 963 2649 1024 hanc
2688 961 2881 1025 habet
2919 963 3382 1038 exsistentiam,
3414 962 3771 1026 secundum
3813 960 3975 1041 quod

2487 1060 2931 1142 unusquisque
2989 1060 3169 1123 deus.
3233 1061 3352 1124 Sed
3414 1061 3663 1143 primus
3722 1057 3977 1140 quidem

2487 1157 2868 1240 simpliciter
2911 1159 3151 1221 bonum
3198 1167 3261 1222 et
3304 1158 3687 1241 simpliciter
3740 1173 3977 1232 unum3

2488 1273 2710 1318 eorum
2762 1264 2975 1319 autem
3020 1257 3133 1338 qui
3174 1265 3321 1339 post
3368 1257 3605 1339 ipsum,
3645 1253 3983 1335 unusquis-

2489 1373 2613 1435 que
2660 1355 2951 1435 quaedam
2998 1354 3248 1418 bonitas
3297 1361 3361 1416 et
3408 1353 3697 1436 quaedam
3750 1351 3977 1413 unitas

2488 1452 2565 1514 Ut
2609 1459 2823 1514 autem
2876 1451 2940 1513 in
2989 1460 3353 1515 commento
3396 1453 3485 1513 ait
3522 1451 3783 1514 Procius
3826 1467 3841 1510 ε
3876 1448 3985 1511 Ne·

2488 1569 2612 1632 que
2643 1567 2865 1612 omnes
2909 1551 3173 1614 deorum
3218 1549 3606 1612 exsistentiae
3654 1547 3851 1610 simul
3889 1545 3987 1609 ad-

2487 1655 2819 1730 aequantur
2850 1647 2960 1709 uni
2990 1647 3083 1728 (id
3112 1655 3210 1710 est
3238 1665 3491 1710 summo
3520 1647 3714 1726 Deo):
3748 1651 3985 1706 tantam

2490 1745 2650 1807 illud
2706 1745 2783 1806 ad
2844 1745 3323 1807 multitudinem
3381 1745 3645 1807 deorum
3693 1742 3987 1805 sortitum

883 1862 951 1906 se
995 1845 1135 1925 ipso
1177 1844 1575 1926 participata,
1617 1852 1680 1906 et
1721 1861 1943 1906 omnes
1987 1845 2381 1927 participatae
2418 1845 2464 1906 B
2492 1853 2589 1907 est
2631 1843 3093 1907 excellentiam.
3137 1844 3349 1918 Porro,
3387 1843 3557 1925 quod
3592 1843 3727 1906 haec
3764 1840 3989 1903 idealia

882 1942 1254 2025 hypostases
1283 1942 1361 2004 ad
1393 1941 1892 2024 imparticipatas
1923 1942 2231 2006 essentias
2261 1942 2382 2004 eri-

882 2046 1138 2120 guntur.
1191 2039 1268 2100 Et
1316 2039 1546 2101 iterum
1597 2039 1986 2102 theoremate
2035 2039 2385 2102 centesimo

883 2137 1209 2199 tricesimo
1240 2137 1448 2218 primo
1477 2136 1566 2198 ait
1601 2155 1615 2197 :
1647 2136 1866 2199 Omnis
1896 2138 2052 2199 deus
2082 2157 2116 2198 a
2147 2156 2215 2200 se
2247 2138 2386 2218 ipso

885 2235 1210 2316 propriam
1256 2234 1691 2316 operationem
1736 2235 1999 2296 orditur.
2045 2235 2387 2298 Enimvero

886 2331 1058 2413 quod
1089 2332 1212 2393 tale
1245 2331 1512 2394 formale
1554 2332 1946 2414 principium
1992 2333 2074 2394 sit
2114 2333 2384 2395 univoce

888 2449 1177 2504 causanS,
1219 2431 1496 2494 ostendit
1527 2431 1947 2494 nonodecimo
1976 2431 2384 2507 theoremate,

887 2530 1041 2592 dum
1072 2529 1160 2592 ait
1193 2547 1208 2590 :
1241 2528 1440 2592 Omne
1470 2530 1641 2611 quod
1674 2529 1879 2611 prime
1925 2529 2241 2592 inexsistit
2278 2531 2387 2592 ali-

887 2628 992 2690 cui
1023 2634 1262 2690 naturae
1283 2626 1552 2702 entium,
1576 2627 1878 2690 omnibus
1909 2628 2086 2690 adest
2114 2628 2214 2690 his
2246 2648 2386 2710 quae

887 2727 1242 2788 secundum
1289 2725 1462 2788 illam
1507 2733 1798 2788 naturam
1844 2727 2244 2802 ordinantur,
2292 2746 2386 2790 se-

887 2825 1170 2886 cundum
1209 2843 1403 2886 unam
1446 2824 1753 2887 rationem
1796 2831 1859 2886 et
1897 2825 2123 2887 eodem
2173 2826 2381 2887 modo.

888 2921 1196 2985 Dicebant
1272 2922 1446 2984 enim
1521 2922 1826 2984 Platonici
1905 2921 2385 2985 multitudinem

2494 1942 2738 2004 lumina
2802 1942 3156 2004 secundum
3227 1941 3635 2024 propriorum
3690 1939 3987 2003 ordinum

2494 2040 2910 2122 proprietates
2943 2040 3320 2122 impartitus,
3356 2046 3504 2102 sunt
3534 2047 3843 2119 tanquam
3882 2055 3993 2119 per

2494 2157 2562 2200 se
2592 2145 2657 2200 et
2686 2138 2891 2218 prime
2930 2137 3103 2212 talia,
3137 2138 3417 2201 ostendit
3460 2137 3853 2200 theoremate
3893 2152 3993 2196 no-

2494 2235 2823 2316 nagesimo
2866 2253 3055 2309 nono,
3104 2237 3258 2298 dum
3302 2236 3437 2297 ait:
3473 2235 3672 2298 Omne
3714 2233 3993 2295 amethe-

2496 2340 2694 2405 ctum,
2730 2352 2854 2414 qua
2883 2334 3340 2408 amethectum,
3374 2332 3455 2395 ab
3485 2332 3610 2395 alia
3648 2349 3843 2393 causa
3872 2347 3991 2392 non

2496 2430 2808 2504 subsistit,
2871 2431 2981 2493 sed
3053 2431 3267 2513 ipsum
3330 2429 3721 2513 principium
3780 2435 3881 2492 est
3934 2435 3993 2488 et

2496 2548 2685 2591 causa
2716 2546 2938 2591 eorum
2982 2529 3273 2591 omnium
3306 2548 3448 2610 quae
3489 2527 3991 2610 participantur;

2495 2636 2558 2690 et
2587 2628 2679 2689 sic
2711 2627 3103 2709 principium
3141 2645 3331 2690 omne
3372 2627 3725 2689 secundum
3766 2643 3995 2687 unum-

2495 2745 2817 2808 quemque
2848 2725 3137 2788 ordinem
3160 2733 3258 2788 est
3290 2724 3665 2805 ingenitum.
3690 2723 3801 2786 Est
3822 2741 3995 2785 nem·

2495 2843 2576 2907 pe
2608 2824 3036 2886 amethectum
3072 2841 3199 2886 non
3230 2822 3639 2905 posthabenS,
3663 2822 3728 2883 id
3758 2829 3859 2883 est
3888 2840 3999 2902 per

2497 2941 2563 2984 se
2594 2923 2719 2984 tale
2750 2941 2882 2984 ens,
2920 2922 3181 2996 Rursus,
3217 2921 3387 3004 quod
3422 2919 3807 2982 inferiorum
3840 2919 3999 2982 ordi-

892 3019 1422 3102 participantium‚
1444 3019 1924 3101 imparticipatae
1946 3021 2168 3082 unitati
2192 3021 2389 3082 coele·
2423 3014 2466 3078 C
2498 3039 2651 3082 num
2686 3020 2857 3081 ideas
2886 3021 2931 3080 a’
2951 3019 3275 3101 prioribus
3308 3018 3621 3081 idealibus
3652 3017 4000 3079 unitatibus

891 3117 1255 3180 mentalem.
1291 3116 1340 3178 A
1370 3137 1495 3198 qua
1538 3117 1760 3199 utique
1795 3117 2034 3180 unitate
2066 3117 2142 3178 sit
2176 3118 2387 3180 multi-

888 3215 1130 3278 tudinis
1175 3232 1531 3296 processuS‚
1579 3222 1643 3276 et
1684 3215 1761 3276 ad
1807 3235 1998 3296 quam
2041 3223 2138 3277 est
2185 3215 2387 3297 ipsius

890 3315 1140 3386 reditio,
1186 3313 1353 3375 sicut
1394 3313 1702 3375 vicesimo
1747 3313 1956 3395 primo
1998 3314 2389 3376 theoremate

889 3409 1189 3493 explanat
1235 3411 1514 3484 ProcluS,
1566 3412 1719 3473 dum
1769 3412 1858 3473 ait
1903 3429 1917 3473 :
1965 3410 2185 3474 Omnis
2235 3413 2388 3475 ordo

889 3511 970 3573 ab
1016 3509 1256 3571 unitate
1301 3509 1638 3590 incipienS,
1674 3509 1962 3591 procedit
2001 3509 2066 3570 in
2107 3509 2391 3571 multitu-

892 3609 1110 3671 dinem
1141 3607 1367 3669 unitati
1399 3607 1942 3679 coelementalem,
1979 3607 2043 3668 id
2081 3614 2178 3668 est
2218 3624 2390 3669 coes-

891 3705 1249 3778 sentialem,
1292 3713 1356 3767 et
1395 3705 1606 3767 omnis
1646 3705 1889 3767 ordinis
1932 3705 2275 3766 multitudo
2313 3704 2390 3767 ad

894 3824 1085 3867 unam
1144 3803 1473 3865 reducitur
1533 3803 1860 3864 unitatem.
1915 3802 2163 3884 Quippe
2222 3803 2392 3882 quod

891 3904 1245 3966 secundum
1294 3901 1695 3964 latitudinem
1750 3900 2274 3982 participantium
2331 3907 2395 3962 et

891 4001 1418 4065 communitatem
1459 4007 1700 4063 naturae
1739 3999 2155 4081 participatae,
2202 4005 2394 4062 statu-

891 4100 1070 4164 endae
1101 4100 1229 4161 sint
1259 4098 1414 4160 ideae
1445 4097 1938 4160 universaliores
1970 4104 2079 4158 aut
2119 4097 2392 4178 particu-

2504 3116 2801 3179 dicebant
2863 3117 3246 3199 participare
3308 3116 3370 3178 id
3432 3115 3601 3198 quod
3658 3133 4001 3177 commune

2498 3234 2645 3277 cum
2689 3215 2845 3296 ipsis
2888 3214 3146 3288 habent,
3182 3221 3449 3276 testatur
3488 3212 3745 3276 Proclus
3791 3221 3999 3274 cente-

2497 3313 2660 3375 simo
2705 3312 3135 3374 sextodecimo
3180 3312 3594 3383 theoremate,
3642 3310 3797 3372 dum
3842 3310 3929 3372 ait
3981 3327 3993 3368 :

2498 3410 2717 3474 Omnis
2757 3411 2915 3472 deus
2958 3409 3421 3491 participabilis
3460 3416 3579 3480 est,
3624 3408 3686 3468 id
3724 3415 3823 3468 est
3864 3425 3999 3489 par-

2499 3510 2741 3591 ticipat,
2797 3515 3064 3589 excepto
3112 3525 3263 3582 uno,
3313 3507 3376 3568 id
3420 3514 3518 3569 est
3558 3523 3836 3568 summo.
3886 3507 3997 3568 lte-

2490 3626 2666 3680 rum,
2700 3605 2869 3688 quod
2911 3606 3358 3667 universorum
3401 3604 3692 3666 ordinem
3736 3604 3816 3665 ad
3850 3603 3998 3666 deos

2500 3704 2882 3777 referebant,
2916 3703 3193 3766 ostendit
3226 3702 3616 3765 theoremate
3647 3703 4000 3764 centesimo

2501 3802 2985 3884 quadragesimo
3044 3808 3291 3883 quarto,
3344 3800 3495 3862 dum
3557 3801 3647 3862 ait
3701 3817 3715 3861 :
3775 3799 4003 3862 Omnia

2500 3902 2673 3964 entia
2718 3909 2781 3963 et
2839 3918 3061 3962 omnes
3123 3899 3370 3962 entium
3434 3898 3890 3981 dispositiones
3938 3898 4035 3959 in·

2500 4005 2747 4060 tantum
2787 4006 3258 4080 processerunt,
3295 3999 3360 4060 in
3402 4004 3715 4079 quantum
3755 4004 3820 4059 et
3859 3997 4003 4059 deo-

2501 4116 2642 4158 rum
2688 4096 3139 4162 ordinationes,

893 4197 1175 4271 larioreS,
1208 4195 1487 4258 ostendit
1515 4196 1772 4258 Proclus
1817 4195 2167 4257 centesimo
2206 4195 2391 4256 trice·
2422 4199 2471 4260 D
2582 4196 2850 4276 Insuper
2896 4201 2959 4256 et
3017 4194 3139 4255 diis
3198 4193 3573 4257 salvativam
3634 4211 3701 4256 se
3750 4191 4007 4275 partici-

894 4296 1057 4356 simo
1101 4302 1281 4356 sexto
1321 4294 1733 4366 theoremate,
1782 4293 1934 4354 dum
1982 4293 2072 4354 ait
2116 4309 2128 4355 :
2174 4292 2393 4355 Omnis

895 4393 1052 4456 deus
1082 4391 1336 4454 totalior
1367 4391 1628 4472 quidem
1661 4391 1996 4463 exsistens,
2029 4399 2094 4452 et
2135 4391 2397 4473 propin-

893 4491 1084 4573 quius
1129 4490 1338 4572 primo
1381 4488 1733 4563 ordinatuS,
1766 4508 1803 4550 a
1845 4489 2118 4551 totaliori
2163 4507 2396 4569 genere

893 4589 1141 4652 entium
1191 4587 1650 4669 participatur3
1697 4585 2142 4668 particularior
2182 4595 2394 4649 autem

893 4695 958 4752 et
999 4686 1324 4759 remotior,
1356 4704 1393 4746 a
1425 4683 1893 4766 particulariori
1919 4702 1936 4764 3
1970 4692 2033 4746 et
2065 4692 2132 4746 ut
2163 4704 2276 4747 ens
2316 4686 2396 4746 ad

893 4806 1030 4859 enS,
1073 4786 1166 4848 sic
1218 4785 1426 4846 unitas
1467 4784 1543 4846 ad
1595 4784 1906 4846 unitatem
1955 4783 2250 4846 refertur.
2295 4783 2397 4846 Sic

893 4903 1046 4966 ergo
1089 4885 1354 4947 deorum
1405 4882 1948 4944 coordinationem
2009 4882 2393 4956 statuebant,

894 4982 1434 5066 quemadmodum
1503 4979 1855 5042 centesimo
1911 4979 2239 5041 tricesimo
2296 4998 2394 5040 se-

895 5081 1105 5144 cundo
1135 5080 1526 5142 theoremate
1565 5079 1654 5142 ait
1691 5077 1947 5141 Proclus
1982 5096 1995 5139 :
2030 5078 2264 5141 Omnes
2297 5078 2399 5139 de·

895 5198 1080 5244 orum
1123 5178 1378 5240 ordines
1423 5177 1697 5241 mediate
1740 5176 2139 5257 colligantur.

976 5279 1265 5359 Insuper,
1308 5277 1478 5358 quod
1521 5275 1586 5340 in
1626 5292 1882 5338 summo
1920 5293 2134 5337 rerum
2176 5274 2400 5338 ordine

2506 4293 2797 4376 pantium
2856 4291 3293 4355 attribuebant
3348 4290 3841 4373 providentiam.
3903 4291 4005 4352 Ait

2505 4410 2782 4472 namque
2832 4391 2896 4452 in
2947 4397 3311 4452 commento
3372 4388 3627 4451 Proclus
3684 4405 3699 4448 z
3752 4388 4005 4451 Etenim

2506 4489 2860 4572 proprietas
2890 4487 3106 4550 divina
3150 4487 3442 4550 distinxit
3482 4486 3755 4549 unitates
3790 4495 3859 4548 et
3896 4487 4007 4549 bo-

2509 4588 2735 4649 nitates
2767 4587 3053 4658 deorum,
3072 4593 3146 4646 ut
3175 4585 3619 4667 unusquisque
3650 4585 4007 4648 secundum

2505 4684 2763 4766 aliquod
2793 4683 3094 4746 bonitatis
3138 4683 3374 4745 idioma
3412 4683 3630 4746 omnia
3672 4682 4007 4750 bonificet.

2511 4789 2663 4866 puta
2694 4780 3007 4863 perficiat,
3028 4789 3138 4843 aut
3168 4780 3511 4854 contineat,
3530 4787 3640 4842 aut
3668 4781 4003 4843 custodiat.

2508 4881 2585 4942 Et
2632 4879 3021 4942 theoremate
3073 4879 3424 4942 centesimo
3482 4878 3791 4942 vicesimo
3850 4879 3943 4941 ait
3992 4896 4004 4939 :

2508 4978 2728 5042 Omnis
2758 4978 2915 5040 deus
2950 4978 3012 5040 in
3056 4996 3170 5040 sua
3214 4977 3585 5040 exsistentia
3624 4977 3775 5039 totis
3814 4977 4010 5040 habet

2511 5076 2869 5159 providere,
2920 5082 2983 5137 et
3027 5074 3326 5157 primitus
3370 5073 3707 5156 p‘rovidere
3750 5075 3815 5137 in
3857 5076 4003 5138 diis.

2509 5174 2686 5236 Unde
2729 5180 2794 5235 et
2831 5172 3004 5246 deOS,
3046 5172 3339 5236 omnium
3380 5173 3736 5253 paternales
3783 5192 4007 5236 causas

2510 5271 2817 5335 vocabant
2835 5271 3156 5334 Platonici.
3171 5270 3439 5352 Ideoque
3458 5289 3771 5352 summum
3784 5272 4006 5348 Deum,
