4300 6259
778 475 861 541 86
1668 492 2089 540 maxumum
2130 490 2588 538 rnitosormcn.
2636 509 2715 520 —
2757 491 2835 536 nn
2878 491 2997 538 nno

780 674 919 728 tum
990 666 1205 729 anima
1260 685 1377 748 per
1432 665 2035 748 contemplationem
2094 663 2278 727 intel·
2308 662 2358 726 A
2387 669 2518 726 tota
2574 661 2852 743 cognitio
2908 681 3100 744 quam
3160 661 3238 724 de
3296 658 3604 724 creaturis
3651 656 3907 726 habere

782 762 1060 845 ligentiae
1091 764 1461 828 redderetur
1486 764 1564 826 ad
1594 763 2022 844 cognitionem
2054 763 2280 845 primae
2389 761 2696 824 valemus,
2729 761 3096 824 Intellectus
3127 761 3388 823 demum
3419 759 3741 821 humanus
3781 755 3906 818 be-

782 880 990 926 causae
1037 863 1239 942 magis
1292 862 1540 935 idonea,
1592 880 1793 943 quum
1842 867 1906 922 et
1953 860 2279 924 modicum
2391 879 2472 922 ne
2519 860 2887 941 disposituS‚
2940 859 3005 920 in
3055 858 3416 940 cognitione
3475 863 3780 919 creaturae
3828 861 3908 916 et

782 959 846 1021 id
879 960 1049 1041 quod
1088 961 1165 1022 de
1204 978 1278 1022 ea
1317 977 1698 1041 cognoscere
1731 976 2093 1041 possumus,
2129 978 2286 1040 prae-

2392 957 2665 1020 effectus
2707 975 2836 1020 non
2881 956 3174 1039 quiescit,
3221 975 3339 1020 nec
3382 955 3724 1038 quietatur,
3770 971 3906 1017 nec

782 1058 1052 1120 stantius
1091 1057 1708 1140 desiderabiliusque
1749 1058 2053 1122 consistat
2088 1075 2283 1139 quam
2395 1063 2816 1119 contentatur.

2093 1444 2248 1526 DE
2342 1443 2579 1528 DEO

1082 1749 1602 1844 PROPOSITIO
1650 1747 1989 1811 LXXVII.

865 1941 961 2006 In
1000 1941 1533 2006 universitate
1576 1953 1847 2005 rerum
1889 1942 1972 2004 et
2018 1953 2282 2005 causa·

784 2053 989 2119 rum,
1034 2041 1268 2120 atque
1309 2037 1807 2104 moventium
1861 2053 1951 2104 ac
2008 2037 2284 2115 guber-

786 2137 1175 2216 nantium,
1222 2150 1389 2201 esse
1431 2149 1680 2200 unum
1724 2150 1863 2200 ens
1906 2136 2280 2215 primum,

786 2237 1180 2301 aeternum
1230 2235 1314 2299 et
1366 2234 1889 2313 incausatum,
1932 2234 2285 2312 primum

788 2347 1146 2412 causaue,
1213 2346 1543 2398 movens
1608 2346 1700 2397 ac
1759 2345 2065 2410 regens,
2123 2330 2283 2397 evi-

788 2431 1069 2496 denter
1151 2443 1241 2496 ao
1321 2429 1891 2510 multipliciter
1975 2429 2283 2494 demon-

786 2532 1115 2597 stratur.

866 2626 1041 2700 Quod
1074 2633 1191 2698 est,
1226 2625 1379 2707 quia
1420 2625 1711 2686 videmus
1750 2624 1828 2686 ad
1867 2624 2150 2696 oculum,
2184 2641 2283 2685 or-

785 2725 1002 2786 dinem
1048 2743 1187 2786 esse
1234 2723 1299 2784 in
1346 2722 1537 2784 rebus
1584 2722 1649 2784 in
1692 2729 1823 2785 toto
1866 2723 2187 2796 univers0‚
2221 2730 2284 2784 et

784 2822 939 2884 item
990 2822 1055 2883 in
1102 2839 1335 2902 genere
1384 2822 1630 2884 entium
1678 2839 1691 2882 :
1742 2820 1805 2882 in
1851 2819 2026 2882 omni
2069 2828 2280 2881 autern

784 2918 1008 2980 ordine
1039 2919 1376 2980 devenitur
1411 2919 1488 2981 ad
1521 2918 1800 3000 primum
1842 2937 1915 2979 ac
1955 2917 2276 2978 ultimum.

2395 1743 2801 1805 moventibus
2853 1741 3219 1805 efficienter
3265 1762 3457 1825 quam
3509 1743 3574 1804 in
3625 1741 3726 1804 his
3779 1741 3896 1823 qui

2311 1839 2358 1899 B
2398 1848 2654 1903 movent
2681 1859 2796 1922 per
2825 1841 3086 1903 modum
3116 1860 3322 1903 causae
3353 1839 3567 1903 finalis
3589 1859 3601 1902 :
3623 1840 3733 1921 qui
3767 1857 3900 1902 mo-

2395 1947 2493 2000 tor
2521 1946 2618 2000 est
2648 1958 2961 2011 summuS,
2987 1938 3159 2002 solus
3189 1957 3262 2000 ac
3293 1958 3482 2002 verus
3515 1939 3702 2012 DeuS,
3727 1957 3902 1998 sum-

2396 2056 2598 2108 mum,
2634 2056 2858 2098 verum
2889 2044 2953 2098 et
2985 2036 3482 2118 incomparabile
3515 2036 3779 2106 bonum,
3811 2035 3900 2097 ab

2395 2134 2694 2197 omnibus
2739 2154 2855 2197 suo
2895 2136 3083 2198 modo
3121 2135 3403 2196 finaliter
3437 2135 3899 2208 desideratum,

2398 2234 2843 2296 universorum
2913 2234 3177 2296 ultimus
3238 2232 3432 2312 finis3
3497 2240 3702 2295 motor
3764 2250 3897 2294 non

2396 2338 2627 2403 motuS,
2652 2330 2946 2393 efficiens
2979 2348 3103 2392 non
3136 2330 3430 2404 effectus,
3456 2329 3608 2392 finis
3632 2329 3894 2402 finienS,

2395 2448 2520 2493 non
2572 2429 2836 2508 finitus;
2884 2429 3354 2511 separatissima
3403 2429 3629 2500 forma,
3677 2428 3899 2490 omnia

2392 2527 2697 2606 fominus,
2740 2547 2775 2588 a
2813 2526 2992 2589 nullo
3033 2527 3366 2601 formatuS,
3408 2526 3489 2588 ab
3538 2525 3713 2588 omni
3765 2544 3898 2588 ma-

2392 2625 2597 2687 teriali
2628 2625 3013 2706 proprietate
3047 2643 3204 2706 pure
3225 2624 3550 2686 immunis.
3571 2623 3894 2705 AmpliuS‚

2393 2724 2512 2786 hoc
2571 2731 2958 2785 monstratur
3012 2743 3088 2785 ex
3146 2722 3368 2785 ordine
3412 2730 3476 2784 et
3522 2730 3746 2783 natura
3793 2740 3896 2783 re-

2393 2822 2703 2902 gentium,
2739 2822 2802 2882 in
2850 2821 3086 2902 quibus
3133 2820 3564 2884 necessarium
3608 2828 3706 2883 est
3751 2838 3897 2883 esse

2395 2939 2594 2981 unum
2635 2919 2916 3000 primum
2963 2938 3286 2982 summum
3331 2918 3716 3000 gubernans,
3750 2935 3901 3000 pro-

783 3015 854 3077 ln
902 3015 1125 3077 ordine
1181 3016 1393 3097 itaque
1442 3035 1658 3078 rerum
1706 3023 1802 3078 est
1849 3014 2106 3096 aliquod
2156 3014 2282 3096 pri-
2313 3018 2356 3082 C
2394 3017 2533 3098 pria
2589 3017 2962 3079 auctoritate
3028 3018 3398 3098 praesidens,
3463 3016 3722 3098 propria
3787 3035 3900 3098 po-

788 3132 967 3174 mum
1003 3131 1075 3175 ac
1118 3132 1468 3186 summum,
1505 3115 1674 3195 quod
1710 3114 1910 3175 Deum
1956 3130 2277 3174 vocamus.

784 3210 1335 3284 Quemadmodum
1394 3211 1586 3273 etiam
1644 3211 1946 3272 infimum
2006 3229 2079 3272 ac
2136 3210 2282 3271 ulti-

787 3328 963 3372 mum
1025 3309 1271 3371 entium
1331 3316 1429 3371 est
1476 3328 1635 3390 pura
1686 3309 1987 3390 potentia,
2039 3327 2139 3371 res
2193 3309 2287 3370 in-

784 3407 1225 3488 digentissima
1272 3414 1336 3468 et
1378 3406 1958 3489 imperfectissima,
2007 3407 2282 3468 maxime

784 3522 1038 3586 quoque
1070 3505 1469 3587 dependens;
1492 3505 1583 3566 sie
1615 3505 1895 3585 primum
1930 3524 2282 3566 summum-

781 3621 909 3684 que
952 3602 1197 3664 entium
1242 3611 1341 3665 est
1386 3621 1585 3684 purus
1639 3609 1839 3676 actus,
1887 3602 2127 3664 nullius
2178 3622 2282 3684 pe-

784 3700 957 3762 nitus
1014 3718 1230 3780 egenS,
1281 3707 1343 3762 et
1400 3701 1663 3762 omnino
1722 3699 1786 3761 in
1837 3718 1904 3762 se
1956 3699 2094 3781 ipso
2144 3719 2282 3780 per-

784 3797 1023 3860 fectum
1075 3817 1148 3861 ac
1196 3796 1537 3860 omnifarie
1596 3798 2053 3880 independens.
2104 3798 2280 3860 Idem

782 3896 1139 3959 ostenditur
1175 3915 1252 3959 ex
1292 3915 1523 3977 genere
1560 3914 1633 3957 ac
1677 3896 1899 3958 ordine
1942 3914 2279 3958 causarum

780 4002 845 4056 et
899 4003 1323 4057 causatorum.
1387 3994 1721 4057 Cernimus
1777 3994 2019 4076 quippe
2080 3993 2280 4056 multa

779 4111 920 4155 esse
964 4100 1239 4164 causata,
1275 4111 1415 4173 quae
1458 4091 1716 4154 aliunde
1757 4111 1943 4153 suum
1976 4111 2115 4154 esse
2147 4110 2276 4155 sor-

2394 3121 2618 3176 testate
2677 3115 2904 3176 ceteris
2955 3115 3313 3188 dominanS,
3364 3133 3441 3177 ex
3492 3115 3750 3196 propria
3797 3135 3892 3178 sa-

2394 3213 2634 3295 pientia
2694 3212 2896 3294 legem
2955 3212 3351 3292 gubernandi
3421 3213 3760 3276 instituens
3817 3233 3897 3276 ac

2392 3310 2754 3392 praefigenS,
2777 3318 2969 3392 atque
3001 3330 3077 3372 ex
3109 3309 3283 3374 fonte
3315 3310 3730 3392 providentiae
3761 3329 3896 3374 suae

2395 3410 2728 3471 moderans
2759 3427 2833 3469 ac
2864 3409 3212 3489 disponens
3243 3409 3543 3471 universa
3574 3408 3890 3490 subjecta.

2393 3507 2577 3569 Entia
2608 3525 2862 3587 nempe,
2898 3515 2967 3568 ut
2997 3506 3159 3567 dixit
3187 3506 3631 3588 PhilosophuS‚
3665 3507 3896 3569 nolunt

2392 3606 2556 3667 male
2587 3604 3218 3686 disponi3plurali'tas
3241 3623 3494 3686 quoque
3527 3605 3891 3687 principum

2391 3703 2579 3775 mala,
2640 3703 2923 3784 optimus
2982 3721 3132 3765 vero
3191 3702 3588 3784 principatus
3639 3721 3886 3765 monar-

2390 3800 2628 3863 chicus.
2682 3801 2852 3862 Unus
2902 3817 3052 3880 ergo
3094 3807 3190 3861 est
3239 3800 3538 3882 princeps
3587 3817 3600 3861 :
3643 3801 3752 3882 qui
3791 3809 3887 3863 est

2389 3899 2556 3961 Deus
2613 3897 2903 3960 excelsus
2971 3904 3035 3960 et
3089 3898 3424 3978 gloriosus.
3488 3897 3602 3961 Cui
3671 3898 3886 3960 nullus

2389 3996 2602 4058 dicere
2640 4002 2848 4077 potest
2881 4013 2894 4056 :
2929 3995 3130 4069 Quare
3163 3996 3254 4057 sic
3285 3995 3487 4058 facis?
3519 4015 3718 4078 quum
3750 3997 3886 4077 ipse

2391 4094 2474 4156 sit
2506 4094 2722 4174 regula
2753 4094 2959 4175 prima
2987 4111 3059 4154 ac
3091 4112 3344 4155 summa
3373 4112 3673 4156 mensura
3699 4093 3886 4156 totius

778 4191 892 4254 tita
940 4199 1106 4254 sunt.
1158 4191 1267 4252 Est
1311 4190 1506 4270 igitur
1548 4189 1846 4250 devenire
1894 4189 1971 4250 ad
2020 4189 2277 4271 aliquod
2309 4194 2358 4256 D
2387 4192 2651 4273 justitiae
2705 4211 2778 4253 ac
2827 4191 3082 4254 virtutis
3127 4208 3140 4251 :
3182 4210 3376 4272 quem
3425 4191 3663 4253 scimus
3712 4199 3889 4254 natu-

780 4309 1047 4352 causans
1108 4290 1507 4362 incausatum
1572 4305 1586 4349 :
1649 4286 1889 4368 alioqui
1949 4286 2148 4349 iretur
2211 4289 2276 4351 in

780 4387 1134 4461 infinitum,
1188 4405 1307 4448 nec
1365 4393 1533 4448 esset
1592 4391 1790 4446 status
1840 4403 1957 4446 nec
2006 4386 2160 4447 ordo
2210 4387 2273 4448 in

778 4483 987 4548 causis
1010 4503 1027 4564 3
1060 4483 1415 4567 praesertim
1454 4490 1667 4544 autem
1712 4482 1777 4543 in
1822 4482 2029 4544 causis
2070 4501 2280 4546 essen-

776 4583 1013 4646 tialiter
1041 4581 1470 4645 subordinatis
1501 4587 1751 4662 oportet
1781 4580 2127 4643 consistere
2158 4589 2278 4644 sta·

776 4691 934 4745 tum.
982 4681 1172 4744 Porro
1213 4698 1480 4742 causans
1522 4679 1945 4752 incausatum,
1993 4696 2282 4742 necessa-

775 4780 874 4842 rio
929 4787 1026 4842 est
1083 4786 1418 4852 aeternum,
1471 4796 1671 4860 quum
1732 4776 1825 4838 nil
1886 4775 2078 4839 fuerit
2134 4786 2280 4840 ante

774 4878 1005 4959 ipsum,
1021 4895 1134 4939 nec
1167 4876 1403 4959 aliquid
1439 4883 1630 4959 queat
1658 4893 1917 4939 causare
1948 4893 2015 4937 se
2046 4875 2273 4957 ipsum.

843 4976 1149 5039 Praeterea
1177 4976 1296 5037 hoc
1328 4974 1630 5056 probatur
1657 4994 1735 5037 ex
1767 4974 1989 5036 ordine
2022 4991 2279 5036 moven-

770 5074 932 5138 tium
967 5082 1157 5156 atque
1192 5073 1551 5146 mobilium,
1588 5073 1652 5135 in
1690 5072 1926 5154 quibus
1970 5089 2093 5134 non
2136 5081 2274 5154 pot-

770 5182 867 5236 est
896 5191 1195 5235 ascensus
1225 5189 1364 5233 esse
1390 5172 1452 5232 in
1475 5171 1837 5249 infinitum3
1858 5171 1979 5232 imo
2011 5189 2272 5234 necesse

770 5278 867 5334 est
906 5289 1107 5333 unum
1149 5287 1288 5332 esse
1332 5268 1614 5351 primurn
1662 5276 1995 5344 motorem,
2030 5276 2162 5333 tam
2202 5269 2270 5334 in

2391 4290 2606 4351 raliter
2625 4297 2688 4350 et
2717 4287 3161 4362 essentialiter,
3183 4306 3340 4368 pure
3371 4287 3752 4371 infiniteque
3781 4288 3886 4350 bo-

2389 4407 2569 4460 num,
2604 4395 2894 4450 sanctum
2937 4405 3009 4448 ac
3054 4385 3428 4468 sapientem.

2664 4596 3182 4661 PROPOSITIO
3230 4595 3602 4659 LXXVIII.

2466 4779 2678 4844 Deus
2727 4781 2852 4844 est
2892 4779 3158 4858 ipsum
3197 4792 3392 4860 esse,
3442 4793 3532 4846 ao
3570 4780 3884 4847 bonitas

2387 4892 2587 4957 pura
2653 4876 3642 4957 incomprehensibilisque
3725 4893 3882 4945 ma-

2378 4974 2410 5054 j
2419 4976 2628 5041 estas
2672 4995 2686 5038 :
2734 4975 2867 5039 cui
2912 4987 3094 5039 cum
3137 4973 3457 5040 infinita
3498 4976 3882 5042 excellen-

2382 5074 2499 5138 tia
2542 5074 2752 5138 inest
2783 5073 2866 5137 et
2904 5074 3281 5137 convenit
3313 5073 3697 5154 quidquid
3729 5073 3882 5151 (ab-

2382 5173 2640 5239 solute
2678 5169 3099 5254 loquendo)
3127 5172 3420 5238 melius
3459 5175 3583 5240 est
3621 5174 3880 5242 inesse

2380 5271 2464 5337 et
2504 5269 2785 5338 haberi
2827 5284 3065 5352 quam
3108 5270 3402 5340 deesse.
