4300 6259
966 509 1046 559 DE
1087 511 1316 558 Lumxa
1359 509 1742 556 cnmsnANAE:
1785 509 2086 564 nicomas,
2133 511 2309 557 LIBER
2354 513 2391 558 1.
2440 531 2519 542 ·-··
2560 515 2699 560 Aur.
2748 515 2863 560 va

3348 495 3469 560 309

380 681 606 744 diatum
677 681 884 746 divini
957 681 1318 746 intellectus
1387 679 1714 762 objectum
1781 679 1862 742 sit
1891 677 1942 742 A
1974 679 2239 762 insuper
2276 681 2597 746 declarare
2637 685 3175 768 quemadmodum
3214 684 3469 748 divinus

377 778 580 840 divina
629 779 908 842 essentia
960 797 975 841 t
1027 779 1330 862 quoniam
1389 797 1528 840 eam
1582 785 1860 840 contem-

379 875 696 958 plando,et
723 897 792 940 se
822 884 885 940 et
913 885 1122 940 cetera
1149 877 1359 939 omnia
1385 875 1862 958 simplicissimo

381 973 598 1036 mentis
644 976 936 1037 contuitu
985 975 1286 1037 intuetur.
1341 973 1650 1048 Quoniam
1708 991 1858 1036 vero

378 1079 572 1134 creata
626 1073 820 1136 etiam
879 1073 1070 1145 videt,
1122 1080 1186 1136 et
1235 1073 1298 1134 in
1349 1089 1417 1134 se
1476 1071 1634 1154 ipsis
1681 1077 1746 1132 et
1793 1070 1858 1132 in

259 1193 355 1230 mn.
379 1171 575 1232 causis
613 1172 946 1252 proximiS,
979 1181 1048 1234 ut
1087 1171 1424 1254 probatum
1465 1177 1582 1242 est,
1617 1177 1860 1232 constat

381 1269 536 1350 quod
583 1287 684 1332 res
731 1277 958 1334 creatae
1003 1269 1454 1333 secundarium
1500 1287 1576 1330 ac
1625 1267 1859 1330 media-

379 1375 504 1428 tum
545 1366 669 1430 dici
716 1377 986 1451 possunt
1026 1368 1228 1431 divini
1275 1366 1636 1430 intellectus
1685 1366 1860 1446 obje-

380 1475 561 1528 ctum.
595 1465 1050 1530 Verumtamen
1091 1467 1403 1549 quidquid
1453 1465 1516 1526 in
1563 1466 1860 1527 secundis

379 1573 467 1626 est
505 1571 611 1626 aut
653 1566 913 1628 evenire
958 1571 1186 1647 potest,
1227 1563 1541 1645 conspicit
1585 1564 1751 1626 Deus
1795 1563 1860 1624 in

379 1681 440 1726 se
467 1663 602 1744 ipso
636 1679 650 1725 ε
683 1663 776 1726 sic
808 1682 1090 1747 prorsus,
1123 1671 1194 1725 ut
1231 1663 1372 1744 ejus
1411 1661 1864 1744 contemplatio

379 1761 732 1824 nullatenus
763 1762 1118 1843 dependeat
1147 1781 1258 1824 seu
1299 1769 1595 1825 causetur
1631 1760 1712 1822 ab
1751 1761 1864 1822 hu·

375 1859 645 1942 jusmodi
687 1860 941 1941 objecto
981 1860 1375 1924 secundario.

453 1958 524 2019 Et
565 1977 682 2040 per
725 1959 844 2020 hoc
893 1957 1100 2040 prima
1141 1959 1302 2022 ratio
1357 1958 1562 2020 soluta
1605 1965 1718 2020 est.
1766 1957 1866 2020 Di·

379 2057 556 2118 vinus
611 2057 788 2120 enim
849 2057 1210 2120 intellectus
1271 2057 1476 2139 prime
1541 2056 1864 2139 propriam

382 2163 658 2218 naturam
689 2155 984 2237 intelligit
1006 2173 1226 2238 :quam
1259 2155 1694 2236 intelligendo,
1717 2173 1868 2216 cun-

379 2263 470 2316 cta
503 2254 820 2336 conspicit
862 2254 1214 2316 secundum
1258 2254 1428 2335 quod
1475 2254 1540 2315 in
1585 2253 1726 2335 ipso
1771 2271 1864 2314 re-

377 2352 596 2414 lucent.
655 2352 724 2414 ln
773 2353 914 2434 ipso
961 2352 1172 2414 denuo
1219 2352 1507 2414 relucent
1561 2359 1864 2433 tanquam

376 2469 494 2512 suae
549 2450 772 2512 virtuti
833 2449 1227 2532 potentialia,
1288 2456 1352 2512 et
1420 2448 1868 2511 universaliter

375 2548 716 2609 secundum
759 2565 1016 2610 omnem
1058 2547 1496 2610 exsistentiam
1538 2565 1730 2630 quam
1762 2546 1862 2608 vel

375 2647 434 2708 in
469 2665 534 2708 se
577 2653 692 2708 aut
735 2646 1044 2728 proximis
1086 2647 1292 2709 causis
1323 2645 1581 2718 habent,
1617 2645 1682 2707 in
1725 2645 1866 2726 ipso

375 2744 792 2826 resplendent.
845 2745 1022 2807 Unde
1071 2745 1288 2816 claret,
1337 2744 1628 2806 divinum
1683 2743 1864 2806 intel·

374 2842 598 2904 lectum
627 2861 947 2924 nusquam
979 2842 1234 2906 extendi
1266 2851 1444 2905 extra
1469 2860 1539 2905 se
1569 2860 1684 2923 per
1713 2861 1864 2924 qua-

375 2939 772 3022 lemcumque
815 2941 1308 3022 dependentiam
1359 2957 1372 3002 :
1422 2939 1690 3021 ideoque
1735 2957 1860 3002 non

1973 777 2335 842 intellectus
2366 801 2477 842 seu
2508 783 2777 846 scientia
2816 783 3053 860 divina,
3090 781 3470 846 universalis

1970 874 2096 936 dici
2147 877 2377 941 debeat
2424 887 2488 942 et
2536 881 2981 963 particularis3
3030 879 3469 964 contemplati·

1971 993 2124 1036 vum
2169 994 2425 1058 quoque
2475 987 2539 1040 et
2588 979 2987 1061 operativum
3042 997 3275 1044 nomen
3318 997 3471 1060 qua-

1973 1071 2115 1134 liter
2168 1075 2367 1156 possit
2415 1077 2648 1150 sortiri‚
2695 1085 2759 1140 et
2801 1077 2887 1140 ita
2930 1079 3251 1160 deinceps.

2051 1170 2226 1244 Quod
2258 1191 2407 1255 ergo
2438 1175 2647 1256 primo
2678 1177 2945 1250 inducit,
2969 1177 3119 1239 satis
3148 1175 3471 1239 convincit

1971 1269 2140 1350 quod
2166 1288 2290 1333 non
2324 1273 2594 1336 univoce
2626 1273 2891 1337 scientia
2922 1282 3135 1337 nostra
3168 1281 3231 1336 et
3271 1273 3470 1336 scien-

1973 1368 2058 1429 tia
2089 1376 2524 1450 separatorum
2557 1370 3021 1444 intellectuum,
3045 1378 3109 1434 et
3139 1369 3471 1453 potissime

1971 1465 2105 1539 Dei,
2154 1466 2556 1548 particularis
2602 1477 2863 1530 vocetur
2908 1477 3019 1531 aut
3070 1467 3465 1531 universalis

1971 1563 2146 1637 Quod
2190 1581 2340 1627 vero
2378 1567 2684 1648 supponit
2724 1568 2881 1630 ratio
2925 1567 3087 1647 eju3‚
3122 1566 3290 1649 quod
3337 1565 3473 1627 uni-

1973 1662 2217 1725 versale
2260 1671 2323 1725 et
2372 1663 2753 1745 particulare
2804 1684 2931 1729 non
2978 1673 3128 1728 sunt
3168 1664 3471 1726 differen-

1975 1761 2078 1822 tiae
2137 1761 2262 1823 nisi
2321 1761 2605 1825 scientiae
2661 1782 2698 1825 a
2751 1763 2927 1826 scitis
2977 1763 3109 1826 suis
3177 1769 3469 1836 causatae,

1898 1858 2462 1924 Bl'undamentum
2523 1860 2695 1922 enim
2749 1859 2959 1932 habet,
3019 1861 3129 1924 sed
3187 1861 3472 1924 volunta-

1973 1958 2140 2020 rium
2175 1967 2271 2020 est
2303 1975 2317 2020 t
2354 1958 2483 2021 imo
2514 1960 2847 2022 sententiis
2886 1961 3163 2022 auctoris
3205 1958 3353 2022 libri
3393 1959 3471 2021 de

1971 2056 2191 2119 Causis
2241 2064 2302 2118 et
2350 2057 2552 2119 Procli
2603 2075 2731 2119 non
2782 2065 3104 2121 consonat.
3164 2058 3239 2120 Hi
3297 2077 3474 2120 nam-

1971 2173 2096 2236 que
2168 2155 2391 2216 dicunt
2461 2153 2949 2236 intelligentiam
3009 2155 3265 2238 plenam
3336 2154 3473 2217 fore

1971 2252 2197 2315 formis
2259 2270 2275 2314 ε
2336 2253 2429 2314 sic
2486 2259 2699 2315 tamen
2764 2260 2832 2314 ut
2888 2253 3181 2335 superior
3237 2253 3473 2316 formas

1971 2351 2296 2414 contineat
2326 2351 2841 2424 universalioreS,
2863 2350 3127 2414 inferior
3158 2369 3307 2414 vero
3338 2371 3475 2434 par·

1970 2448 2393 2511 ticulariores.
2438 2423 2677 2512 For⁰mae
2720 2457 2933 2512 autem
2980 2449 3331 2532 superioris
3384 2449 3473 2511 in-

1969 2545 2339 2627 telligentiae
2400 2546 2541 2608 ideo
2600 2547 3091 2610 universaliores
3145 2546 3469 2619 dicuntur,

1973 2645 2137 2706 utin
2174 2645 2554 2706 commentis
2601 2651 2934 2707 auctorum
2978 2645 3241 2708 istorum
3282 2644 3471 2707 habe·

1969 2750 2098 2816 tur,
2129 2742 2280 2824 quia
2322 2741 2651 2826 simplices
2696 2749 2758 2804 et
2798 2742 3087 2806 indivisae
3118 2750 3469 2816 manenteS,

1973 2840 2255 2921 plurium
2289 2847 2437 2901 sunt
2466 2857 2605 2902 com
2616 2839 3043 2921 prehensivae3
3068 2846 3291 2902 ceterae
3321 2857 3473 2902 vero

1973 2936 2195 2999 formae
2246 2935 2447 3018 magis
2490 2935 2886 3008 dividuntur,
2932 2945 2997 2999 et
3035 2936 3333 3019 pauciora
3376 2955 3471 2999 re·

371 3039 608 3102 vilescit
637 3039 706 3100 in
739 3039 1276 3120 contemplatione
1307 3039 1646 3111 vilium‚ut
1675 3037 1862 3100 finxit
1891 3037 1936 3104 G
1975 3043 2375 3118 praesentant.
2426 3035 2544 3097 Sed
2600 3034 2733 3098 haec
2787 3035 2913 3098 cito
2964 3035 3215 3117 plenius
3258 3035 3473 3118 expla-

373 3137 694 3210 AverroeS,
755 3137 838 3200 ob
899 3138 959 3199 id
1021 3137 1149 3199 Deo
1207 3136 1590 3199 subtrahens
1650 3137 1862 3216 cogni·

371 3235 596 3297 tionem
684 3235 1109 3316 quorumdam
1189 3233 1630 3315 singularium.
1706 3234 1866 3296 Sunt

367 3333 526 3395 enim
573 3333 730 3395 talia
773 3333 1026 3413 objecta
1067 3332 1268 3395 divini
1317 3332 1677 3394 intellectus
1723 3350 1863 3414 pro-

373 3439 502 3512 pter
555 3432 680 3494 hoc
739 3431 972 3504 solum,
1023 3430 1328 3512 quoniam
1389 3437 1538 3492 sunt
1589 3449 1664 3492 ea
1719 3449 1860 3510 quae

372 3529 432 3590 in
461 3529 677 3591 divino
709 3547 852 3592 esse
893 3529 1200 3597 relucent,
1235 3545 1360 3590 non
1403 3526 1572 3609 quod
1609 3527 1690 3588 ab
1733 3527 1860 3589 illis

370 3627 712 3690 intellectio
743 3625 852 3689 Dei
885 3627 968 3688 sit
996 3626 1300 3709 pendens.
1325 3661 1406 3671 —
1435 3625 1724 3687 Secunda
1751 3643 1859 3686 au·

367 3732 488 3787 tem
531 3726 694 3788 ratio
737 3743 908 3808 saepe
938 3730 1240 3787 evacuata
1269 3731 1366 3786 est
1393 3731 1538 3784 ante
1575 3740 1588 3784 ε
1621 3723 1857 3785 nedum

367 3823 530 3886 enim
599 3823 1088 3896 universalium,
1148 3823 1258 3884 sed
1321 3828 1384 3882 et
1439 3819 1858 3902 singularium

367 3923 746 3985 exsistentiae
789 3921 1010 3982 divino
1047 3919 1400 3983 intellectui
1445 3919 1857 3996 elucescunt3

367 4027 422 4080 et
471 4021 768 4082 omnium
833 4018 1060 4081 horum
1119 4018 1436 4080 distinctae
1491 4016 1859 4096 intelligibi-

369 4117 450 4180 les
507 4119 792 4181 rationes
851 4116 970 4199 ipsi
1031 4116 1268 4187 insunt,
1321 4133 1520 4196 quum
1579 4115 1662 4176 sit
1723 4115 1858 4196 ipse

1973 3135 2181 3196 nanda
2223 3141 2389 3196 sunt.

2051 3231 2596 3305 Quemadmodum
2643 3231 2859 3313 itaque
2904 3230 3175 3312 separati
3226 3231 3469 3294 intelle-

1971 3337 2104 3391 ctus
2156 3331 2403 3412 species
2456 3328 2883 3410 intelligibilis
2943 3329 3323 3392 universalis
3382 3329 3471 3392 di-

1970 3429 2157 3502 citur,
2180 3427 2333 3509 quia
2362 3427 2543 3509 plura
2574 3427 3092 3509 comprehendit3
3126 3429 3217 3490 sic
3250 3429 3471 3509 utique

1971 3527 2134 3607 ejus,
2170 3525 2437 3588 scientia
2496 3525 2877 3588 universalis
2936 3533 3053 3599 est,
3116 3525 3264 3607 quia
3330 3527 3469 3588 uni-

1971 3624 2315 3688 versalium
2348 3624 2895 3705 comprehensiva.
2933 3623 3183 3686 Etenim
3216 3642 3293 3686 ex
3325 3643 3467 3706 par-

1972 3730 2032 3786 te
2061 3722 2307 3784 scibilis
2340 3721 2994 3791 universali3,dicitur
3030 3721 3299 3784 scientia
3330 3721 3469 3783 uni-

1971 3821 2253 3884 versalis,
2290 3819 2411 3882 Sed
2445 3819 2611 3901 quod
2646 3819 2745 3880 isti
2780 3819 3041 3889 addunt,
3076 3819 3267 3881 etiam
3299 3820 3465 3900 exigi

1970 3927 2040 3980 ut
2097 3925 2393 3980 causetur
2448 3935 2485 3977 a
2542 3915 2777 3987 scibili,
2841 3915 3217 3979 fulcimento
3274 3925 3461 3979 caret.

1970 4015 2313 4079 Enimvero
2359 4015 2527 4097 quod
2574 4013 2748 4076 addit
2806 4014 3123 4086 AlbertuS‚
3174 4015 3463 4078 divinum

1972 4114 2367 4176 intellectum
2424 4131 2541 4174 nec
2604 4113 3197 4193 contemplativum,
3258 4132 3466 4195 neque

366 4215 548 4278 etiam
589 4214 1032 4280 essentialium
1079 4213 1547 4295 principiorum
1593 4229 1668 4273 ex
1719 4213 1856 4292 qui·
1890 4214 1937 4276 D
1968 4213 2392 4296 operativum,
2452 4231 2571 4274 nec
2641 4210 2833 4274 etiam
2906 4209 3237 4274 formalem
3304 4212 3462 4285 fore,

365 4313 477 4377 bus
521 4335 622 4378 res
668 4321 1165 4396 componuntur,
1210 4311 1486 4395 practico
1531 4310 1858 4372 intellectu

365 4431 563 4476 causa.

742 4657 1232 4722 ARTICULUS
1279 4655 1482 4719 LXV.

367 4809 446 4868 Ec
501 4817 592 4866 est
653 4807 1022 4882 disputacio
1087 4811 1315 4863 eontra
1377 4803 1862 4878 prceindueeam

1969 4319 2213 4374 certum
2270 4319 2368 4371 est
2426 4311 2593 4392 quod
2652 4327 2775 4372 non
2836 4309 3105 4372 univoce
3155 4329 3303 4373 cum
3356 4328 3465 4372 no-

1969 4417 2099 4472 stro
2144 4408 2471 4471 intellectu
2522 4408 2967 4488 hujuscemodi
3008 4409 3465 4490 appellationes

1971 4507 2319 4587 suscipiat;
2366 4513 2653 4568 ceterum
2698 4504 2969 4586 qualiter
3016 4525 3121 4568 eas
3174 4507 3461 4588 recipiat,

1973 4623 2142 4667 nunc
2190 4603 2615 4685 praehabitum
2665 4610 2777 4664 est.
2834 4603 2952 4664 Sed
3012 4603 3180 4684 quod
3228 4604 3337 4677 ait,
3386 4605 3464 4666 ad
3490 4623 3685 4663 arcun.

1971 4704 2283 4765 rationem
2354 4701 2819 4782 cujuscumque
2892 4700 3250 4765 intellectus
3320 4721 3467 4765 con-

1973 4799 2327 4881 templativi
2402 4807 2509 4861 aut
2576 4799 2839 4880 practici
2912 4799 3151 4880 requiri
3222 4807 3291 4862 ut
3357 4819 3469 4881 per

522 4897 920 4974 positionem
961 4893 1222 4956 Albertt'
1259 4901 1320 4951 el
1362 4893 1694 4953 Averrffl's-
1973 4899 2191 4979 organi
2226 4895 2851 4959 adminiculationem
2894 4896 3140 4977 species
3180 4898 3467 4980 recipiat,

1977 4997 2229 5060 videtur
2286 4994 2739 5058 voluntarium.
2801 4993 3135 5056 Ostensum
3196 5014 3471 5077 namque
3504 5012 3681 5057 ibidem.

485 5099 856 5165 ALVANDO
915 5097 1108 5181 igitur
1173 5096 1728 5181 praedeterminata
1790 5097 1868 5158 de
1979 5101 2095 5163 est,
2139 5093 2307 5174 quod
2350 5091 2709 5154 intellectus
2750 5089 2907 5182 hine
2940 5092 3474 5174 contemplativus

513 5198 724 5262 divini
775 5197 1138 5260 intellectus
1187 5195 1636 5278 appellatione,
1687 5195 1871 5256 ratio·
1981 5199 2245 5254 vocetur
2286 5190 2586 5272 quoniam
2634 5196 2923 5251 versatur
2968 5189 3139 5251 circa
3184 5197 3473 5254 naturam

376 5317 484 5362 nes
537 5299 738 5380 hujus
795 5295 1130 5381 positionis
1186 5300 1436 5378 oportet
1491 5293 1760 5368 solvere,
1813 5299 1876 5355 et
1987 5289 2401 5373 contemplati
2432 5288 2551 5352 sub
2584 5287 2848 5361 ratione,
2882 5305 3009 5351 non
3038 5288 3298 5372 quidem
3330 5309 3477 5376 ope-
