4300 6259
822 457 941 523 172

1674 475 2096 524 unumunurm
2136 473 2535 522 TnnoLoGtcA.
2582 493 2663 504 -·
2703 475 2783 521 DE
2824 475 3082 524 ANGELls

821 646 997 723 dent,
1030 647 1159 712 sint
1200 648 1278 711 de
1320 646 1799 732 Principatuum
1844 646 2078 726 chor03
2110 652 2176 708 et
2209 644 2319 728 qui
2349 643 2404 710 A
2433 644 2600 709 infra
2628 665 2819 728 quam
2862 647 3162 730 princeps
3199 645 3610 710 tenebrarum
3651 641 3958 712 ostendit

823 746 1195 830 provinciiS,
1228 746 1307 810 de
1348 746 1543 810 choro
1586 747 1715 809 sint
1754 744 2316 826 Archangelorum.

498 872 799 915 pamma.
825 844 1185 928 Quumque,
1205 844 1389 926 juxta
1415 844 1783 928 praehabita,
1810 843 1875 906 in
1907 842 2195 926 quolibet
2223 859 2321 905 or-

828 943 978 1006 dine
1023 943 1394 1026 angelorum
1438 944 1568 1006 sint
1614 943 1831 1026 primi,
1873 949 1938 1004 et
1986 941 2206 1014 medii,
2246 960 2320 1003 ac

827 1039 1063 1115 ultimi,
1114 1039 1446 1123 probabile
1491 1047 1590 1104 est
1637 1039 1999 1121 superiores
2055 1037 2320 1120 spiritus

826 1138 893 1200 in
924 1138 1146 1201 ordine
1188 1138 1666 1221 Principatuum
1710 1137 2062 1218 majoribus
2106 1136 2319 1217 regnis

823 1244 1015 1318 atque
1046 1236 1335 1318 imperiis
1376 1235 1740 1318 praesidere,
1774 1242 1837 1297 et
1882 1234 2162 1296 minores
2205 1233 2320 1295 mi-

820 1333 1105 1397 noribus.
1160 1333 1585 1397 conformiter
1632 1333 1711 1396 de
1755 1331 2167 1412 Archangelis
2225 1350 2320 1393 re-

820 1438 1041 1515 spectu
1094 1432 1498 1515 praelatorum
1556 1449 1631 1494 ac
1691 1430 2082 1513 principum,
2132 1438 2199 1492 et
2241 1429 2319 1492 de

818 1530 1078 1612 Angelis
1109 1537 1404 1612 respectu
1436 1530 1796 1602 hominum,
1816 1529 1919 1611 pie
1951 1535 2160 1611 potest
2187 1546 2320 1591 cre-

819 1628 905 1690 di.
938 1627 1051 1692 Vel
1102 1627 1338 1702 forsan,
1403 1628 1605 1708 magis
1661 1626 1881 1690 electis
1940 1625 2314 1690 hominibus

820 1733 1105 1809 praesunt
1168 1725 1377 1807 angeli
1436 1725 1909 1789 eminentiores.
1971 1725 2316 1796 Postrem0,

2429 744 2672 825 angelis
2700 745 3020 808 universis
3049 765 3180 810 suae
3210 745 3497 808 elationis
3527 751 3954 826 conceptum,

2430 848 2494 902 et
2522 842 2615 904 eis
2645 844 3028 925 persuadere
3067 849 3330 906 conatus
3371 851 3470 906 est
3507 850 3580 905 ut
3617 841 3744 906 sibi
3787 858 3956 904 con-

2431 939 2774 1020 sentirent3
2808 941 2930 1024 ipsi
2971 959 3227 1024 quoque
3271 942 3350 1003 de
3393 940 3514 1004 hoc
3544 938 3960 1004 deliberave-

2429 1045 2600 1114 runt,
2642 1047 2708 1101 et
2747 1039 3008 1122 quidam
3051 1057 3275 1102 eorum
3319 1038 3709 1122 impiissimo
3750 1037 3960 1100 dede-

2431 1143 2580 1197 runt
2628 1155 3033 1211 consensum,
3077 1137 3187 1199 alii
3227 1143 3599 1201 renuerunt.
3643 1134 3952 1218 Denique

2429 1233 2508 1296 de
2551 1234 2675 1297 isto
2713 1235 2979 1317 quaesito
3027 1235 3212 1298 aliter
3258 1235 3498 1299 habent
3543 1234 3951 1317 respondere

2429 1332 2715 1396 dicentes
2744 1333 3002 1415 angelos
3031 1333 3232 1396 fuisse
3270 1341 3516 1396 creatos
3560 1332 3627 1395 in
3671 1329 3953 1394 caritate

2429 1436 2494 1492 et
2533 1431 2754 1512 gratia,
2787 1439 2852 1494 et
2895 1431 2959 1493 hi
3005 1431 3116 1514 qui
3160 1437 3383 1494 tenent
3424 1429 3822 1513 oppositum,
3865 1435 3953 1489 ut

2431 1529 2689 1610 patebit.
2722 1529 2936 1612 Aliqui
2981 1529 3240 1592 demum
3280 1528 3732 1609 imaginantur,
3764 1527 3953 1589 inter

2430 1627 2818 1690 creationem
2866 1628 3239 1710 angelorum
3297 1634 3363 1690 et
3411 1627 3662 1710 lapsum
3715 1625 3950 1706 plures

2435 1725 2714 1788 morulas
2757 1726 3082 1800 incidisse,
3117 1725 3184 1788 in
3227 1724 3464 1808 quibus
3501 1723 3818 1807 paulatim
3855 1723 3950 1786 ad

822 1843 1024 1907 quum
1065 1823 1331 1886 iniimus
1375 1824 1530 1887 ordo
1575 1823 1902 1903 angelicus
1951 1822 2320 1885 immediate
2358 1821 2405 1884 B
2431 1824 2722 1904 graviora
2764 1824 3040 1908 prolapsi
3087 1831 3236 1887 sunt
3277 1823 3569 1898 crimina,
3622 1829 3696 1885 ut
3741 1821 3948 1904 paulo

822 1924 1268 2005 superpositus
1336 1921 1421 1985 sit
1486 1922 1879 1996 hominibus„
1938 1921 2148 2002 angeli
2215 1920 2320 1983 isti

821 2021 1023 2084 sancti
1056 2020 1167 2103 qui
1197 2020 1465 2102 singulis
1496 2028 1780 2102 praesunt
1816 2019 2211 2093 hominibuS,
2243 2019 2324 2082 de

826 2117 1057 2181 infimo
1086 2118 1309 2182 ordine
1355 2118 1774 2201 perhibentur
1808 2135 1822 2180 :
1856 2135 2016 2200 quos
2043 2125 2110 2181 et
2137 2117 2322 2180 valde

824 2215 1149 2278 ferventer
1206 2215 1495 2296 diligere,
1554 2216 1850 2279 invocare
1909 2224 1972 2278 et
2028 2216 2322 2279 venerari

824 2312 1133 2375 debemus
1183 2320 1246 2376 et
1285 2313 1611 2395 regratiari
1652 2314 1917 2388 eisdem,
1959 2313 2323 2396 specialiter

825 2410 1019 2473 etiam
1068 2411 1513 2494 unusquisque
1552 2411 1851 2492 angelum
1896 2411 2021 2475 sibi
2064 2429 2321 2475 conces-

824 2527 989 2571 sum.
1024 2509 1225 2572 Habet
1254 2509 1408 2571 item
1438 2509 1712 2590 quilibet
1740 2508 2039 2590 angelum
2080 2509 2320 2571 malum

823 2606 947 2668 sibi
1012 2607 1077 2668 in
1136 2607 1514 2670 exercitium
1572 2606 1815 2680 datum,
1866 2615 1937 2668 ut
1982 2607 2320 2670 victoriose

824 2703 920 2766 illi
954 2705 1348 2780 reluctandO,
1382 2704 1724 2785 gloriosius
1756 2712 2113 2769 coronetur.

1136 2976 1657 3042 PROPOSITIO
1702 2977 2013 3040 LXXIII.

906 3195 1129 3260 Inter
1178 3195 1645 3274 angelorum
1702 3195 2187 3262 creationem
2243 3198 2326 3262 et

827 3292 1141 3373 lapsum
1160 3292 1431 3373 aliqua
1450 3293 1767 3359 exstitit
1793 3307 2041 3374 mora,
2062 3308 2322 3373 quam·

826 3391 958 3456 v1s
996 3389 1268 3456 brevis
1309 3391 1392 3457 et
1431 3389 1767 3457 modica.

533 3503 680 3618 0²⁶2ss
694 3504 799 3611 (¹1¹ss⁶ss
906 3487 1082 3561 Quod
1112 3494 1229 3560 est,
1263 3488 1412 3570 quia
1440 3488 1541 3570 (ut
1578 3489 1669 3550 ait
1709 3488 2003 3568 Magister
2034 3487 2200 3550 libro
2229 3507 2324 3550 se-

828 3586 1060 3659 cund0,
1110 3592 1175 3648 et
1222 3593 1752 3649 commentatores
1801 3585 2070 3666 ibidem)
2114 3585 2325 3666 angeli

830 3702 955 3745 non
1001 3691 1151 3745 sunt
1194 3683 1345 3746 mali
1391 3684 1586 3746 creati
1632 3702 1839 3765 neque
1884 3681 2071 3756 beati,
2116 3702 2325 3765 neque

827 3781 894 3844 in
927 3782 1137 3864 primo
1166 3800 1295 3845 suae
1324 3781 1661 3844 creationis
1694 3780 1952 3844 instanti
1987 3788 2328 3862 potuerunt

827 3897 1114 3962 peccare,
1155 3886 1227 3941 ut
1265 3879 1695 3942 communiter
1733 3879 1953 3941 fertur.
1988 3879 2326 3961 Quumque

825 3987 971 4061 post
1038 3997 1219 4041 suam
1288 3977 1677 4041 creationem
1746 3977 2036 4059 protinus
2108 3996 2177 4040 se
2245 3977 2324 4039 ad

824 4079 1027 4140 Deum
1059 4077 1512 4150 converterint,
1538 4077 1640 4140 vel
1668 4076 1748 4139 ab
1782 4077 1924 4160 ipso
1952 4077 2321 4150 averterint,

2433 1929 2576 2002 post
2618 1923 2931 1985 reserabo.

2738 2187 3261 2256 PROPOSITIO
3308 2191 3616 2256 LXXIV.

2509 2407 2637 2472 An
2699 2408 2966 2487 ang-en
3021 2411 3108 2476 1n
3164 2411 3362 2478 sons
3425 2410 3944 2478 naturanbus

2431 2503 2732 2571 fuerint
2759 2507 3088 2590 cond1t1,
3112 2522 3214 2575 an
3241 2508 3514 2590 potius
3542 2510 3630 2575 in
3657 2524 3942 2590 super-

2429 2604 2933 2671 naturalibus
2971 2608 3256 2684 grat1ae
3312 2609 3546 2676 donis
3601 2610 3683 2674 et
3730 2609 3940 2675 cari-

2429 2703 2619 2781 tate,
2672 2701 2995 2770 difflcile
3048 2705 3284 2773 valde
3341 2707 3466 2773 est
3515 2706 3940 2773 certitudi-

2429 2799 2726 2865 naliter
2767 2803 2974 2868 scire
3017 2817 3109 2869 ac
3151 2803 3507 2871 defimre.

2512 2896 2687 2970 Quod
2718 2906 2835 2974 est,
2854 2899 3006 2980 quia
3036 2899 3173 2964 haec
3203 2901 3473 2983 quaestio
3503 2909 3601 2964 est
3628 2902 3706 2965 de
3735 2900 3932 2977 iacto,

2358 2999 2403 3063 c
2433 2996 2601 3078 quod
2631 3015 2708 3058 ex
2739 2996 2872 3060 sola
2902 2997 3214 3061 Creatoris
3243 3001 3566 3064 voluntate
3595 3001 3936 3084 dependet,

2431 3113 2551 3157 nec
2581 3114 2659 3157 ex
2700 3095 3048 3177 Scripturis
3091 3097 3418 3160 canonicis
3463 3099 3542 3162 de
3585 3100 3705 3162 hoc
3745 3097 3940 3162 habe-

2432 3200 2537 3254 tur
2595 3201 2768 3256 certa
2829 3193 3119 3256 doctrina
3175 3202 3286 3257 aut
3350 3195 3519 3258 clara
3575 3197 3930 3279 responsio.

2433 3290 2592 3352 Hinc
2632 3309 2826 3371 super
2868 3290 2987 3354 hoc
3030 3291 3266 3354 diversi
3309 3301 3460 3355 sunt
3501 3293 3936 3357 diversimode

2433 3387 2697 3469 opinati,
2721 3388 3106 3471 quibusdam
3141 3389 3517 3453 Sanctorum
3546 3392 3936 3454 auctoritati·

2435 3485 2556 3548 bus
2596 3486 2960 3549 innitentes.
2996 3486 3072 3548 Et
3109 3488 3370 3570 quidam
3409 3488 3728 3562 dixerunt,
3761 3491 3933 3572 quod

2436 3584 2502 3646 in
2542 3584 2743 3666 gratia
2787 3592 3038 3665 gratum
3080 3585 3354 3649 faciente
3401 3587 3596 3650 creati
3645 3587 3794 3662 sint,
3839 3589 3933 3650 di-

2435 3691 2618 3745 cente
2689 3701 2881 3767 super
2947 3684 3243 3748 Genesim
3313 3687 3690 3768 Augustino,
3762 3689 3934 3770 quod

2432 3783 2600 3845 Deus
2644 3780 2768 3844 fuit
2817 3782 2881 3844 in
2919 3783 3163 3864 angelis
3202 3784 3396 3846 simul
3435 3786 3715 3848 condens
3757 3794 3936 3849 natu·

2433 3898 2568 3941 ram
2599 3898 2673 3942 ac
2713 3879 2988 3962 largiens
3025 3882 3314 3963 gratiam.
3342 3883 3631 3966 Itemque
3656 3883 3932 3947 :Bonam

2433 3977 2826 4041 voluntatem
2866 3979 3010 4061 quis
3051 3978 3206 4042 fecit
3247 3980 3313 4042 in
3357 3980 3624 4062 angeliS,
3657 3981 3782 4045 nisi
3820 3983 3934 4064 qui

2435 4092 2543 4137 eos
2586 4074 2741 4137 fecit
2783 4094 2931 4138 cum
2975 4095 3090 4138 sua
3133 4075 3300 4138 bona
3341 4076 3691 4152 voluntate,
3737 4079 3800 4142 id
3837 4087 3938 4142 est

824 4176 1005 4258 sequi
1038 4175 1293 4238 videtur
1330 4175 1498 4257 quod
1543 4175 1911 4257 permodica
1955 4175 2150 4238 fuerit
2194 4192 2324 4238 mo·
2357 4169 2406 4230 D
2437 4181 2608 4236 casto
2635 4173 3032 4237 amoreiAlii
3062 4181 3283 4237 tenent
3310 4175 3701 4257 oppositum,
3733 4193 3934 4256 quum

823 4274 964 4336 rula
1012 4274 1178 4335 inter
1228 4291 1449 4336 eorum
1499 4274 1885 4336 creationem
1936 4281 2001 4336 et
2049 4273 2320 4354 lapsum.

822 4373 1061 4436 Verum
1112 4371 1280 4433 circa
1327 4371 1498 4433 hunc
1542 4377 1854 4454 punctum
1896 4379 2046 4434 sunt
2083 4371 2328 4452 opinio-

821 4488 937 4533 nes
967 4468 1381 4551 quamplures
1425 4488 1498 4531 ac
1540 4468 1748 4532 variae.
1783 4469 1910 4531 Nec
1952 4476 2049 4531 est
2096 4468 2161 4531 in
2209 4469 2326 4531 hac

822 4587 891 4631 re
930 4567 1195 4630 evidens
1246 4567 1583 4639 certitudo,
1625 4584 1826 4648 quum
1873 4567 2072 4649 aliqui
2112 4567 2328 4629 dicant

822 4666 967 4730 illos
998 4665 1291 4749 protinus
1323 4672 1462 4746 post
1495 4664 1778 4747 primum
1822 4664 2062 4728 instans
2103 4665 2325 4727 creati-

822 4765 964 4828 onis
1008 4781 1329 4847 peccasse,
1370 4769 1434 4825 et
1473 4762 1809 4825 confestim
1856 4762 2186 4836 cecidisse,
2239 4762 2327 4824 ita

822 4863 994 4947 quod
1025 4863 1262 4945 duplex
1294 4862 1416 4924 ruit
1445 4861 1509 4924 in
1544 4861 1673 4924 illis
1714 4862 1900 4924 ruina
1933 4879 1947 4924 :
1982 4861 2213 4943 prima,
2246 4860 2325 4923 ab

823 4961 1191 5026 innocentia
1220 4979 1333 5024 seu
1363 4960 1565 5042 gratia
1595 4960 1660 5023 in
1693 4967 2026 5041 peccatum
2052 4977 2067 5038 ;
2100 4977 2325 5021 secun-

822 5063 924 5134 da,
948 5061 1131 5144 quasi
1165 5059 1406 5133 localiS,
1428 5079 1465 5122 a
1486 5059 1649 5123 coelo
1680 5059 1745 5121 in
1777 5078 1987 5122 aerem
2023 5057 2326 5139 caligino-

824 5176 988 5220 sum.
1032 5157 1156 5219 Alii
1206 5157 1572 5239 opinantur,
1624 5158 1793 5237 quod
1843 5157 1921 5220 ad
1966 5155 2327 5238 aliquantu-

826 5255 954 5318 lam
984 5255 1386 5318 durationem
1412 5262 1477 5317 et
1500 5272 1745 5318 moram
1770 5254 2027 5318 fuerunt
2049 5255 2115 5316 in
2142 5254 2326 5328 coe10,

2436 4271 2605 4334 idem
2638 4272 2848 4336 denuo
2878 4272 3086 4336 fassus
3117 4273 3200 4335 sit
3227 4273 3622 4355 Augustinus
3655 4291 3670 4336 ε
3703 4273 3940 4336 Natura

2437 4368 2726 4450 angelica
2770 4369 2980 4452 primo
3024 4370 3387 4434 informiter
3427 4379 3526 4434 est
3566 4379 3794 4434 creata.

2519 4469 2708 4532 Porro
2737 4468 3024 4531 dieentes
3053 4469 3224 4552 quod
3255 4469 3323 4531 in
3353 4470 3618 4533 caritate
3645 4479 3712 4534 et
3735 4471 3938 4553 grat-ia

2439 4565 2568 4628 sint
2634 4566 2951 4649 producti,
3020 4567 3384 4630 concedunt
3446 4569 3619 4651 quod
3690 4569 3938 4652 primus

2437 4671 2616 4726 actus
2661 4683 2883 4728 eorum
2933 4664 3300 4728 meritorius
3347 4664 3473 4728 fuit
3521 4665 3667 4730 vitae
3714 4666 3936 4738 beatae,

2439 4770 2592 4844 puta
2620 4781 2699 4825 ex
2740 4762 3000 4826 caritate
3041 4763 3395 4845 procedens
3439 4772 3505 4827 et
3544 4765 3763 4846 gratia.
3797 4766 3942 4839 Qui·

2439 4859 2559 4923 bus
2590 4861 2896 4942 objicitur
2929 4879 2942 4924 :
2976 4861 3129 4943 quia
3156 4861 3249 4924 sic
3279 4861 3498 4924 nullus
3537 4880 3756 4926 eorum
3797 4881 3943 4946 pec·

2441 4967 2667 5034 casset,
2725 4965 2789 5022 et
2843 4976 3066 5022 omnes
3125 4959 3416 5042 protinus
3475 4959 3938 5025 beatitudinem

2437 5056 2838 5139 accepissent
2884 5075 3001 5140 pro
3048 5057 3334 5139 praemi0‚
3387 5061 3742 5140 praesertim
3791 5061 3946 5142 quia

2437 5157 2537 5236 (ut
2566 5156 2755 5218 etiam
2787 5155 2891 5218 isti
2922 5156 3229 5236 fatentur)
3247 5156 3456 5237 angeli
3487 5155 3946 5222 beatitudinem

2442 5261 2593 5317 sunt
2621 5253 2826 5317 sortiti
2856 5253 3226 5321 immediate
3265 5263 3408 5337 post
3450 5256 3726 5338 primam
3755 5277 3942 5322 suam
