4300 6259
955 515 1032 560 DE
1073 514 1300 561 mltum
1343 513 1728 560 cnmsTIANAE
1769 511 2072 568 Tannum,
2117 511 2293 559 uultu
2336 514 2375 559 1.
2422 533 2501 542 —
2542 516 2680 561 ΛΒΤ.
2726 517 2865 562 xmv

331 684 560 764 quoad
630 683 1048 746 substantiale
1111 701 1274 756 esse,
1345 682 1713 745 immediate
1787 680 1850 742 in
1881 679 1932 742 A

329 781 564 861 ipsum
613 782 944 860 converti3
991 799 1264 864 quorum
1313 799 1466 844 vero
1509 799 1708 843 unum
1757 786 1855 842 est

327 877 610 941 alterius
645 880 1170 954 illuminativum,
1203 888 1266 942 et
1304 881 1510 961 quoad
1543 879 1852 941 secundas

329 977 780 1058 perfectiones
830 979 1252 1052 causativum,
1307 979 1370 1040 id
1429 978 1600 1060 quod
1659 976 1850 1058 perfi-

327 1077 530 1148 citur,
567 1078 650 1138 ad
686 1076 1030 1158 perficiens
1063 1077 1457 1139 convertitur
1495 1075 1850 1138 secundum

327 1175 510 1255 quod
554 1175 642 1237 ab
693 1176 832 1257 ipso
881 1175 1216 1256 dependet.
1261 1175 1389 1236 Hoc
1439 1193 1672 1255 nempe
1725 1190 1852 1234 mo-

325 1273 412 1334 do
444 1275 818 1336 secundum
855 1281 1180 1336 auctorem
1223 1273 1370 1335 libri
1411 1273 1758 1336 Causarum
1789 1279 1852 1334 et

325 1373 796 1453 Areopagitam
841 1372 1232 1454 Dionysium,
1277 1369 1714 1451 intelligentiae
1750 1369 1850 1431 in·

326 1468 616 1532 feriores
647 1471 728 1532 ad
758 1471 1118 1553 superiores
1149 1477 1628 1542 convertuntur,
1661 1476 1731 1530 ut
1771 1467 1851 1530 ab

326 1568 424 1629 eis
475 1567 922 1630 intellectuale
969 1567 1188 1630 lumen
1227 1567 1292 1628 in
1344 1567 1499 1648 ipsis
1539 1566 1850 1630 conforte-

327 1673 438 1728 tur
477 1674 550 1728 et
593 1667 878 1748 amplius
922 1674 1228 1748 purgetur
1263 1683 1277 1727 :
1309 1665 1849 1748 quemadmodum

327 1765 396 1826 in
439 1782 804 1846 corporum
843 1763 1176 1826 ordinibus
1226 1764 1546 1826 mundana
1589 1781 1852 1846 corpora

3338 501 3459 566 285

2324 731 2813 798 ARTICULUS
2858 733 3099 798 XLIV.

1961 892 2056 950 De
2090 893 2225 965 fine
2263 892 2617 950 creationis
2658 894 2896 951 mundi
2924 895 3052 952 :in
3091 913 3216 972 quo
3254 903 3457 955 osten-

2041 981 2235 1037 ditur
2292 983 2833 1058 quemadmodum
2890 982 3181 1058 ejusdem
3230 988 3461 1060 plures
3556 1025 3564 1032 -

2039 1071 2199 1143 fines
2222 1077 2583 1142 ponantur,
2602 1089 2799 1148 quum
2824 1071 2909 1130 sit
2930 1081 3147 1131 tamen
3166 1074 3458 1132 omnium

2043 1176 2217 1216 unus
2244 1157 2765 1231 simplicissimus
2790 1161 2971 1236 simia,
2994 1162 3113 1239 qui
3139 1169 3229 1220 est
3260 1165 3455 1222 Deus.

2109 1370 2401 1433 UONIAM
2444 1389 2595 1434 vero
2638 1391 2851 1435 rerum
2895 1381 3245 1438 creatarum
3290 1395 3459 1438 sum-

2138 1488 2315 1531 mum
2365 1469 2605 1532 bonum
2655 1476 2753 1532 est
2800 1479 2869 1533 ut
2914 1491 3310 1556 unaquaeque
3368 1493 3461 1536 se-

1963 1567 2247 1628 cundum
2296 1567 2727 1630 conditionem
2780 1570 3051 1652 propriae
3100 1579 3339 1635 naturae
3396 1581 3461 1636 et

1963 1665 2202 1746 speciei
2270 1665 2487 1728 divino
2548 1685 2687 1728 esse
2744 1667 3153 1742 assimiletur,
3214 1679 3461 1732 constat

1963 1762 2133 1844 quod
2194 1762 2347 1824 finis
2406 1764 2843 1844 productionis
2910 1767 3193 1830 universi
3253 1768 3334 1830 sit
3390 1776 3461 1831 ut

325 1864 408 1924 ad
449 1863 728 1926 coeleste
771 1880 1001 1945 corpus
1041 1868 1518 1925 convertuntur.
1561 1862 1718 1925 Nam
1759 1880 1850 1924 se·
1879 1861 1926 1924 B
1967 1859 2028 1921 in
2073 1860 2333 1922 entibus
2372 1862 2601 1924 creatis
2645 1863 2877 1926 divinae
2922 1864 3084 1928 lucis
3125 1884 3198 1928 ac
3236 1867 3459 1948 primae

327 1961 636 2024 cundum
681 1961 1106 2041 Augustinum
1152 1969 1216 2022 et
1254 1959 1634 2034 Avicebron‚
1679 1959 1849 2042 quod

330 2061 396 2121 in
431 2058 890 2141 corporalibus
919 2058 1072 2120 facit
1099 2059 1282 2132 situS,
1316 2059 1380 2120 in
1411 2057 1850 2140 spiritualibus

330 2158 554 2221 efficit
601 2159 781 2221 ordo.
815 2157 962 2232 Quae
1000 2165 1214 2220 autem
1253 2176 1290 2218 a
1331 2157 1540 2238 primo
1581 2156 1851 2218 mediate

329 2264 723 2330 causantur,
767 2257 846 2319 ad
897 2255 1003 2318 illa
1053 2255 1264 2338 primo
1313 2261 1774 2318 convertuntur
1817 2273 1854 2316 a

331 2355 584 2438 quibus
623 2357 912 2437 proxime
943 2353 1305 2436 dependent
1337 2369 1352 2414 t
1385 2353 1688 2435 quoniam
1721 2351 1852 2414 illic

331 2455 578 2536 incipit
625 2453 980 2525 conversi0,
1027 2452 1138 2514 ubi
1182 2452 1562 2514 terminatur
1606 2469 1856 2533 proces-

331 2552 451 2615 sio.
505 2553 668 2614 Ideo
713 2551 857 2632 plus
898 2570 934 2613 a
979 2551 1190 2632 primo
1231 2550 1552 2622 distantia,
1600 2566 1854 2631 compo-

331 2653 528 2714 sitius
572 2659 773 2732 atque
811 2649 1088 2712 debilius
1136 2649 1500 2711 divinorum
1543 2649 1854 2711 donorum

331 2751 726 2832 largitiones
783 2748 1166 2831 suscipiunt,
1215 2747 1574 2810 secundum
1619 2746 1856 2810 Aristo-

331 2851 558 2912 telem.
587 2847 937 2910 Enimvero
965 2847 1256 2929 quaedam
1277 2841 1616 2908 'dumtaxat
1642 2863 1854 2908 essen-

334 2947 594 3010 tialiter
649 2945 929 3026 primum
979 2950 1292 3026 appetunt
1341 2961 1353 3005 :
1397 2951 1470 3004 ut
1517 2942 1852 3015 naturalia,

1964 1958 2267 2021 bonitatis
2314 1969 2615 2042 appareat
2652 1961 3003 2024 relucentia
3044 1981 3057 2024 :
3100 1964 3233 2027 haec
3282 1966 3455 2028 enim

1965 2055 2134 2118 idem
2194 2065 2361 2120 sunt.
2416 2058 2591 2121 Unde
2648 2058 2821 2122 Plato
2880 2060 2945 2122 in
3004 2061 3238 2126 Timaeo
3291 2064 3378 2125 ait
3441 2080 3455 2126 :

1965 2156 2318 2218 Dicendum
2350 2175 2500 2238 ergo
2531 2175 2646 2219 cur
2674 2159 2963 2221 conditor
2992 2159 3462 2245 fabricatorque

1965 2255 2251 2316 universi
2296 2274 2486 2318 omne
2526 2255 2647 2319 hoc
2698 2257 3159 2321 instituendum
3210 2269 3467 2342 putave-

1965 2352 2066 2414 rit,
2125 2351 2419 2434 Optimus
2465 2362 2600 2416 erat
2648 2371 2661 2414 :
2711 2353 2792 2416 ab
2840 2356 3087 2438 optimo
3135 2375 3323 2439 porro
3372 2359 3465 2422 in-

1965 2450 2136 2512 vidia
2168 2451 2351 2532 longe
2385 2451 2657 2532 relegata
2694 2459 2807 2514 est.
2835 2453 2911 2515 Et
2942 2461 3103 2535 post,
3130 2457 3467 2520 mundanae

1965 2548 2312 2611 molitionis
2354 2548 2553 2612 finem
2587 2551 2951 2632 propalanS,
2984 2553 3161 2615 addit
3190 2571 3205 2616 ε
3240 2555 3457 2637 ltaque

1965 2655 2429 2728 consequenter
2496 2648 2595 2710 sui
2662 2649 2899 2711 similia
2966 2659 3215 2726 cuncta,
3278 2661 3467 2735 prout

1965 2744 2280 2826 cujusque
2331 2752 2555 2807 natura
2604 2764 2801 2827 capax
2850 2747 3265 2812 beatitudinis
3322 2769 3461 2814 esse

1966 2841 2195 2924 potuit,
2254 2841 2431 2904 effici
2492 2843 2712 2905 voluit.
2764 2844 3075 2928 Denique,
3136 2847 3305 2911 idem
3368 2859 3465 2912 est

1965 2939 2117 3002 finis
2158 2941 2250 3002 rei
2294 2949 2359 3002 et
2395 2942 2869 3006 constitutionis
2909 2945 3049 3025 ejus
3086 2963 3099 3009 ε
3134 2947 3253 3010 hoc
3292 2967 3465 3012 nam-

329 3065 479 3127 quae
543 3063 634 3106 ex
693 3041 1116 3124 impressione
1173 3039 1556 3103 universalis
1614 3048 1854 3102 naturae
1891 3041 2090 3120 une
2149 3046 2248 3100 est
2294 3039 2459 3102 entis
2518 3041 2710 3103 creati
2760 3041 2936 3117 finis,
2991 3053 3249 3128 propter
3295 3048 3463 3129 quod

329 3151 398 3207 et
453 3141 890 3224 gubernantis
941 3139 1402 3220 intelligentiae,
1457 3139 1520 3200 in
1571 3137 1852 3220 primum

331 3243 592 3305 bonum
663 3240 953 3312 tendunt,
1018 3237 1560 3321 quemadmodum
1631 3237 1854 3317 sagitta

332 3360 414 3403 ex
458 3337 828 3402 directione
865 3337 1220 3417 sagittantis
1261 3336 1327 3398 in
1367 3335 1623 3417 signum
1665 3343 1849 3398 meat.

330 3435 790 3501 intellectuale
847 3435 1084 3497 etenim
1152 3452 1366 3514 agens,
1429 3442 1720 3496 naturam
1789 3435 1852 3496 in

333 3537 549 3600 finem
615 3534 720 3597 sui
777 3533 988 3616 operis
1047 3533 1510 3613 contemplanS,
1570 3533 1856 3594 naturale

333 3635 462 3696 sibi
510 3633 914 3696 desiderium
961 3631 1204 3713 proprii
1249 3629 1404 3692 finis
1445 3637 1509 3692 et
1551 3631 1702 3693 boni
1743 3631 1856 3692 im-

335 3733 572 3818 primit
609 3749 625 3792 :
662 3737 728 3792 et
767 3730 858 3792 sic
897 3749 972 3792 ea
1019 3749 1160 3812 quae
1204 3729 1564 3810 cognitione
1613 3737 1851 3804 carent,

334 3832 492 3895 boni
565 3829 926 3912 appetitiva
993 3835 1162 3890 sunt.
1230 3828 1490 3900 RursuS,
1565 3829 1853 3910 quaedam

333 3930 634 3993 vitaliter
695 3927 976 4009 primum
1033 3935 1368 4009 appetunt,
1428 3946 1569 4008 quae
1633 3926 1854 3988 videli-

335 4037 438 4092 cet
489 4029 704 4091 vitam
764 4025 1149 4106 participant
1199 4042 1212 4086 :
1269 4023 1508 4105 quibus
1570 4025 1852 4106 primum

335 4128 574 4189 vivens
611 4123 907 4206 providet
949 4123 1027 4185 de
1073 4123 1172 4184 his
1216 4141 1358 4204 quae
1401 4123 1598 4184 vitam
1645 4122 1708 4184 in
1759 4123 1852 4205 ip-

1966 3136 2183 3219 opifex
2227 3137 2388 3200 Deus
2432 3138 2643 3220 ipsum
2684 3140 2922 3204 effecit.
2959 3144 3037 3205 At
3076 3161 3225 3206 vero
3264 3165 3465 3228 quum

1967 3237 2049 3298 sit
2091 3236 2257 3298 Deus
2304 3255 2485 3300 mens
2528 3239 2715 3320 cujus
2778 3241 3139 3305 intellectus
3183 3251 3247 3304 et
3288 3244 3465 3307 visus

1965 3352 2038 3395 ac
2069 3335 2547 3416 contemplatiO,
2562 3337 2743 3417 juxta
2772 3339 3116 3414 Platonem,
3154 3341 3217 3404 in
3248 3361 3463 3406 rerum

1966 3430 2367 3492 emanatione
2422 3431 2503 3494 ad
2562 3435 2931 3496 earumdem
2988 3437 3307 3517 optimum
3356 3439 3465 3501 bo-

1967 3547 2123 3590 num
2165 3530 2569 3610 speculatur3
2602 3551 2930 3614 quumque
2977 3535 3179 3616 ipsius
3218 3536 3465 3600 bonitas

1969 3627 2052 3690 sit
2081 3627 2222 3690 fons
2253 3629 2463 3690 omnis
2502 3630 2913 3710 perfectionis
2949 3652 2962 3695 :
2998 3635 3134 3716 ipse
3170 3644 3266 3698 est
3307 3636 3467 3700 ratio

1969 3727 2164 3788 totius
2222 3727 2813 3792 desiderabilitatiS.
2841 3737 2905 3792 et
2951 3733 3241 3795 omnium
3290 3734 3462 3796 finis,

1967 3825 2418 3908 Nequeenim
2477 3833 2573 3888 est
2630 3826 2873 3909 aliquid
2933 3829 3354 3895 desiderabile
3404 3841 3467 3896 et

1969 3923 2120 3984 finis
2160 3943 2273 3985 seu
2314 3923 2578 3998 bonum,
2613 3924 2735 3986 nisi
2778 3934 2845 3986 ut
2886 3927 3261 4010 participata
3299 3950 3465 4013 quae-

1967 4021 2111 4083 dam
2172 4021 2483 4084 exsistens
2543 4023 2767 4103 primae
2824 4022 3245 4088 bonitatis·et
3313 4028 3463 4092 finis

1967 4119 2159 4200 primi
2193 4119 2567 4194 similitudo,
2600 4127 2791 4201 atque
2825 4122 2901 4183 ad
2941 4123 3219 4204 primum
3262 4125 3461 4190 finem

337 4227 430 4288 sis
489 4229 906 4294 conservent,
963 4227 1074 4283 aut
1123 4221 1188 4283 in
1235 4221 1470 4303 specie,
1517 4229 1628 4282 aut
1681 4229 1852 4284 certe
1885 4226 1934 4288 D
1967 4217 2343 4296 perducens.
2396 4218 2669 4301 Ideoque
2718 4221 2959 4302 utique,
3004 4225 3295 4304 quamvis
3342 4228 3466 4309 pri-

339 4326 406 4388 in
455 4321 825 4404 supposito.
869 4319 1090 4382 Cetera
1139 4337 1290 4382 vero
1338 4318 1854 4382 intellectualiter

338 4432 404 4485 et
465 4419 800 4500 cognitive
844 4425 1033 4500 atque
1090 4416 1388 4479 dilective
1445 4418 1510 4479 in
1564 4418 1846 4499 primum

337 4524 822 4584 convertuntur
886 4533 903 4576 ι
967 4534 1108 4598 quae
1158 4515 1458 4578 videlicet
1505 4515 1706 4578 divini
1759 4516 1852 4578 lu-

339 4619 552 4682 minis
597 4615 810 4698 primo
867 4622 931 4676 et
990 4613 1418 4693 intelligenter
1475 4620 1626 4675 sunt
1668 4633 1849 4696 capa-

335 4719 492 4780 cia:
539 4715 681 4776 haec
723 4712 897 4776 enim
953 4711 1322 4773 immediate
1369 4731 1406 4773 a
1455 4712 1666 4794 primo
1710 4713 1854 4775 illu-

335 4822 655 4878 strantur.

417 4915 614 4978 Nunc
661 4911 855 4992 igitur
901 4909 1310 4991 explanatum
1354 4917 1472 4983 est,
1515 4911 1684 4992 quod
1729 4913 1854 4993 pri-

339 5033 528 5076 mum
571 5011 660 5073 sit
685 5009 976 5072 omnium
1007 5007 1160 5070 finis
1189 5015 1252 5070 et
1283 5008 1441 5070 ratio
1469 5009 1663 5071 totius
1693 5010 1854 5072 desi·

339 5108 798 5180 derabilitatis‚
817 5113 882 5168 et
909 5106 1448 5189 quemadmodum
1479 5107 1854 5170 differenter

339 5211 526 5273 entia
573 5213 789 5270 creata
813 5205 1140 5286 ‘appetant
1185 5212 1248 5268 et
1295 5206 1559 5268 tendant
1607 5206 1670 5268 in
1719 5225 1854 5269 om-

337 5309 536 5372 nium
577 5304 918 5368 fontanum
962 5301 1222 5365 bonum.

1966 4333 2146 4376 mum
2194 4333 2385 4394 agens
2440 4316 2737 4379 universa
2794 4319 3149 4382 condiderit
3206 4333 3465 4406 propter

1963 4412 2472 4496 uniuscujusque
2517 4416 2847 4497 proprium
2892 4416 3093 4482 finem
3138 4440 3210 4483 ac
3256 4425 3464 4504 proxi—

1965 4530 2167 4584 mum,
2202 4520 2415 4574 tamen
2458 4521 2717 4594 propter
2755 4534 2935 4578 suam
2979 4516 3325 4583 bonitatem
3369 4523 3463 4584 ul·

1963 4609 2183 4672 timate
2241 4612 2457 4672 omnia
2515 4613 2753 4674 creavit
2805 4631 2819 4675 ε
2870 4616 3173 4697 quoniam
3222 4619 3464 4685 nullius

1963 4717 2204 4772 naturae
2245 4710 2543 4791 proprius
2582 4710 2734 4772 finis
2772 4713 3140 4794 appetibilis
3180 4725 3296 4790 est,
3338 4719 3462 4782 nisi

1965 4807 2030 4868 in
2083 4814 2393 4888 quantum
2447 4809 2653 4889 prima
2704 4809 2952 4872 bonitas
3009 4820 3105 4874 est
3154 4815 3294 4895 ejus
3354 4815 3461 4880 bo—

1965 4925 2142 4968 num.
2196 4906 2477 4968 Primum
2536 4908 2707 4969 enim
2760 4917 2856 4970 est
2903 4910 3076 4972 omni
3139 4911 3305 4976 bono
3356 4914 3461 4978 bo-

1966 5024 2144 5079 num,
2180 5023 2297 5068 nec
2338 5013 2503 5068 esset
2548 5024 2647 5067 res
2692 5006 2814 5068 sibi
2857 5007 2978 5088 ipsi
3017 5009 3313 5074 amabilis
3350 5023 3459 5076 aut

1965 5107 2130 5169 bona
2174 5103 2312 5166 sine
2357 5103 2514 5185 ipso,

2045 5204 2227 5267 Nunc
2277 5203 2488 5283 itaque
2532 5201 2857 5275 elucescit,
2902 5206 3221 5284 quomodo
3266 5211 3455 5276 unius

1966 5309 2235 5387 possunt
2277 5320 2415 5364 esse
2458 5299 2675 5384 plures
2718 5301 2885 5362 fines
2929 5318 2943 5363 :
2988 5302 3155 5366 sicut
3196 5306 3452 5389 dicitur,
