4300 6259
833 494 914 559 66
1382 512 1805 559 anmi-tuno
1845 508 2305 558 Pultosopmca.
2352 526 2433 537 ··-
2474 508 2551 553 m:
2592 508 2959 556 conpomws
3002 507 3390 555 coemsrmus

2362 680 2415 743 A
2445 680 2658 742 minus
2696 680 2987 761 quaedam
3034 688 3265 753 creata,
3315 680 3379 742 in
3429 684 3741 761 quantum
3792 683 3944 739 sunt

2446 780 2583 842 sine
2627 777 3071 842 contrarietate
3116 798 3190 841 ac
3238 778 3617 862 privatione,
3660 776 3945 839 incorru-

2446 877 2701 959 ptibilia
2737 886 3109 941 asseruntur
3152 897 3229 959 ex
3269 896 3382 940 sua
3422 884 3665 939 natura.
3708 875 3945 949 Quum-

1225 687 1746 755 PROPOSITIO
1792 685 1938 751 LII.

917 882 1254 951 Causam
1324 880 2118 962 incorruptibilitatis
2182 893 2335 945 coe-

836 980 1168 1048 lestium
1235 995 1656 1061 corporum
1724 980 2048 1045 videtur
2104 978 2335 1045 Plato

838 1080 1131 1146 melius
1175 1078 1616 1157 assignasse
1665 1092 1901 1159 quam
1947 1077 2118 1143 alii.

919 1178 1095 1251 Quod
1139 1185 1256 1251 est,
1308 1178 1610 1258 quoniam
1661 1194 1850 1240 omne
1891 1176 2189 1256 junctum
2246 1182 2335 1235 at-

840 1295 965 1358 que
1029 1276 1478 1360 compositum,
1529 1273 1904 1338 dissolubile
1963 1292 2102 1336 esse
2163 1272 2335 1335 vide-

839 1382 943 1436 tur
985 1374 1047 1436 in
1087 1392 1160 1436 ea
1199 1393 1276 1438 ex
1316 1374 1549 1456 quibus
1591 1372 2008 1456 componitur,
2041 1379 2111 1432 ut
2148 1370 2337 1433 etiam

837 1472 1064 1535 asserit
1131 1472 1576 1534 Damascenus.
1647 1471 1983 1551 Quumque
2053 1468 2338 1531 coelestia

837 1588 1104 1653 corpora
1133 1570 1486 1652 composita
1515 1569 1664 1643 sint,
1692 1575 1951 1650 possent
1981 1566 2334 1628 secundum

840 1668 1011 1731 hunc
1063 1668 1321 1731 modum
1373 1667 1658 1739 dissolvi,
1705 1664 2060 1748 praesertim
2108 1664 2162 1725 si
2212 1663 2337 1725 ele-

841 1767 1144 1830 mentaris
1176 1786 1315 1830 esse
1346 1774 1586 1829 naturae
1616 1772 1951 1847 ponantur.
1974 1763 2163 1825 Porro
2195 1780 2340 1823 cau-

841 1885 977 1929 sam
1009 1865 1538 1939 indissolutioniS,
1575 1861 2072 1944 incorruptionis
2103 1869 2168 1923 et
2200 1880 2337 1943 per·
2367 1860 2413 1923 B

842 1965 1167 2047 petuitatis
1215 1982 1460 2037 eorum,
1512 1962 1684 2026 Plato
1735 1961 1799 2023 in
1851 1961 2060 2043 primo
2118 1959 2337 2023 Timaei

839 2064 1117 2144 assignat
1149 2062 1540 2126 voluntatem
1575 2060 1908 2132 CreatoriS‚
1933 2078 2126 2141 quem
2160 2058 2340 2120 indu-

841 2162 929 2223 cit
960 2160 1318 2243 loquentem
1348 2161 1426 2223 ad
1456 2158 1964 2240 orbeS‚planetas
1993 2176 2067 2219 ac
2098 2156 2334 2229 stellaS,

842 2278 1001 2341 quos
1033 2276 1208 2322 more
1239 2276 1354 2322 suo
1386 2265 1715 2339 nuncupat
1743 2256 2063 2329 deoS‚imo
2093 2264 2153 2317 et
2186 2256 2336 2316 deos

841 2358 1129 2432 deorum,
1146 2356 1618 2440 comparatione
1647 2354 2021 2417 inferiorum
2045 2355 2335 2431 deorum3

841 2455 1077 2539 quibus
1140 2456 1380 2518 ibidem
1439 2455 1527 2517 ait
1584 2454 1839 2517 Creator
1892 2470 1906 2514 :
1960 2452 2006 2515 Ο
2051 2452 2140 2513 dii
2191 2452 2336 2514 deo-

2448 995 2573 1058 que
2612 976 2819 1059 prima
2860 976 3148 1039 omnium
3196 995 3410 1039 rerum
3456 994 3647 1037 causa
3692 974 3776 1036 sit
3812 991 3946 1035 om-

2448 1075 2743 1157 nipotens
2803 1075 2912 1138 Dei
2979 1075 3294 1149 voluntaS,
3342 1074 3536 1155 idque
3594 1072 3947 1153 unicuique

2448 1180 2751 1235 creaturae
2800 1173 2881 1235 sit
2929 1173 3216 1236 naturale
3264 1172 3434 1255 quod
3483 1171 3594 1234 Dei
3654 1170 3947 1233 voluntas

2448 1272 2572 1335 sibi
2602 1272 2682 1334 ab
2714 1272 2976 1336 exordio
3015 1272 3217 1335 voluit
3248 1280 3311 1334 et
3343 1270 3619 1354 praefixit
3660 1267 3947 1331 naturale

2450 1371 2818 1459 consistere,
2881 1371 3088 1454 palam
3149 1370 3321 1453 quod
3377 1370 3548 1433 Plato
3608 1369 3673 1430 in
3732 1367 3947 1431 verbis

2446 1469 2578 1549 jam
2600 1469 2834 1532 habitis
2869 1470 3139 1552 primam
3170 1488 3243 1531 ac
3278 1468 3697 1552 principalem
3745 1468 3949 1529 incor-

2450 1568 2891 1651 ruptibilitatis
2923 1569 3280 1632 coelestium
3313 1585 3651 1650 corporum
3684 1584 3941 1628 causam

2451 1674 2620 1729 recte
2651 1667 2985 1748 expressit,
3019 1668 3313 1749 quamvis
3354 1674 3413 1729 et
3462 1666 3765 1748 proximae
3798 1683 3941 1726 cau-

2450 1784 2534 1828 sae
2576 1765 3198 1847 incorruptibilitatis
3242 1765 3371 1826 sint
3411 1765 3573 1828 aliae.

2824 1976 3341 2041 PROPOSITIO
3390 1977 3568 2039 LIII.

2529 2160 3146 2227 Excellentiores
3185 2158 3641 2241 philosophi
3674 2174 3944 2240 corpo-

2449 2272 2539 2323 ra
2584 2258 2947 2323 coelestia
2993 2259 3345 2325 animata
3392 2258 3793 2324 dixerunt.

2530 2356 2655 2417 Hoc
2698 2356 2937 2418 etenim
2968 2355 3140 2418 Plato
3184 2357 3456 2418 asseruit
3500 2356 3563 2418 in
3609 2357 3845 2418 Timaeo
3882 2363 3946 2419 et

2446 2452 2601 2515 alibi
2656 2471 2669 2515 :
2723 2473 2913 2535 quem
2976 2454 3040 2515 in
3100 2454 3218 2517 hoc
3278 2454 3582 2516 Platonici
3648 2462 3797 2516 sunt
3853 2471 3947 2516 se-

842 2574 1008 2629 rum,
1052 2572 1324 2637 quorum
1365 2553 1581 2636 opifex
1621 2560 1924 2634 paterque
1963 2568 2099 2631 ego.
2134 2550 2338 2631 Opera
2448 2552 2597 2613 cuti.
2650 2552 2826 2613 Idem
2889 2559 3113 2613 octavo
3175 2552 3587 2634 Physicorum
3646 2561 3709 2614 et
3764 2552 3828 2614 in
3875 2551 3946 2613 li-

841 2654 1160 2736 siquidem
1193 2670 1304 2716 vos
1339 2671 1499 2726 mea,
1523 2649 1925 2714 dissolubilia
1947 2658 2208 2728 natura3
2236 2668 2335 2711 me
2447 2648 2562 2711 bro
2605 2651 2682 2712 de
2727 2650 2897 2713 Coelo
2940 2658 3003 2711 et
3047 2651 3287 2713 mundo
3313 2650 3677 2714 Aristoteles
3718 2650 3945 2732 probat

839 2761 1053 2815 tamen
1105 2752 1190 2815 ita
1248 2752 1523 2824 volente,
1579 2748 2066 2812 indissolubilia.
2135 2748 2335 2811 Omne
2444 2768 2517 2809 ac
2548 2748 2788 2810 sentit:
2824 2749 2954 2811 imo
2998 2747 3161 2811 libro
3205 2748 3283 2811 de
3323 2749 3553 2811 Anima
3592 2748 3790 2812 solem
3833 2768 3943 2812 no-

841 2851 1160 2933 siquidem
1189 2851 1510 2931 junctum,
1535 2856 1760 2911 natura
1790 2846 2165 2911 dissolubile
2196 2853 2330 2909 est:
2447 2846 2647 2908 minat
2677 2854 2921 2928 patrem
2952 2847 3215 2909 deorum
3248 2856 3437 2929 atque
3468 2848 3772 2911 virorum.
3798 2848 3943 2909 Avi-

840 2956 1248 3032 quapropter‚
1301 2948 1451 3031 quia
1502 2947 1650 3009 facti
1697 2948 2107 3027 generatique
2156 2944 2330 3017 estis,
2448 2964 2651 3007 cenna
2688 2962 2943 3027 quoque
2989 2963 3156 3008 nono
3195 2946 3637 3028 Metaphysicae
3668 2966 3819 3020 suae,
3852 2952 3944 3009 te-

841 3046 1232 3109 immortales
1263 3063 1664 3126 nequaquam
1708 3062 1826 3105 nec
1857 3041 2333 3105 indissolubiles
2363 3038 2407 3103 G
2449 3052 2649 3105 statur
2699 3044 2933 3107 coelum
2978 3063 3116 3107 esse
3160 3045 3398 3106 animal
3443 3045 3571 3108 Deo
3613 3044 3940 3108 obedienS.

841 3144 1012 3207 estis.
1037 3144 1166 3206 Nec
1196 3151 1407 3206 tamen
1441 3141 1903 3215 dissolvemini,
1936 3141 2086 3223 quia
2116 3141 2337 3204 volun-

838 3252 933 3306 tas
967 3262 1107 3305 mea
1139 3242 1342 3323 major
1370 3250 1467 3304 est
1504 3259 1673 3304 nexu
1717 3248 1944 3303 vestro.
1981 3240 2138 3302 Hinc
2183 3257 2337 3322 quo—

839 3361 965 3425 que
1010 3342 1237 3404 asserit
1296 3342 1724 3403 Damascenus
1775 3339 1938 3401 libro
1985 3339 2267 3401 secundo
2319 3356 2333 3401 ε

839 3440 1039 3503 Omne
1089 3446 1396 3513 creatum,
1438 3437 1775 3517 vertibile3
1819 3438 1949 3500 imo
1993 3438 2092 3517 (ut
2135 3436 2339 3516 addit)

839 3540 1032 3602 etiam
1062 3538 1348 3621 angeluS,
1383 3538 1736 3601 secundum
1766 3538 2056 3618 gratiam,
2093 3553 2218 3598 non
2259 3555 2337 3598 ex

840 3648 1086 3713 natura,
1132 3638 1324 3702 habet
1368 3636 1936 3700 immortalitatem.

917 3739 1154 3802 Verum
1187 3738 1253 3800 in
1283 3737 1384 3799 his
1412 3736 1522 3799 alii
1553 3734 1791 3798 habent
1829 3734 2028 3796 alium
2073 3734 2334 3796 modum

841 3837 1166 3920 loquendi,
1201 3836 1486 3899 dicentes
1526 3833 1819 3916 quaedam
1858 3842 2068 3895 creata
2105 3852 2183 3895 ex
2224 3851 2338 3894 sua

839 3944 1064 3999 natura
1102 3954 1240 3999 esse
1281 3931 1814 4015 incorruptibilia,
1851 3932 2238 3995 immortalia
2275 3938 2338 3993 et

839 4033 1332 4107 indissolubilia,
1366 4031 1667 4114 quoniam
1706 4031 1769 4092 in
1801 4050 1916 4093 sua
1944 4037 2169 4092 natura
2207 4046 2334 4092 non

837 4131 1075 4194 habent
1104 4130 1532 4213 corruptionis
1571 4136 1681 4190 aut
1723 4128 2124 4192 mortalitatis
2166 4128 2337 4209 prin-

2447 3143 2576 3206 Hoc
2617 3143 2810 3205 ceteri
2856 3143 3259 3225 Peripatetici
3302 3143 3455 3206 fassi
3501 3152 3667 3206 sunt.
3705 3144 3945 3227 Nempe

2449 3241 2512 3303 in
2546 3241 2722 3303 omni
2758 3258 2990 3321 genere
3029 3260 3103 3303 ac
3143 3241 3365 3305 ordine
3398 3260 3635 3316 rerum,
3661 3242 3945 3324 primum

2448 3346 2545 3402 est
2582 3357 2696 3421 per
2738 3358 2827 3413 se,
2860 3347 2926 3402 et
2960 3347 3107 3403 ante
3148 3340 3211 3402 id
3251 3340 3420 3422 quod
3459 3341 3755 3404 accidens
3795 3340 3951 3402 dici-

2447 3446 2552 3500 tur
2586 3456 2598 3499 :
2636 3438 2765 3501 imo
2805 3446 2869 3500 et
2908 3439 3189 3521 primum
3222 3439 3367 3513 tale,
3401 3447 3498 3502 est
3538 3438 3948 3521 potissimum

2447 3545 2510 3600 et
2542 3537 2979 3620 propriissime
3011 3538 3251 3600 dictum
3286 3538 3351 3599 in
3381 3538 3753 3619 hujusmodi
3784 3538 3949 3601 ordi-

2447 3655 2546 3698 ne.
2581 3636 2917 3718 Quumque
2958 3637 3193 3700 coelum
3234 3637 3317 3698 sit
3356 3636 3595 3700 mobile
3635 3637 3944 3719 primum,

2449 3742 2740 3798 movetur
2779 3754 2895 3817 per
2932 3754 3022 3808 se,
3065 3734 3185 3798 hoc
3228 3742 3326 3797 est
3366 3754 3403 3797 a
3448 3742 3688 3798 motore
3721 3736 3948 3798 intrin-

2447 3850 2614 3907 seco,
2640 3832 2898 3916 proprio
2929 3840 2992 3895 et
3024 3833 3166 3914 conj
3178 3841 3389 3906 uncto,
3416 3841 3567 3915 puta
3596 3834 3677 3896 ab
3707 3834 3941 3897 anima.

2446 3932 2706 4004 RursuS‚
2759 3931 3044 3994 coelestia
3093 3949 3381 4013 corpora,
3422 3951 3623 4013 quum
3672 3932 3801 3994 sint
3849 3951 3948 3995 ce·

2446 4030 2599 4092 teris
2656 4027 3031 4111 corporibus
3090 4028 3401 4109 digniora,
3464 4029 3816 4092 causaliora
3871 4048 3945 4092 ac

2445 4128 2752 4209 separatis
2797 4126 3169 4189 substantiis
3220 4127 3697 4209 propinquiora,
3744 4127 3949 4210 perfe-

838 4230 1082 4312 cipium
1131 4236 1242 4291 aut
1285 4228 1585 4301 radicem,
1633 4235 1785 4309 puta
1825 4226 2155 4289 materiam
2207 4225 2334 4307 pri·
2366 4230 2415 4291 D
2446 4226 2749 4288 ctissimis
2781 4225 3003 4288 formis
3042 4225 3569 4288 substantialibus
3606 4226 3949 4289 informata

836 4328 1075 4391 vationi
1117 4345 1454 4398 annexam,
1497 4344 1704 4406 neque
1746 4326 2092 4387 contrarias
2133 4323 2336 4407 quali-

836 4434 995 4489 tates
1028 4426 1094 4487 in
1126 4443 1192 4487 se
1223 4423 1500 4486 invicem
1532 4422 1772 4484 activas
1801 4431 1864 4485 et
1896 4424 2197 4505 passivas.

914 4524 1150 4587 Verum
1177 4523 1296 4584 ista
1321 4520 1595 4583 faciliter
1621 4528 1918 4601 poterunt
1941 4521 2333 4594 concordari,

835 4641 954 4685 nec
1003 4629 1099 4684 est
1145 4618 1458 4684 dissensio
1506 4618 1630 4681 nisi
1679 4618 1743 4680 in
1793 4618 2025 4681 verbis.
2069 4619 2331 4700 Nempe,

835 4739 1036 4804 quum
1059 4737 1250 4783 omne
1271 4726 1578 4791 creatum,
1601 4716 1664 4779 in
1687 4725 1998 4799 quantum
2021 4725 2329 4791 creatum,

834 4821 917 4881 sit
965 4838 1040 4882 ex
1082 4818 1308 4891 nihilo,
1349 4824 1414 4879 et
1461 4816 1525 4878 in
1572 4814 1735 4878 nihil
1783 4815 2100 4889 vertibile,
2142 4823 2332 4897 atque

834 4918 1271 4981 indesinenter
1314 4915 1594 4996 indigeat
1644 4914 1957 4978 Creatoris
2007 4932 2335 4977 conserva-

831 5018 1027 5091 tione,
1081 5034 1206 5098 qua
1259 5016 1310 5078 si
1371 5014 1449 5077 ad
1501 5022 1897 5077 momentum
1950 5014 2329 5095 privaretur,

833 5116 1126 5198 protinus
1193 5114 1259 5175 in
1327 5112 1603 5174 nihilum
1665 5111 2024 5190 laberetur3
2086 5118 2335 5189 constat

833 5213 1003 5295 quod
1034 5212 1154 5274 hoc
1186 5218 1478 5293 respectu
1511 5208 1761 5271 nullum
1793 5217 2334 5281 ereatum‚secun-

834 5313 988 5376 dum
1037 5309 1205 5395 quod
1264 5309 1410 5382 tale,
1462 5308 1543 5369 sit
1601 5306 2064 5370 indissolubile.
2117 5306 2330 5369 Nihilo

2445 4325 2760 4388 videntur.
2787 4324 2941 4387 Hinc
2970 4330 3193 4386 auctor
3224 4323 3370 4385 libri
3403 4325 3481 4386 de
3514 4324 3733 4387 Causis
3761 4332 3949 4387 testa·

2446 4430 2549 4485 tur
2581 4440 2595 4483 :
2630 4422 2850 4485 Omnis
2879 4422 3093 4484 anima
3123 4421 3359 4485 nobilis
3400 4429 3529 4485 tres
3572 4422 3764 4486 habet
3801 4441 3948 4506 ope-

2446 4521 2741 4595 rationeS,
2794 4520 3094 4582 videlicet
3146 4538 3158 4581 :
3211 4522 3642 4601 operationem
3704 4522 3945 4584 anima-

2446 4620 2593 4693 lem,
2644 4619 2946 4701 quoniam
3000 4626 3212 4681 movet
3261 4636 3493 4701 corpus
3550 4619 3829 4693 coeleste,
3882 4628 3947 4682 et

2444 4738 2558 4801 per
2600 4718 2757 4781 illud
2805 4735 3070 4800 corpora
3117 4716 3459 4796 inferiora3
3503 4718 3941 4800 operationem

2443 4836 2699 4899 quoque
2749 4815 3271 4892 intellectualem,
3319 4816 3470 4897 quia
3519 4817 3640 4879 scit
3686 4835 3833 4896 res3
3879 4827 3942 4881 et

2441 4916 2873 4997 operationem
2924 4914 3229 4989 divinam,
3270 4915 3573 4996 quoniam
3625 4925 3938 4998 praeparat

2441 5021 2730 5075 naturam
2765 5031 2879 5094 per
2907 5013 3207 5075 virtutem
3246 5012 3530 5075 divinam
3572 5032 3760 5095 quam
3804 5033 3933 5077 sor-

2441 5111 2553 5172 tita
2592 5119 2690 5173 est
2716 5130 2753 5172 a
2783 5110 2989 5192 prima
3028 5129 3235 5172 causa.
3272 5110 3430 5172 Hinc
3469 5130 3690 5173 rursus
3728 5112 3933 5175 Philo-

2438 5209 2678 5290 sophus
2708 5208 3106 5271 differentias
3146 5208 3481 5290 positionis
3519 5210 3675 5272 dicit
3711 5230 3789 5273 ex
3830 5230 3934 5274 na-

2441 5316 2582 5370 tura
2614 5308 2705 5370 rei
2738 5326 2811 5369 ac
2843 5307 3100 5390 proprie
3130 5326 3271 5369 esse
3302 5308 3367 5369 in
3398 5308 3579 5371 coelo.
