4300 6259
966 524 1047 571 na·
1088 524 1315 571 mansa
1354 520 1739 571 canianum
1780 520 2083 579 runcum,
2126 520 2304 568 uana
2346 521 2410 568 11.
2457 540 2537 551 —-
2577 522 2716 569 Aur.
2763 523 2850 570 vu
3329 502 3452 567 395

340 696 521 779 poris
552 694 917 759 immutatio
957 694 1035 759 ad
1078 694 1415 758 sanitatem
1456 693 1557 757 vel
1596 692 1845 775 aegritu·
1874 690 1926 754 A
1955 690 2169 754 diante
2213 698 2390 755 motu
2440 691 2636 765 orbiS,
2679 698 2742 755 et
2787 693 2996 775 quoad
3047 690 3452 756 influentiam

338 796 589 869 dinem,
642 794 887 876 absque
952 792 1189 857 causali
1249 809 1583 856 concursu*
1624 808 1844 873 corpo-

338 893 579 955 ralium
610 892 938 975 agentium
983 910 1127 974 quae
1156 899 1299 953 nata
1331 897 1479 953 sunt
1508 890 1841 953 sanitatem

338 990 447 1053 vel
506 990 956 1072 aegritudinem
1017 989 1267 1071 corpori
1320 988 1613 1051 influere.
1666 986 1843 1049 Multi

340 1107 582 1171 nempe
612 1087 863 1151 febrem
893 1094 958 1151 et
987 1087 1229 1170 lepram
1268 1106 1348 1150 ex
1391 1086 1845 1167 imaginatione

339 1194 405 1249 et
457 1187 691 1249 timore
740 1186 1165 1249 incurrerunt.
1212 1184 1517 1248 Videmus
1565 1202 1841 1265 quoque,

340 1286 517 1367 quod
548 1284 887 1348 ambulans
917 1302 1111 1366 super
1140 1283 1386 1365 lignum
1426 1282 1527 1345 vel
1568 1282 1844 1365 lapidem

339 1384 409 1445 in
456 1383 728 1445 sublimi
768 1383 1071 1466 positum,
1114 1382 1303 1445 facile
1342 1382 1530 1456 cadit,
1561 1380 1673 1463 qui
1718 1398 1845 1443 non

340 1482 623 1555 caderet,
682 1481 736 1544 si
780 1499 981 1564 prope
1026 1488 1257 1543 terram
1308 1480 1501 1543 situm
1552 1487 1721 1543 esset
1775 1479 1845 1541 li·

336 1596 539 1659 gnum
592 1594 607 1639 ε
658 1578 830 1660 quod
877 1577 1102 1659 utique
1152 1596 1229 1640 ex
1281 1576 1734 1657 imaginatione
1783 1582 1847 1638 et

337 1675 579 1739 timore
608 1694 795 1737 casus
814 1674 1067 1738 accidit.
1088 1675 1349 1749 Rursus,
1374 1692 1449 1737 ex
1473 1674 1607 1737 sola
1626 1691 1847 1755 appre-

338 1774 657 1837 hensione
685 1772 915 1837 animae
942 1790 1176 1855 corpus
1206 1772 1589 1855 quandoque
1618 1772 1848 1835 incale-

1954 808 2079 873 qua
2138 798 2382 853 motum
2439 790 2656 854 influit
2711 790 2852 853 orbi
2901 799 2964 854 et
3012 790 3154 853 aliis
3202 789 3458 853 inferio-

1956 888 2135 951 ribus
2181 908 2296 971 per
2339 896 2582 952 motum
2622 889 2814 952 orbis,
2859 889 3096 952 Verum
3141 896 3238 953 est
3284 889 3454 971 quod

1958 986 2224 1049 materia
2284 988 2639 1050 secundum
2706 988 2964 1051 modum
3027 995 3267 1051 naturae
3325 1006 3456 1050 suae

1956 1084 2176 1148 obedit
2216 1084 2586 1149 substantiae
2629 1093 2954 1168 separatae,
3008 1105 3151 1169 quae
3196 1104 3454 1149 moven-

1956 1182 2037 1245 do
2082 1182 2366 1245 localiter
2393 1183 2651 1266 aliquod
2691 1202 2947 1266 corpuS,
2979 1184 3284 1247 adhibere
3322 1192 3456 1265 pot-

1956 1290 2053 1345 est
2107 1281 2322 1364 aliqua
2377 1282 2750 1346 naturaliter
2805 1284 3034 1356 activa,
3085 1282 3162 1345 ad
3222 1281 3453 1364 produ-

1956 1380 2191 1442 cendos
2221 1380 2532 1461 quosdam
2563 1379 2854 1444 effectus.
2880 1380 2988 1443 His
3015 1387 3230 1443 autem
3263 1379 3453 1443 rebus

1955 1497 2113 1560 quas
2142 1478 2244 1539 vel
2285 1478 2493 1559 angeli
2535 1479 2636 1541 vel
2674 1479 2994 1541 daemones
3031 1478 3338 1541 adhibent
3375 1478 3452 1540 ad

1953 1576 2440 1658 productionem
2472 1577 3036 1640 determinatorum
3075 1576 3452 1651 effectuum,

1957 1682 2227 1738 utuntur
2257 1674 2424 1738 sicut
2453 1676 2896 1739 instrumentis
2936 1694 3193 1737 suarum
3236 1692 3454 1757 opera-

1956 1774 2225 1836 tionum.
2289 1774 2788 1837 Instrumentum
2856 1780 3068 1837 autem
3129 1773 3450 1855 duplicem

338 1874 489 1945 scit,
534 1881 606 1935 ut
637 1873 703 1935 in
735 1872 1050 1935 irascente
1079 1879 1144 1934 et
1170 1871 1709 1953 concupiscente3
1744 1870 1843 1933 vel
1874 1866 1919 1929 B
1956 1871 2147 1934 habet
2189 1872 2414 1953 agendi
2460 1872 2843 1946 efficaciam,
2877 1890 3068 1935 unam
3112 1890 3190 1933 ex
3232 1880 3456 1934 natura

342 1971 781 2053 infrigidatur,
800 1979 873 2033 ut
902 1970 965 2033 in
1000 1970 1286 2033 timente.
1310 1970 1505 2034 Multo
1534 1987 1685 2050 ergo
1713 1989 1843 2032 am·

337 2070 511 2153 plius
542 2068 937 2151 sequitui-(ut
957 2069 1277 2132 Avicenna
1307 2067 1842 2149 concludit),quod

337 2186 419 2229 ex
462 2166 979 2250 apprehensione
1008 2174 1073 2229 et
1100 2167 1427 2229 voluntate
1464 2164 1843 2229 substantia-

338 2286 483 2330 rum
514 2275 948 2349 separatarum
976 2268 1156 2349 sequi
1188 2268 1417 2349 poterit
1444 2265 1714 2329 effectus
1736 2266 1845 2327 ali-

336 2366 489 2447 quis
534 2366 601 2427 in
652 2366 791 2427 istis
836 2364 1272 2439 inferioribus,
1326 2371 1551 2446 utputa
1600 2364 1839 2446 pluvia,

336 2463 440 2526 vel
474 2462 1001 2547 sanatio,absque
1032 2461 1524 2526 concausalitate
1554 2462 1843 2544 corporei

334 2562 591 2643 agentis
639 2580 653 2623 ε
706 2568 773 2623 et
816 2560 937 2623 hoc
984 2560 1223 2623 dicitur
1270 2560 1649 2623 miraculose
1699 2559 1844 2623 fieri

336 2660 511 2741 quod
544 2660 641 2721 sic
673 2658 766 2722 fit.
803 2658 1071 2741 Insuper
1096 2658 1294 2731 addit,
1327 2658 1497 2740 quod
1536 2658 1589 2719 si
1629 2658 1844 2719 anima

336 2765 561 2820 sancta
614 2756 809 2819 fuerit
858 2756 1127 2819 naturali
1186 2756 1519 2819 sanctitate
1564 2755 1672 2836 (de
1719 2774 1845 2838 qua

338 2856 481 2937 ipse
528 2856 853 2918 Platonem
912 2873 1189 2937 sequens
1249 2854 1581 2937 loquitur),
1624 2853 1717 2916 sic
1776 2861 1845 2916 ut

336 2970 471 3014 non
501 2952 591 3015 sit
620 2951 1057 3034 corporalibus
1090 2950 1495 3033 passionibus
1526 2950 1713 3023 victa,
1735 2950 1843 3013 sed

1955 1968 2235 2051 propria,
2279 1969 2468 2032 aliam
2511 1978 2723 2033 autem
2764 1989 2841 2033 ex
2883 1970 3304 2052 impressione
3351 1970 3451 2033 vel

1954 2068 2300 2132 directione
2332 2068 2706 2151 principalis
2750 2069 2994 2148 agentis
3028 2088 3043 2133 :
3075 2068 3244 2131 sicut
3283 2068 3456 2131 calor

1956 2166 2021 2229 in
2052 2166 2460 2240 animalibus,
2497 2168 2560 2229 in
2593 2174 2904 2249 quantum
2937 2174 3032 2230 est
3069 2168 3453 2229 instrumen-

1954 2271 2091 2327 tum
2122 2264 2354 2328 animae
2384 2264 2782 2346 vegetabiliS,
2816 2265 3171 2338 carnificat,
3205 2284 3282 2328 ex
3313 2282 3456 2347 pro-

1954 2364 2094 2445 pria
2124 2381 2278 2427 vero
2306 2363 2520 2445 specie
2560 2364 2883 2427 consumit
2921 2363 2982 2425 id
3023 2383 3101 2426 ex
3140 2381 3266 2445 quo
3311 2382 3458 2426 caro

1952 2469 2312 2542 generatur.
2349 2461 2476 2524 Hoc
2515 2461 2712 2543 igitur
2751 2462 2958 2535 mod0,
3002 2481 3102 2525 res
3152 2462 3278 2526 illae
3317 2462 3456 2544 qui-

1954 2558 2075 2622 bus
2131 2558 2502 2623 substantiae
2561 2560 3023 2622 intellectuales
3080 2560 3216 2623 sive
3274 2559 3457 2624 bonae

1955 2656 2089 2719 sive
2165 2657 2346 2721 malae
2413 2664 2681 2720 utuntur
2747 2658 2916 2720 sicut
2987 2658 3452 2731 instrumentiS,

1955 2755 2281 2837 duplicem
2313 2755 2549 2819 habent
2584 2756 3041 2819 causalitatem.
3077 2757 3198 2819 Res
3241 2757 3454 2840 itaque

1958 2853 2276 2915 naturales
2319 2872 2475 2935 quas
2513 2853 2777 2916 adhibet
2818 2853 3172 2916 substantia
3212 2853 3454 2917 intelle-

1956 2950 2184 3013 ctualis
2212 2952 2291 3013 ad
2323 2952 2806 3033 productionem
2837 2952 3112 3033 alicujus
3157 2952 3451 3027 effectus,

336 3050 403 3112 in
436 3050 953 3134 apprehensione
996 3069 1111 3113 sua
1151 3050 1371 3127 fortis;
1406 3057 1557 3111 tunc
1590 3047 1845 3112 obediet
1876 3051 1919 3114 C
1959 3056 2146 3131 prout
2176 3058 2324 3112 sunt
2355 3050 2851 3114 instrumentum
2885 3050 3028 3113 talis
3053 3050 3456 3132 agentis,vir-

334 3148 394 3211 ei
430 3166 564 3212 non
598 3149 806 3212 solum
854 3166 1085 3231 corpus
1116 3147 1474 3231 proprium,
1508 3147 1619 3209 sed
1650 3146 1841 3209 etiam

333 3266 579 3331 corpus
611 3248 1066 3319 extrinsecum,
1100 3254 1161 3309 et
1191 3246 1403 3310 omnis
1432 3254 1657 3309 natura
1688 3244 1849 3307 infe·

334 3346 493 3421 rior,
508 3354 775 3409 eatenus
804 3346 971 3428 quod
1000 3346 1079 3408 ad
1108 3344 1687 3427 apprehensionem
1717 3344 1848 3407 ani-

338 3464 461 3508 mae
501 3452 763 3507 sanetur
808 3444 1061 3525 aliquis.
1110 3444 1285 3507 Unde
1334 3443 1529 3505 etiam
1578 3441 1847 3505 fascina-

334 3544 587 3607 tionem
656 3544 836 3625 ponit
896 3560 909 3605 ε
980 3542 1074 3605 sic
1139 3543 1309 3626 quod
1376 3542 1591 3603 anima
1656 3540 1847 3603 unius

334 3642 761 3705 vehementer
800 3639 1037 3704 affecta
1077 3640 1141 3703 in
1188 3638 1697 3722 apprehensione
1739 3638 1849 3701 ali-

334 3760 483 3822 qua,
509 3738 783 3802 influere
814 3738 1016 3820 possit
1042 3745 1503 3801 nocumentum
1535 3738 1595 3800 in
1623 3736 1844 3811 alium,

334 3838 623 3901 maxime
674 3856 823 3900 eum
873 3836 986 3919 qui
1035 3835 1513 3919 susceptibilior
1558 3843 1654 3898 est
1702 3836 1846 3898 talis

332 3935 808 4019 impressioniS,
844 3942 914 3997 ut
956 3953 1119 4017 puer
1147 3934 1391 3998 ratione
1438 3953 1571 3997 suae
1616 3932 1846 3997 teneri-

328 4035 605 4097 tudinis.
634 4034 971 4099 Cernimus
1000 4033 1325 4116 equidem,
1361 4034 1531 4115 quod
1562 4033 1673 4114 qui
1705 4050 1845 4114 pas-

330 4134 527 4197 sione
564 4131 777 4215 aliqua
816 4150 1043 4213 magna
1089 4138 1461 4213 occupatur,
1494 4131 1693 4194 alium
1732 4130 1843 4212 qui

1956 3154 2158 3211 tutem
2191 3150 2530 3230 quamdam
2565 3150 2866 3212 causandi
2899 3150 3252 3212 sortiuntur
3279 3150 3458 3213 altio-

1956 3264 2091 3308 rem
2124 3247 2395 3309 naturali
2431 3266 2544 3309 sua
2576 3248 2828 3309 virtute.
2855 3248 2990 3310 Non
3022 3256 3233 3310 tamen
3266 3247 3456 3310 debet

1957 3343 2230 3407 effectus
2261 3364 2339 3407 ex
2369 3345 2471 3407 his
2513 3346 2864 3427 procedens
2905 3346 3322 3410 miraculosus
3362 3347 3453 3409 di-

1957 3444 2039 3517 ci,
2098 3444 2251 3525 quia
2310 3462 2346 3505 a
2400 3444 2610 3506 causis
2679 3444 3076 3507 naturalibus
3135 3452 3447 3507 causatur.

1955 3541 2222 3603 Videtur
2279 3550 2488 3604 tamen
2557 3542 2939 3624 quandoque
3007 3543 3447 3606 miraculosus.

1956 3639 2167 3702 Primo
2217 3640 2501 3721 quidem,
2554 3640 2704 3722 quia
2763 3640 3130 3720 ignoramus
3191 3642 3450 3703 modum

1957 3738 2396 3820 productionis
2438 3738 2660 3821 ipsiuS,
2693 3740 2862 3821 quod
2903 3739 3150 3802 scilicet
3189 3758 3302 3821 per
3343 3760 3450 3822 ap-

1959 3836 2372 3918 plicationem
2429 3844 2791 3919 praetactam
2843 3836 3170 3899 efficiatur
3220 3854 3234 3899 :
3286 3838 3452 3900 sicut

1956 3934 2147 3996 etiam
2180 3934 2696 3996 doctissimorum
2736 3933 3057 3996 artificum
3102 3951 3296 4016 opera
3333 3936 3451 3997 mi·

1955 4050 2193 4106 ramur,
2226 4032 2380 4094 dum
2426 4048 2553 4094 non
2598 4031 2999 4113 concipimus
3042 4032 3453 4114 quemadmo-

1956 4130 2107 4192 dum
2179 4130 2272 4192 illi
2339 4138 2703 4212 operentur.
2767 4130 3058 4193 Secundo
3118 4130 3181 4192 id
3239 4130 3452 4213 ipsum

328 4250 483 4295 eum
520 4231 812 4313 adspicit,
833 4230 1055 4293 eadem
1085 4229 1379 4312 passione
1410 4248 1579 4312 saepe
1610 4228 1839 4291 inficit.
1874 4230 1925 4295 D
1954 4230 2286 4311 contingit,
2331 4228 2634 4312 quoniam
2673 4230 2774 4309 (ut
2819 4228 3062 4291 dictum
3104 4229 3228 4310 est)
3265 4248 3456 4293 causa

412 4330 636 4402 Porro,
668 4328 1116 4410 hujuscemodi
1158 4327 1379 4409 opinio
1408 4328 1602 4408 hujus
1641 4327 1843 4391 horni-

331 4428 461 4503 niS,
523 4426 665 4490 aliis
715 4426 919 4509 ipsius
968 4426 1375 4489 documentis
1426 4428 1577 4487 satis
1625 4443 1845 4488 conso-

168 4560 191 4587 ι
218 4560 303 4598 m,
330 4534 465 4590 nat.
511 4525 686 4589 Sicut
712 4524 885 4588 enim
933 4524 1305 4606 frequenter
1334 4524 1400 4586 in
1430 4524 1641 4606 primo
1680 4523 1845 4586 libro

329 4626 411 4688 de
456 4641 546 4688 eo
587 4622 923 4687 recitatum
966 4629 1084 4694 est,
1127 4622 1364 4686 formas
1412 4622 1731 4685 naturales
1780 4629 1845 4684 et

328 4724 537 4787 etiam
590 4722 871 4785 animam
938 4720 1314 4784 rationalem
1376 4720 1557 4803 ponit
1612 4719 1693 4782 ab
1754 4720 1844 4782 in-

328 4820 697 4903 telligentia
755 4820 979 4882 creari.
1042 4818 1263 4882 Causis
1322 4836 1558 4901 nempe
1614 4818 1841 4882 creatis

328 4920 472 4985 vim
518 4918 867 4983 creativam
909 4916 1226 4992 attribuit,
1257 4924 1323 4980 et
1355 4917 1840 4998 intelligentiam

330 5036 539 5081 unam
574 5016 806 5079 asserit
845 5014 928 5078 ab
976 5014 1100 5077 alia
1146 5022 1423 5078 creatam
1467 5033 1481 5077 :
1521 5033 1664 5097 quae
1708 5032 1841 5077 om-

138 5136 303 5183 nium.
332 5116 445 5179 nia
477 5114 781 5196 superius
818 5112 1157 5196 reprobata
1184 5122 1352 5177 sunt.
1377 5113 1717 5176 Probatum
1745 5121 1845 5175 est

74 5230 305 5273 mmm.
332 5216 539 5279 etiam
600 5213 667 5275 in
727 5212 961 5294 primo,
1011 5212 1183 5293 quod
1231 5210 1655 5291 intelligentia
1710 5228 1840 5273 non

328 5311 563 5377 influit
590 5309 659 5375 in
690 5309 1025 5375 materiam
1052 5308 1247 5392 hujus
1278 5307 1503 5372 mundi
1542 5308 1667 5371 nisi
1708 5327 1839 5372 me·

1954 4327 2260 4390 naturalis
2291 4327 2746 4401 adhibita,vim
2777 4328 3118 4410 quamdam
3149 4328 3452 4411 operandi

1954 4426 2216 4488 sortitur
2255 4426 2572 4500 altiorem,
2615 4426 2971 4488 secundum
3014 4426 3183 4508 quod
3228 4435 3323 4489 est
3365 4426 3456 4489 in-

1953 4532 2382 4587 strumentum
2417 4524 2767 4607 superioris
2799 4543 3021 4587 causae.
3059 4524 3230 4588 Unde
3261 4524 3451 4587 etiam

1952 4621 2276 4685 Avicenna
2314 4630 2380 4684 et
2426 4621 2724 4685 Albertus
2771 4629 3082 4695 asserunt,
3124 4621 3294 4703 quod
3342 4623 3452 4705 qui

1953 4720 2224 4782 virtutes
2302 4738 2515 4783 rerum
2597 4720 2984 4782 naturalium
3059 4728 3452 4800 agnosceret,

1953 4835 2111 4898 quas
2161 4818 2382 4899 utique
2441 4817 2812 4880 substantiae
2858 4824 3160 4898 separatae
3208 4818 3454 4881 intelle·

1952 4915 2192 4977 ctuales
2241 4918 2482 4997 optime
2524 4916 2756 4988 sciunt,
2800 4915 3191 4977 mirabiliora
3237 4934 3454 4999 opera-

1952 5022 2148 5087 retur,
2192 5033 2384 5097 quam
2428 5012 2660 5096 aliquis
2712 5031 2825 5095 per
2868 5014 3180 5095 magicam
3227 5022 3448 5078 artem.

1952 5112 2177 5176 Essent
2225 5112 2524 5196 equidem
2573 5111 2890 5175 mirabilia
2930 5112 3032 5175 his
3077 5113 3187 5195 qui
3233 5132 3454 5177 causas

1950 5210 2305 5274 effectuum
2357 5211 2762 5293 ignorarent3
2807 5210 3190 5293 simpliciter
3235 5218 3449 5278 tamen

1950 5309 2262 5372 miracula
2303 5326 2430 5372 non
2473 5315 2705 5373 essent.
