4300 6259
984 515 1405 566 nmmum
1446 512 1846 564 mmmmm.
1892 531 1973 545 --
2014 514 2093 563 DE
2134 515 2256 564 DBO
2297 517 2418 565 (mo
2458 513 2536 565 ΒΤ
2573 519 2758 566 mmo

3307 501 3426 566 145

394 685 684 769 Denique
712 685 897 751 Pater
920 694 985 750 et
1014 687 1213 751 Filius
1252 706 1321 750 se
1360 686 1639 750 invicem
1676 684 1817 748 dili·
1843 683 1897 748 A
1926 684 2129 761 Patre,
2179 685 2260 748 ab
2315 704 2394 751 eo
2449 687 2852 753 solummodo
2909 686 3184 752 mittitur
3234 705 3251 751 z
3299 685 3427 750 nisi

314 792 473 865 gunt
500 784 744 866 Spiritu
786 785 1038 858 Sancto,
1072 793 1263 868 prout
1302 787 1583 863 diliyere
1620 784 1817 846 sumi·

313 890 418 945 tur
476 883 541 944 in
598 882 841 946 divinis
890 882 1151 946 relative
1208 901 1323 946 seu
1382 880 1811 946 notionaliter.

310 980 519 1044 Potest
546 981 723 1042 enim
754 1000 855 1044 res
884 981 1203 1045 nominari
1232 999 1349 1064 per
1376 980 1441 1043 id
1470 980 1642 1062 quod
1672 997 1817 1062 pro-

312 1078 481 1140 cedit
524 1077 609 1140 ab
658 1097 755 1152 ea,
806 1087 871 1143 et
920 1077 1325 1160 significatur
1382 1085 1453 1140 ut
1500 1077 1815 1141 terminus

310 1175 605 1250 actionis,
645 1176 1189 1260 quemadmodum
1232 1175 1508 1239 dicimus
1556 1192 1569 1236 :
1612 1173 1816 1239 Arbor

312 1272 443 1338 baec
474 1272 751 1337 floribus
784 1273 995 1348 floret,
1027 1281 1091 1337 et
1120 1273 1286 1356 ignis
1318 1272 1610 1336 calefacit
1652 1272 1815 1336 calo·

312 1389 398 1434 re.
434 1371 669 1453 Sicque
698 1373 878 1436 Pater
905 1378 970 1435 et
999 1371 1198 1434 Filius
1228 1379 1445 1435 amant
1482 1389 1551 1434 se
1590 1377 1815 1434 mutuo

312 1469 552 1552 Spiritu
584 1469 835 1533 Sancto.
871 1470 1080 1534 Potest
1108 1487 1366 1552 quoque
1398 1487 1497 1532 res
1528 1467 1813 1532 denomi-

312 1567 448 1631 nari
498 1567 761 1650 propria
806 1569 1079 1642 actione,
1130 1576 1204 1630 ut
1250 1567 1527 1630 dicimus
1564 1565 1817 1630 :Arbor

310 1665 497 1728 floret
542 1664 888 1730 floritione.
924 1665 1027 1729 Sic
1056 1665 1251 1729 etiam
1290 1665 1469 1728 Pater
1510 1672 1575 1728 et
1618 1665 1815 1728 Filius

310 1783 377 1825 se
408 1762 689 1845 diligunt
730 1763 973 1846 Spiritu
1017 1763 1270 1838 Sancto,
1290 1754 1495 1846 ‘prout
1534 1765 1815 1840 diliyere

1924 784 2093 865 quod
2141 785 2496 848 secundum
2539 793 2828 849 naturam
2873 794 3268 869 assumptam
3305 785 3428 848 fer-

1924 887 2031 942 tur
2073 880 2310 944 missus
2351 901 2390 944 a
2432 883 2674 966 Spiritu
2719 885 2968 958 Sancto,
3016 884 3426 966 quemadmo-

1922 978 2075 1040 dum
2110 997 2226 1060 per
2256 979 2480 1042 isaiam
2513 979 2784 1044 fatetur:
2811 982 2886 1044 Et
2914 1001 3086 1044 nunc
3117 981 3424 1046 Dominus
3477 995 3542 1040 [ε.
3573 1011 3716 1050 mun.

1927 1075 2103 1138 misit
2132 1094 2238 1138 me
2267 1085 2332 1139 et
2361 1077 2634 1160 Spiritus
2665 1079 2826 1160 ejus.
2859 1080 3148 1162 Itemque
3183 1097 3198 1142 ε
3229 1078 3424 1161 Spiri-
3447 1062 3717 1176 {gamm

1926 1181 2029 1236 tus
2087 1174 2342 1237 Domini
2400 1194 2594 1258 super
2643 1196 2766 1250 me,
2818 1195 2894 1240 eo
2942 1177 3112 1260 quod
3169 1177 3425 1240 unxerit

1926 1288 2071 1349 me3
2112 1271 2194 1334 ad
2231 1273 2798 1353 evangelizandum
2851 1275 3200 1338 mansuetis
3248 1273 3425 1337 misit

1926 1387 2047 1432 me.
2082 1370 2220 1432 lmo
2249 1369 2344 1432 sic
2376 1369 2664 1434 Christus
2693 1372 2929 1436 dicitur
2959 1373 3192 1435 missus
3221 1391 3258 1436 a
3291 1379 3424 1436 tota

1924 1466 2492 1549 superbeatissima
2521 1467 2851 1545 Trinitate,
2883 1489 2920 1532 a
2957 1489 3086 1552 qua
3123 1470 3264 1551 ejus
3309 1470 3428 1532 hu·

1926 1566 2198 1628 manitas
2257 1572 2356 1629 est
2415 1567 2722 1648 producta
2787 1587 2860 1632 ac
2918 1568 3126 1632 Verbo
3189 1575 3428 1634 aeterno

1925 1665 2125 1738 unita,
2159 1665 2454 1756 quamvis
2486 1685 2522 1728 a
2553 1667 2688 1729 solo
2719 1667 2802 1730 sit
2830 1667 3040 1731 Verbo
3075 1675 3422 1750 assumpta.

1924 1763 2087 1825 Hinc
2163 1769 2226 1824 et
2300 1763 2500 1826 Filius
2567 1765 2922 1828 secundum
2991 1765 3246 1828 deitatis
3312 1782 3428 1847 po·

308 1860 735 1924 essentialiter
782 1861 1031 1944 capitur
1060 1861 1125 1923 in
1156 1861 1413 1924 divinis.
1448 1860 1603 1925 Nam
1636 1866 1699 1924 et
1730 1859 1814 1922 ita
1842 1857 1889 1922 B
1926 1861 2190 1923 tentiam
2237 1879 2312 1924 ae
2361 1869 2656 1924 naturam
2709 1863 2882 1925 misit
2943 1881 3012 1925 se
3069 1863 3424 1926 secundum

310 1977 713 2042 unaquaeque
752 1976 1025 2041 persona
1068 1959 1287 2022 divina
1332 1966 1431 2022 est
1474 1977 1655 2022 amor
1700 1977 1813 2020 seu

310 2057 559 2132 caritas,
604 2064 669 2120 et
706 2075 929 2120 amaus
966 2075 1035 2120 se
1086 2057 1289 2140 ipsam
1338 2076 1413 2121 ac
1459 2057 1651 2120 aliam
1700 2075 1817 2139 per

308 2174 487 2218 suam
520 2153 891 2228 essentiam,
924 2173 1042 2238 per
1079 2173 1273 2237 quam
1312 2162 1411 2218 est
1452 2161 1517 2218 et
1556 2154 1813 2237 sapiens

310 2263 499 2336 atque
543 2252 933 2334 intelligens.

662 2459 1185 2528 PROPOSITIO
1230 2461 1469 2526 XLIV.

384 2647 704 2729 Duplex
744 2647 869 2712 est.
908 2647 1186 2712 missio
1228 2645 1585 2727 spu-itus
1622 2645 1815 2713 San·

308 2747 441 2828 oti,
460 2747 664 2827 puta
691 2743 1140 2811 invisibilis
1166 2746 1403 2827 atque
1420 2743 1813 2825 visibins3

308 2846 387 2910 et
430 2844 653 2910 idem
702 2841 1127 2910 dicendum
1177 2843 1276 2909 de
1322 2841 1549 2910 Puto.

382 2941 561 3016 Quod
632 2947 751 3014 est,
811 2939 1115 3023 quoniam
1174 2939 1451 3022 Spiritus
1519 2939 1809 3012 Sanctus,

1922 1967 2316 2042 assumptam
2375 1967 2694 2024 naturam.
2749 1961 3008 2044 Proprie
3065 1968 3280 2024 autem
3339 1961 3429 2026 lo·

1924 2058 2204 2140 quendo‚
2258 2057 2534 2140 Spiritus
2585 2057 2854 2122 Sanctus
2913 2077 3042 2122 non
3107 2059 3304 2122 mittit
3357 2078 3428 2123 se

1926 2155 2166 2238 ipsum,
2199 2156 2353 2238 quia
2383 2173 2509 2220 non
2535 2155 2734 2220 habet
2766 2165 3060 2240 respectu
3089 2158 3190 2220 sui
3222 2158 3426 2240 ipsius

1924 2254 2372 2317 auctoritatem
2449 2273 2562 2318 seu
2639 2255 3084 2339 productivum
3169 2255 3425 2320 diffusi-

1923 2369 2135 2415 onem.

2002 2450 2296 2532 Insuper,
2332 2449 2610 2532 Spiritus
2649 2450 2918 2514 Sanctus
2949 2451 3294 2534 dupliciter
3333 2453 3427 2516 di-

1924 2547 2091 2609 citur
2134 2547 2302 2610 mitti
2339 2563 2354 2610 ε
2389 2547 2621 2629 prim0,
2661 2549 2740 2610 ad
2785 2549 3064 2612 caritatis
3110 2557 3174 2612 et
3208 2550 3427 2630 gratim

1924 2644 2341 2719 infusionem,
2377 2653 2446 2708 ut
2478 2645 2542 2708 in
2573 2646 2898 2728 Baptismo
2925 2654 2990 2708 et
3023 2647 3428 2728 justificatio-

1924 2761 2044 2822 ne3
2089 2744 2394 2816 secundo,
2444 2744 2525 2805 ad
2573 2743 2800 2808 infusae
2849 2745 3243 2812 caritatiset
3285 2765 3426 2828 gra·

1922 2841 2027 2906 tiae
2075 2843 2679 2923 augmentationem.
2732 2842 3158 2906 conformiter
3203 2845 3428 2908 missio

1922 2937 2065 3002 Filii
2109 2937 2220 3002 Dei
2276 2947 2374 3002 est
2418 2939 2660 3022 duplex
2703 2957 2716 3001 :
2761 2939 3106 3003 invisibilis
3155 2940 3424 3016 scilicet,

308 3059 503 3122 quum
536 3039 625 3102 sit
653 3055 845 3101 verus
875 3037 1065 3112 Deus,
1084 3045 1180 3100 est
1216 3037 1439 3119 utique
1472 3037 1813 3100 incircum·
1846 3038 1889 3102 C
1920 3055 2049 3118 qua
2086 3045 2151 3099 et
2190 3035 2563 3118 frequenter
2601 3044 2746 3099 ante
2777 3037 3284 3102 incarnationem
3327 3045 3428 3102 est

304 3137 689 3222 scriptibilis
738 3144 801 3200 et
863 3137 1243 3210 immensus,
1294 3135 1691 3199 invariabilis
1748 3143 1813 3199 et

307 3255 567 3319 prorsus
600 3237 671 3300 in
710 3253 779 3298 se
820 3235 961 3317 ipso
1004 3234 1375 3298 immobilis.
1410 3234 1557 3299 Ideo
1590 3233 1811 3298 missio

307 3336 445 3416 ejus
502 3353 639 3398 non
686 3341 783 3396 est
836 3333 1249 3415 intelligenda
1296 3351 1411 3416 per
1456 3333 1557 3396 sui
1608 3333 1811 3416 ipsius

306 3433 758 3505 mutationem,
788 3439 901 3494 aut
938 3431 1061 3494 loci
1090 3431 1533 3505 variationem,
1566 3449 1679 3494 seu
1720 3431 1809 3494 lo·

308 3531 507 3594 ealem
566 3547 899 3594 recessum
954 3535 1065 3592 aut
1124 3535 1409 3608 motum3
1468 3529 1581 3592 sed
1642 3528 1807 3592 mitti

308 3628 690 3711 perhibetur
760 3627 1007 3690 ratione
1082 3643 1347 3690 suorum
1428 3625 1805 3700 effectuum,

309 3727 669 3810 prasertim
696 3725 1119 3808 gratuitorum
1155 3742 1169 3787 :
1203 3725 1370 3788 sicut
1397 3725 1551 3788 dum
1590 3725 1809 3806 gratiae

308 3845 433 3890 suae
463 3823 758 3889 infundit
787 3823 1189 3896 charismata,
1207 3841 1321 3906 per
1352 3842 1495 3905 quae
1526 3831 1805 3886 mentem

304 3931 581 3986 creatam
633 3920 1039 3985 sanctificare
1080 3927 1144 3984 et
1188 3920 1545 3984 inhabitare
1587 3921 1811 3984 asseri-

302 4029 421 4084 tur.
454 4022 760 4102 Dumque
798 4018 1037 4082 infusio
1076 4013 1221 4082 talis
1261 4018 1339 4082 fit
1382 4038 1497 4102 per
1538 4019 1807 4082 sensibi-

305 4120 457 4184 lium
516 4117 1157 4190 demonstrationem,
1219 4125 1282 4180 et
1338 4117 1805 4200 apparitionem

1924 3135 2156 3196 missus
2183 3151 2200 3212 3
2229 3141 2422 3216 atque
2466 3133 2767 3206 visibilis,
2799 3134 3133 3216 potissime
3169 3155 3287 3219 per
3327 3137 3426 3199 ln-

1920 3231 2307 3294 carnationis
2339 3231 2734 3314 mysterium.
2751 3233 3010 3307 Rursus,
3024 3235 3427 3316 quemadmo-

1920 3330 2071 3393 dum
2098 3347 2293 3412 opera
2314 3329 2456 3392 Filii
2487 3337 2552 3392 et
2573 3329 2846 3412 Spiritus
2869 3330 3084 3394 Sancti
3114 3333 3192 3396 ad
3223 3340 3424 3407 extra,

1922 3427 2200 3490 indivisa
2243 3435 2392 3491 sunt
2433 3435 2498 3490 et
2545 3427 3017 3510 inseparabilia,
3065 3430 3158 3494 sic
3202 3431 3426 3496 missio

1922 3543 2145 3588 eorum
2179 3525 2547 3588 invisibilis.
2583 3525 2704 3589 Sed
2742 3529 3150 3610 appropriate
3189 3529 3428 3592 dicitur

1924 3623 2119 3686 Filius
2148 3623 2510 3694 mitti‚dum
2541 3643 2615 3686 ea
2646 3624 2816 3686 fiunt
2845 3625 2910 3688 in
2943 3625 3130 3691 nobis
3157 3644 3428 3709 quorum

1924 3721 2182 3804 propria
2246 3721 2566 3804 principia
2629 3722 2788 3784 Filio
2849 3725 3346 3806 appropriantur
3406 3743 3424 3790 t

1922 3820 2178 3902 quando
2207 3819 2510 3884 videlicet
2539 3820 2986 3884 illuminamur
3013 3823 3091 3885 ad
3123 3841 3422 3888 verorum

1920 3917 2280 3980 salubrium
2338 3918 2754 3998 agnitionem,
2807 3938 2950 4000 quae
2999 3927 3096 3982 est
3149 3920 3422 3986 effectus

1918 4015 2250 4098 sapientiae
2299 4015 2616 4090 increatae,
2659 4035 2800 4097 quae
2851 4017 3010 4080 Filio
3057 4021 3425 4101 appropria-

1918 4121 2039 4177 tur.
2076 4115 2352 4197 Spiritus
2394 4115 2662 4177 Sanctus
2704 4133 2854 4178 vero
2897 4116 3060 4178 mitti
3102 4125 3418 4194 censetur,

302 4219 633 4301 signorum
668 4235 783 4280 seu
814 4215 1179 4298 specierum
1213 4224 1323 4279 aut
1354 4234 1591 4290 rerum,
1622 4233 1805 4280 voca·
1836 4214 1887 4278 D
1919 4214 2073 4277 dum
2140 4231 2216 4275 ea
2266 4212 2719 4294 producuntur
2777 4213 2840 4276 in
2903 4213 3088 4277 nobis
3145 4233 3420 4298 quorum

302 4323 402 4380 tur
430 4315 717 4380 visibilis
750 4313 1001 4392 missi03
1027 4312 1373 4376 invisibilis
1404 4331 1576 4388 vero,
1611 4333 1807 4396 quan·

302 4416 381 4479 do
432 4415 525 4480 nil
588 4414 719 4478 tale
765 4419 1033 4496 apparet
1089 4411 1465 4476 forinsecus.
1520 4412 1807 4477 Exterior

302 4515 563 4578 demum
604 4511 926 4596 apparitio
960 4510 1127 4594 signi
1176 4509 1279 4573 vel
1327 4509 1419 4574 rei
1466 4510 1807 4574 adhibetur

306 4613 379 4676 ad
432 4611 909 4677 ostendendum
964 4609 1109 4672 aliis
1158 4609 1361 4691 ipsam
1412 4610 1803 4673 invisibilem

310 4711 681 4776 missionem
710 4727 823 4772 seu
858 4707 1247 4771 infusionem
1277 4707 1599 4772 Paracleti.

378 4813 571 4875 Porro
630 4809 699 4871 in
746 4807 1035 4891 qualibet
1080 4805 1449 4888 hujusmodi
1500 4807 1805 4872 missione

308 4911 487 4973 datur
516 4907 793 4988 intelligi
827 4906 1109 4979 mittens,
1131 4911 1193 4968 et
1214 4905 1472 4980 missus,
1495 4914 1559 4969 et
1586 4908 1804 4969 termi-

308 5029 423 5070 nus
454 5005 807 5071 missionis.
840 5005 911 5067 ln
944 5005 1235 5068 mittente
1265 5023 1523 5088 quoque
1552 5012 1807 5068 notatur

307 5107 649 5170 auctoritas
676 5111 973 5186 respectu
1007 5103 1207 5166 missi.
1242 5103 1401 5167 Hinc
1431 5104 1631 5176 Pater,
1655 5104 1807 5186 quia

307 5219 343 5262 a
377 5201 557 5263 nullo
608 5197 899 5281 procedit
943 5215 1153 5280 neque
1200 5197 1595 5280 producitur,
1636 5197 1805 5260 mitti

306 5317 435 5368 non
481 5295 739 5376 dicitur.
786 5293 985 5358 Filius
1030 5311 1207 5370 vero,
1247 5295 1401 5378 quia
1446 5313 1485 5358 a
1529 5295 1666 5359 solo
1710 5300 1807 5358 est

558 5429 627 5482 T.
664 5429 743 5480 33.

1920 4311 2240 4394 principia
2295 4311 2554 4393 propria
2610 4312 3104 4394 appropriantur
3152 4313 3420 4397 Spiritui

1918 4411 2147 4474 Sancto
2168 4426 2183 4472 ε
2204 4417 2274 4472 ut
2303 4410 2458 4472 dum
2486 4409 2904 4473 accendimur
2931 4411 3210 4476 caritate.
3237 4414 3422 4479 Deni-

1918 4527 2043 4590 que
2073 4506 2348 4590 Spiritus
2389 4507 2656 4570 Sanctus
2697 4510 2957 4591 proprie
2996 4510 3232 4573 dicitur
3267 4512 3416 4576 dare

1916 4626 1986 4670 se
2034 4605 2272 4688 ipsum,
2323 4625 2524 4688 quum
2572 4615 2636 4668 et
2678 4615 2904 4689 sponte
2944 4607 3180 4691 aliquis
3223 4610 3415 4674 donet

1916 4724 1985 4768 se
2030 4705 2244 4787 ipsum
2293 4721 2308 4766 ε
2353 4705 2460 4767 dat
2503 4706 2744 4787 quippe
2785 4712 2856 4767 ut
2899 4706 3087 4781 Deus,
3129 4714 3192 4768 et
3227 4708 3414 4772 datur

1918 4812 1989 4867 ut
2016 4804 2277 4866 donum.
2311 4803 2518 4884 Atque
2550 4803 2660 4885 qui
2693 4802 2930 4866 habent
2972 4804 3300 4870 caritatem
3336 4825 3413 4870 ac

1916 4903 2208 4974 virtuteS,
2241 4906 2304 4964 et
2344 4899 2510 4962 dona
2546 4899 2762 4980 gratiae
2801 4909 3052 4981 gratum
3092 4901 3410 4980 facientia,

1917 4999 2226 5082 Spiritum
2279 4998 2580 5060 Sanctum
2630 4997 2864 5060 habere
2910 4999 3234 5076 dicuntur,
3284 5021 3414 5085 quo

1916 5099 1996 5162 ad
2037 5096 2294 5160 libitum
2345 5096 2672 5169 fruuntur,
2713 5113 2886 5158 nunc
2937 5097 3310 5180 imperfecte
3349 5109 3416 5164 et

1916 5196 2262 5268 interdum,
2305 5195 2372 5256 in
2414 5193 2632 5256 futuro
2669 5193 3104 5260 indesinenter
3143 5197 3208 5261 in
3247 5217 3414 5264 sem-

1914 5294 2265 5378 piternum.

3105 5429 3165 5484 10
