4300 6259
979 489 1056 536 1)ss
1097 489 1325 535 nnuma·
1365 487 1751 534 cmuswANAE
1791 485 2094 544 Tamum,
2141 487 2317 532 Lmen
2361 489 2399 532 1.
2447 507 2528 517 —
2569 489 2707 536 ΛΒΤ.
2754 489 2855 534 ux

3352 469 3471 534 303

368 656 572 737 citur3
623 677 833 742 neque
883 659 1036 722 finis
1092 657 1538 739 hujuscemodi
1588 655 1866 720 notionis
1893 655 1944 720 A
1976 675 2254 739 namque
2286 676 2418 720 rem
2454 658 2643 740 plene
2683 657 3027 740 cognoscit,
3063 657 3181 720 scit
3220 676 3293 719 ea
3333 676 3474 739 quae

365 765 456 818 est
486 757 801 832 scire‚sed
835 757 1183 820 bonitatem
1215 756 1578 818 diffundere
1605 763 1668 818 et
1699 772 1866 818 com-

367 856 712 918 municare.
735 857 1074 938 Quumque
1102 854 1320 917 divina
1350 855 1589 936 agnitio
1619 853 1704 916 sit
1731 872 1864 916 om-

365 952 729 1016 niformiter
795 954 1099 1036 perfecta,
1161 971 1564 1035 consequens
1633 961 1729 1014 est
1798 959 1868 1012 ut

367 1050 568 1132 ipsius
627 1053 908 1134 practica
963 1052 1243 1132 cognitio
1301 1052 1382 1112 sit
1442 1049 1864 1132 singularium

367 1148 664 1212 distincte
731 1151 1105 1214 contuitiva.
1183 1149 1424 1221 Denu0,
1494 1147 1865 1211 Aristoteles

369 1247 734 1328 reprobavit
765 1247 1238 1329 Empedoclem,
1265 1246 1464 1308 Deum
1497 1246 1706 1308 lucem
1739 1263 1865 1307 non

365 1363 709 1425 agnoscere
755 1354 1164 1410 asserentem.
1219 1345 1584 1408 Secundum
1632 1344 1866 1407 Aristo-

371 1442 562 1504 telem
607 1462 756 1524 ergo
799 1442 1150 1524 singularia
1191 1441 1522 1504 sensibilia
1569 1441 1868 1522 intelligit

369 1541 554 1602 Deus,
606 1543 688 1603 At
743 1560 897 1604 vero
944 1541 1298 1603 secundum
1345 1540 1748 1603 Aristotelem
1802 1541 1866 1601 in

367 1639 634 1713 Ethicis,
687 1641 880 1703 homo
928 1639 1462 1721 contemplativus
1513 1647 1610 1702 est
1653 1657 1870 1702 aman-

369 1739 658 1801 tissimus
707 1739 852 1802 Deo.
905 1740 1100 1801 Amor
1147 1755 1300 1800 vero
1357 1738 1496 1800 sine
1542 1737 1866 1818 agnitione

1977 755 2187 818 inesse
2219 765 2281 818 et
2310 757 2655 819 convenire
2686 765 2955 839 possunt
2981 757 3112 819 enti
3145 755 3273 817 tali.
3294 755 3479 818 Deni-

1975 872 2122 935 que,
2160 873 2361 916 unum
2391 856 2832 937 oppositorum
2863 856 3145 937 perfecte
3189 872 3315 918 non
3360 854 3477 916 sci-

1977 959 2082 1013 tur
2141 951 2391 1034 reliquo
2448 952 2735 1034 ignorato
2788 970 2801 1014 t
2856 953 3127 1036 ideoque
3185 952 3479 1034 opposita

1975 1048 2146 1129 apud
2180 1068 2245 1112 se
2278 1051 2482 1132 posita
2514 1051 2713 1132 magis
2744 1051 3135 1114 elucescunt.
3170 1051 3477 1125 Quoniam

1977 1165 2128 1227 ergo
2158 1149 2660 1230 completissimc
2703 1150 2868 1211 Deus
2906 1149 3221 1229 dignoscit
3264 1149 3479 1212 omnia

1979 1244 2166 1318 bona,
2198 1247 2491 1329 opposita
2526 1248 2688 1309 mala
2726 1248 3087 1310 necessario
3131 1249 3471 1329 cognoscit.

1979 1345 2553 1428 Contemplandum
2602 1353 2815 1408 tamen
2861 1353 2977 1418 est,
3012 1346 3181 1427 quod
3228 1364 3306 1408 ex
3350 1364 3477 1427 quo

1981 1444 2146 1505 mala
2167 1452 2229 1506 et
2251 1444 2584 1526 privativa,
2604 1463 2677 1506 ac
2708 1445 2901 1507 etiam
2935 1445 3323 1524 negationes,
3349 1463 3477 1506 non

1979 1551 2451 1624 cognoscuntur
2480 1543 2603 1605 nisi
2647 1563 2759 1625 per
2790 1543 3063 1625 positiva
3100 1543 3193 1605 eis
3232 1551 3477 1606 contra-

1979 1641 2071 1703 ria
2099 1643 2255 1722 (non
2288 1643 2463 1705 enim
2496 1650 3048 1723 cognoscerentur,
3084 1642 3135 1704 si
3168 1661 3293 1705 non
3326 1661 3478 1725 prae-

1977 1749 2473 1822 agnoscerentur
2502 1740 2787 1822 ipsorum
2822 1741 3113 1824 positiva,
3148 1741 3212 1803 in
3245 1742 3480 1823 quibus

368 1855 495 1899 non
533 1845 634 1899 est
665 1853 678 1898 ε
713 1837 1040 1900 hominem
1083 1853 1234 1917 ergo
1272 1835 1684 1917 singularem,
1718 1854 1863 1898 con·
1893 1841 1942 1905 B
1981 1845 2126 1900 nata
2172 1845 2322 1900 sunt
2364 1857 2526 1912 esse,
2576 1846 2685 1900 aut
2730 1839 2969 1921 quibus
3018 1839 3477 1921 opponuntur),

365 1934 816 2017 templativum
847 1934 1168 2007 videlicet,
1202 1941 1266 1996 et
1295 1941 1464 1997 amat
1493 1941 1556 1996 et
1584 1933 1869 2016 agnoscit

369 2035 554 2096 Deus.
589 2033 668 2095 Et
711 2034 844 2116 pari
896 2035 1136 2097 ratione
1180 2033 1542 2096 sensualem
1586 2032 1742 2106 odit,
1777 2051 1870 2094 se-

367 2133 654 2195 cundum
685 2132 1110 2196 Aristotelem.
1145 2132 1362 2213 Itaque
1393 2129 1728 2194 hominum
1762 2150 1868 2194 cu-

369 2251 502 2294 ram
545 2239 609 2294 et
648 2231 1254 2312 contemplationem
1296 2231 1460 2312 gerit
1499 2231 1682 2292 Deus.
1729 2231 1870 2303 Qui-

369 2331 514 2392 dam
563 2337 774 2392 tamen
819 2329 1044 2392 dicunt
1086 2329 1278 2409 hujus
1322 2330 1711 2411 oppositum,
1757 2329 1868 2391 sed

369 2429 449 2491 de
479 2430 602 2492 hoc
633 2428 951 2511 posterius
982 2427 1104 2490 erit
1131 2427 1598 2491 determinatio.

449 2533 528 2590 At
555 2545 712 2590 vero
741 2526 1022 2607 cognitio
1051 2526 1432 2588 universalis
1474 2533 1538 2588 et
1578 2527 1870 2590 indistin-

371 2635 492 2700 cta,
527 2624 1096 2708 imperfectissima
1125 2632 1256 2704 est;
1287 2642 1496 2706 neque
1539 2623 1866 2688 hominem

371 2725 727 2808 sapientem
777 2724 1054 2786 dicimus
1112 2730 1374 2806 propter
1420 2723 1868 2806 hujuscemodi

367 2823 782 2905 agnitionem.
819 2823 1048 2886 Divina
1088 2829 1304 2884 autem
1348 2823 1628 2904 cognitio
1669 2823 1870 2886 omni-

369 2941 452 2986 no
485 2921 770 3005 perfecta
797 2929 892 2984 est
927 2939 942 2982 ε
975 2921 1266 2984 omnium
1297 2929 1396 2984 est
1425 2921 1618 3002 igitur
1646 2921 1868 2984 distin-

369 3029 470 3084 cte
529 3019 1046 3104 contemplativa.
1099 3020 1346 3102 Quippe
1403 3020 1708 3102 quoniam
1757 3020 1868 3083 Dei
1899 3022 1944 3085 C

369 3119 653 3201 cognitio
707 3127 808 3181 est
861 3137 1052 3180 causa
1109 3137 1348 3191 rerum,
1397 3117 1590 3180 etiam
1647 3137 1868 3182 eorum

369 3238 518 3300 quae
559 3236 688 3280 non
737 3224 890 3279 sunt
937 3217 1366 3298 cognitionem
1417 3216 1628 3292 habet,
1685 3225 1872 3299 prout

369 3315 678 3378 videlicet
743 3315 810 3376 in
875 3315 1016 3395 ejus
1083 3313 1594 3398 apprehensione
1665 3315 1870 3378 subsi-

368 3423 572 3493 stunt.
597 3413 1074 3496 Imo,quoniam
1105 3432 1219 3495 per
1247 3414 1368 3475 hoc
1391 3413 1554 3476 Deus
1585 3432 1686 3476 res
1716 3415 1872 3477 alias

366 3513 720 3594 cognoscit,
755 3512 924 3594 quod
956 3511 1280 3595 propriam
1311 3512 1654 3576 essentiam
1691 3513 1873 3576 intel-

365 3613 516 3692 ligit
542 3619 612 3672 ut
639 3609 1131 3672 similitudinem
1171 3609 1550 3672 creabilium
1581 3629 1694 3672 seu
1736 3611 1875 3673 imi·

363 3709 637 3772 tabilem
665 3727 704 3770 a
734 3708 986 3782 creatis,
1021 3715 1092 3769 ut
1122 3706 1548 3790 praehabitum
1579 3717 1706 3787 est;
1729 3709 1787 3790 ej
1801 3729 1871 3772 us

361 3817 588 3872 autem
636 3807 934 3880 essentia,
987 3825 1189 3888 quum
1229 3807 1312 3868 sit
1363 3805 1634 3870 infinitae
1683 3807 1872 3870 incir-

361 3905 1031 3988 cumscriptibilisque
1074 3904 1512 3987 perfectionis,
1545 3905 1626 3967 ab
1658 3906 1872 3968 infini-

365 4009 450 4071 tis
501 4005 840 4088 speciebus
889 4003 1218 4066 imitabilis
1257 4011 1374 4077 est,
1409 4023 1618 4086 neque
1666 4003 1872 4068 finita-

367 4125 524 4168 rum
555 4111 926 4166 naturarum
970 4100 1312 4165 multitudo
1357 4120 1496 4165 eam
1545 4103 1732 4185 plene
1773 4105 1874 4166 ad-

1979 1935 2062 1998 ob
2096 1936 2179 2011 id,
2214 1936 2266 1997 si
2300 1936 2559 1998 divinus
2604 1937 2967 2000 intellectus
3012 1955 3081 2000 se
3124 1943 3372 1998 tantum
3418 1945 3481 1998 et

1981 2035 2157 2097 nulla
2204 2043 2381 2098 extra
2428 2054 2496 2098 se
2546 2043 2975 2117 cognosceret,
3026 2055 3233 2119 neque
3292 2036 3477 2110 mala,

1979 2151 2190 2214 neque
2246 2133 2672 2214 negationem,
2736 2153 2853 2196 nec
2912 2133 3227 2217 privativa
3284 2152 3479 2216 agno-

1980 2251 2158 2294 scere
2208 2241 2425 2314 posset
2464 2248 2478 2295 t
2513 2252 2715 2316 quum
2764 2233 2931 2296 bono
2973 2234 3141 2316 quod
3181 2242 3278 2296 est
3318 2234 3476 2315 ipse,

1981 2331 2159 2393 nulla
2232 2330 2506 2414 privatio
2573 2332 3017 2405 contrarietur,
3091 2351 3209 2394 nec
3286 2333 3476 2394 etiam

1985 2429 2247 2503 malum,
2288 2449 2489 2511 quum
2534 2431 2617 2492 sit
2662 2449 2862 2513 purus
2900 2437 3079 2492 actus
3119 2438 3182 2492 et
3229 2429 3479 2494 bonitas

1982 2547 2161 2610 pura.

2372 2792 2863 2860 ARTICULUS
2910 2794 3087 2857 LIX.

1981 2933 2076 2992 De
2119 2933 2487 2992 rationibus
2525 2933 2879 2992 volentium
2922 2936 3054 2995 Deo
3096 2935 3481 2994 subtrahere

2262 3022 2693 3098 coquitionem
2742 3022 3211 3100 sz'nyularium.

2103 3217 2413 3280 CIENTIA
2443 3217 2685 3300 quippe
2714 3225 2811 3280 est
2842 3220 3479 3301 verorum,quoniam

2129 3316 2485 3378 secundum
2516 3316 2943 3392 Aristotelem,
2978 3335 3104 3380 non
3149 3317 3315 3380 entis
3355 3338 3479 3382 non

1982 3423 2077 3478 est
2107 3414 2393 3477 scientia.
2427 3415 2632 3488 Quum
2666 3432 2815 3495 ergo
2854 3415 3200 3497 singularia
3239 3418 3485 3480 destru-

1982 3513 2229 3576 ctibilia
2260 3513 2409 3585 sint,
2444 3530 2569 3574 non
2602 3512 2854 3574 videtur
2885 3514 3055 3595 quod
3085 3513 3345 3576 divinus
3390 3516 3483 3578 in·

1981 3611 2507 3692 tellectus,cujus
2540 3611 2809 3674 scientia
2838 3612 3101 3675 omnino
3132 3612 3485 3676 incommu-

1983 3709 2199 3772 tabilis
2247 3716 2363 3780 est,
2409 3708 2633 3770 talium
2684 3709 2919 3771 habere
2969 3711 3172 3791 possit
3222 3712 3486 3793 agnitio-

1983 3827 2150 3870 nem.
2177 3808 2504 3880 Praeterea,
2530 3807 2924 3888 principium
2960 3807 3484 3871 individuationis

1983 3906 2389 3969 sensibilium
2426 3905 2925 3967 substantiarum
2959 3915 3056 3968 est
3097 3907 3360 3969 materia
3404 3908 3485 3969 si-

1981 4013 2190 4087 gnata,
2254 4023 2393 4086 quae
2464 4022 2577 4085 per
2636 4004 3121 4066 immaterialem
3182 4006 3483 4068 virtutem

1985 4122 2110 4165 non
2156 4102 2563 4184 cognoscitur
2596 4119 2609 4163 :
2646 4102 2924 4182 cognitio
2956 4121 3230 4185 namque
3263 4103 3339 4165 fit
3372 4123 3485 4186 per

363 4210 586 4286 aequat
613 4209 724 4264 aut
759 4207 1172 4282 repraesentat
1205 4216 1218 4260 :
1255 4199 1398 4262 ideo
1430 4201 1648 4282 utique
1679 4202 1868 4265 etiam
1903 4208 1954 4270 D
1983 4200 2535 4264 assimilationem.
2586 4199 2761 4263 Unde
2802 4199 2865 4262 in
2907 4200 3093 4262 nobis
3132 4203 3479 4275 cernimuS,

368 4300 634 4364 infinita
685 4297 988 4378 intelligit
1034 4297 1223 4370 DeuS,
1273 4298 1624 4378 praesertim
1673 4319 1872 4380 quum

363 4401 448 4464 ad
497 4397 754 4460 infinita
793 4397 996 4478 ipsius
1045 4413 1112 4458 se
1159 4395 1474 4476 expandat
1513 4398 1868 4460 causalitaS.

451 4497 824 4568 Enimvero,
851 4494 1154 4575 quoniam
1201 4493 1420 4556 eadem
1469 4496 1749 4576 potentia
1781 4505 1876 4559 est

364 4596 865 4668 contrariorum,
917 4593 1084 4656 sicut
1133 4593 1310 4656 visus
1357 4593 1486 4655 albi
1544 4601 1608 4655 et
1664 4595 1871 4676 nigri3

361 4700 546 4761 sicut
601 4695 768 4757 Deus
817 4691 1144 4773 cognoscit
1191 4691 1375 4765 bona,
1427 4691 1520 4754 sic
1567 4700 1632 4754 et
1690 4693 1868 4755 mala.

361 4799 640 4867 Rursus,
672 4792 1036 4854 intellectus
1065 4797 1164 4852 est
1193 4789 1326 4852 veri
1358 4797 1421 4850 et
1451 4788 1616 4864 falsi,
1650 4809 1874 4853 secun·

359 4898 532 4960 dum
563 4889 1020 4972 Philosophum
1057 4907 1069 4951 :
1107 4897 1173 4950 ut
1213 4887 1459 4950 scilicet
1501 4888 1734 4952 falsum
1781 4910 1873 4954 re-

359 4994 562 5064 futet,
621 4999 684 5053 et
743 5007 968 5052 verum
1030 4986 1356 5069 suscipiat.
1423 4986 1618 5060 Unde,
1673 5008 1872 5070 quum

361 5095 546 5156 Deus
573 5108 648 5152 ea
675 5096 901 5150 noscat
928 5086 1098 5149 circa
1130 5105 1272 5168 quae
1304 5086 1576 5168 privatio
1606 5094 1667 5148 et
1701 5088 1875 5149 mali-

359 5193 457 5255 tia
489 5189 866 5268 contingere
897 5185 1622 5269 possunt,privationem
1653 5193 1715 5247 et
1745 5204 1876 5248 om-

361 5307 530 5354 nem
601 5286 1006 5368 negationem
1077 5283 1270 5346 etiam
1347 5283 1686 5364 dignoscit.
1757 5285 1874 5360 Qui

1985 4299 2153 4382 quod
2222 4298 2668 4380 singularium,
2738 4299 2981 4362 ratione
3054 4300 3479 4364 materialium

1983 4398 2536 4480 appendiciarum,
2572 4398 2747 4460 nulla
2776 4397 2981 4459 virtus
3022 4399 3145 4460 nisi
3185 4401 3481 4480 organica

1984 4497 2450 4579 apprehensiva
2478 4503 2595 4570 cst,
2629 4497 2868 4558 directa
2899 4504 2963 4558 et
2992 4496 3287 4560 irreflexa
3315 4499 3483 4580 agni·

1985 4596 2159 4658 tione
2194 4612 2207 4656 :
2242 4595 2500 4657 divinus
2552 4595 2746 4675 igitur
2782 4595 2884 4674 (ut
2922 4595 3203 4676 videtur)
3242 4596 3482 4660 intelle-

1985 4702 2147 4766 ctuS,
2183 4712 2382 4775 quum
2426 4694 2509 4754 sit
2552 4693 3096 4774 simplicissimuS,
3146 4694 3480 4774 singulari-

1986 4811 2095 4854 um
2128 4791 2465 4852 intuitivus
2503 4808 2629 4853 non
2662 4790 3107 4871 est.AmpliuS,
3134 4791 3481 4871 singularia

1984 4889 2426 4968 contingenter
2466 4907 2532 4950 sc
2574 4888 2829 4951 habent.
2865 4889 3001 4950 Non
3043 4889 3234 4969 igitur
3275 4899 3485 4973 potest

1985 4996 2157 5050 certa
2186 4996 2249 5049 et
2280 4986 2639 5048 infallibilis
2670 4986 2947 5066 cognitio
2978 4986 3195 5049 haberi
3228 4989 3306 5051 de
3337 4989 3430 5052 eis
3463 5009 3477 5052 :

1984 5086 2298 5150 certitudo
2327 5085 2499 5146 enim
2532 5084 2814 5147 scientiae
2843 5086 3211 5168 adaequatur
3240 5095 3481 5152 naturae

1985 5185 2151 5249 sciti.
2227 5183 2473 5258 Adhuc,
2553 5184 2976 5265 quorumdam
3056 5185 3477 5266 singularium

1985 5303 2178 5348 causa
2208 5291 2307 5346 est
2334 5283 2629 5346 voluntas
2664 5299 2677 5344 ε
2716 5283 3061 5346 voluntatis
3090 5291 3303 5347 autem
3348 5303 3477 5350 mo·
