4300 6259
80 676 397 782 sshffippan,

110 2946 205 2988 Joa
224 2959 311 2995 vn,
340 2949 389 2988 ί.

64 3537 385 3586 Lae-11:153.

82 3733 205 3776 loel-
236 3749 307 3780 m.
326 3739 377 3778 ὁ-

1024 496 1104 542 ΒΕ
1144 495 1371 543 Lmurm
1412 495 1793 542 cflms'rtANAE
1834 493 2135 551 TnssomAE,
2180 495 2353 542 LIBER
2396 496 2458 540 11.
2507 513 2582 526 --
2625 496 2764 542 ΛΒΤ.
2811 496 2952 543 xcix

3408 473 3532 542 507

424 673 641 740 tuunt,
702 684 975 749 quorum
1030 668 1131 746 (ut
1196 665 1285 727 ait
1339 663 1707 748 Apostolus)
1772 661 2009 727 deusA
2039 670 2137 727 est
2172 665 2556 746 (secundum
2593 667 3050 749 Augustinum)
3087 673 3218 729 tota
3268 683 3530 728 merces,

422 774 656 829 venter
698 772 813 828 est.

510 863 585 926 Hi
651 863 929 945 denique
987 863 1099 944 qui
1156 862 1467 926 veraciter
1526 861 1695 925 beati
1755 868 1925 936 sunt,

422 961 911 1042 apprehendent
968 959 1382 1023 beatitudinis
1430 959 1757 1040 objectum
1807 959 1927 1022 sub

426 1058 669 1123 ratione
734 1059 1151 1122 beatitudinis
1227 1077 1301 1122 ac
1370 1059 1579 1121 ultimi
1648 1058 1799 1120 finis
1866 1065 1929 1120 et

422 1159 667 1220 summi
716 1157 868 1221 boni
916 1175 929 1219 :
977 1157 1162 1221 aliter
1207 1175 1441 1240 nempe
1490 1157 1555 1218 in
1610 1156 1723 1219 tali
1760 1156 1927 1219 bono

424 1256 781 1318 contentari
828 1263 893 1318 et
940 1255 1165 1318 sistere
1209 1273 1335 1318 non
1381 1263 1661 1337 possent,
1708 1262 1773 1318 et
1812 1273 1928 1336 per

423 1371 828 1437 consequens
868 1373 1077 1436 neque
1116 1353 1339 1416 felices
1378 1361 1611 1416 essent.
1646 1353 1723 1416 Et
1760 1353 1927 1415 sicut

424 1453 715 1534 ipsorum
764 1452 1057 1515 voluntas
1101 1471 1180 1515 ex
1224 1452 1343 1515 boc
1382 1452 1448 1515 in
1489 1452 1657 1515 bono
1696 1451 1926 1514 confir-

424 1549 731 1623 mabitur,
774 1549 861 1612 ita
899 1549 1319 1633 reproborum
1368 1551 1581 1613 omnis
1627 1549 1922 1623 affectuS,

422 1657 684 1732 propter
714 1651 1174 1732 praeinductam
1204 1651 1627 1725 aversionem,
1660 1651 1727 1713 in
1760 1649 1926 1713 malo

420 1747 1009 1823 immobilitabitur,
1068 1767 1279 1830 neque
1342 1749 1625 1812 converti
1694 1749 1927 1831 poterit

2036 764 2314 827 Visionis
2345 774 2558 828 autern
2589 765 2701 828 Dei
2731 773 2827 829 est
2855 766 3069 828 anima
3108 783 3307 847 capax
3335 783 3372 826 a
3399 782 3535 826 cor-

2038 880 2193 944 pore
2231 871 2450 945 erepta
2483 881 2496 926 ε
2532 864 2850 946 siquidem
2893 882 3148 946 corpus,
3190 862 3359 945 quod
3399 880 3533 925 cor·
3562 873 3728 930 Sap-ux

2037 961 2382 1043 rumpitur,
2419 970 2718 1043 aggravat
2762 962 3064 1025 animam.
3118 961 3294 1036 Quod
3342 960 3534 1023 etiam

2037 1059 2278 1122 Platoni
2323 1068 2386 1122 et
2426 1061 2680 1142 Origeni
2724 1061 2909 1124 valde
2957 1062 3168 1124 visum
3216 1068 3330 1123 est.
3377 1058 3536 1122 Mole

2038 1157 2252 1240 itaque
2283 1159 2492 1221 carnis
2523 1159 2792 1240 abJecta,
2821 1161 2953 1240 Jam
2994 1158 3434 1222 immaterialis
3473 1164 3539 1220 et

2038 1257 2313 1339 simplex
2377 1259 2594 1320 anima
2651 1279 2794 1340 quae
2851 1267 3067 1322 sancta
3125 1265 3240 1330 est,
3302 1257 3536 1320 divinae

2039 1355 2204 1419 lucis
2243 1357 2766 1439 contemplationi
2807 1365 3020 1440 aptata
3057 1365 3174 1420 est.
3222 1355 3532 1439 Denique,

2038 1455 2092 1516 si
2148 1454 2338 1535 justis
2387 1456 2600 1518 statim
2661 1456 2947 1519 redditur
2993 1456 3208 1537 gloriae
3267 1473 3534 1529 merceS‚

2035 1561 2192 1615 tunc
2231 1555 2519 1636 reprobis
2561 1573 2705 1618 mox
2751 1562 3084 1637 praestatur
3128 1553 3396 1637 poenalis
3442 1571 3537 1615 re-

2037 1650 2322 1715 tributio.

2118 1750 2483 1824 Enimvero,
2515 1752 2578 1812 in
2613 1751 2832 1814 electis
2864 1751 3202 1814 animabus
3241 1751 3390 1814 hinc
3429 1751 3535 1812 de-

422 1865 911 1929 usquequaque,
944 1847 1055 1910 sed
1086 1865 1341 1909 summo
1372 1847 1559 1920 bono,
1585 1848 1753 1928 quod
1786 1847 1925 1908 uni-
1952 1849 1999 1910 B
2038 1848 2437 1922 cedentibus,
2487 1849 2812 1912 dilationis
2861 1869 3053 1912 causa
3096 1849 3380 1912 vicissim
3434 1867 3536 1910 ac-

414 1963 755 2008 versorum
816 1946 1063 2008 entium
1130 1946 1531 2009 naturalibus
1589 1945 1923 2008 desideriis

412 2044 1033 2126 appetibilissimum
1091 2053 1157 2108 et
1209 2044 1745 2108 amabilissimum
1802 2052 1919 2118 est,

414 2141 1009 2224 irrecuperabiliter
1051 2143 1451 2206 destituetur.

786 2403 1276 2468 ARTICULUS
1321 2405 1561 2469 XCIX.

450 2547 640 2614 Quod
686 2545 1033 2604 animabus
1070 2564 1110 2604 a
1149 2546 1531 2620 corporibus
1578 2548 1901 2621 separatis

496 2634 783 2710 proemia
813 2642 929 2693 aut
952 2651 1163 2710 poenae
1194 2653 1345 2693 mom
1376 2637 1841 2696 restituantur.

550 2831 573 2893 1
624 2829 817 2911 igitur
864 2829 1010 2894 vitae
1058 2831 1253 2911 hujus
1310 2838 1533 2906 statuS,
1586 2833 1669 2894 sit
1725 2840 1923 2895 status

576 2948 806 3011 pugnae
853 2936 918 2991 et
967 2929 1233 3002 militiae,
1280 2928 1637 3012 diebusque
1690 2949 1924 2993 merce-

2036 1947 2250 2010 cidere
2299 1955 2522 2028 potest.
2567 1949 2775 2010 Palam
2814 1949 3056 2030 quippe
3095 1957 3212 2022 est,
3253 1947 3534 2010 animam

2035 2046 2112 2107 ad
2160 2046 2269 2108 Dei
2318 2046 2630 2110 visionem
2681 2067 2822 2129 quae
2871 2055 2967 2109 est
3011 2066 3125 2129 per
3168 2045 3531 2118 essentiam,

2036 2144 2286 2206 admitti
2329 2163 2453 2206 non
2501 2163 2708 2226 posse,
2755 2145 2876 2208 nisi
2925 2146 3100 2209 omni
3147 2144 3396 2208 macula
3439 2163 3537 2205 ca-

2038 2251 2174 2304 reat
2205 2243 2403 2305 instar
2439 2242 2834 2325 angelorum.
2870 2245 2937 2306 In
2985 2245 3114 2308 vita
3157 2251 3372 2306 autern
3417 2243 3534 2304 hac

2037 2361 2073 2402 a
2122 2341 2402 2422 peccatis
2460 2342 2717 2423 penitus
2773 2343 3093 2406 abstinere
3152 2342 3535 2424 nequimus;

2038 2440 2149 2501 sed
2181 2458 2295 2520 per
2324 2440 2768 2503 Poenitentiam
2799 2448 2862 2503 et
2899 2449 3110 2504 cetera
3146 2447 3540 2503 sacramenta

2038 2537 2463 2620 purificamur
2491 2557 2528 2600 a
2560 2539 2827 2601 maculis
2861 2539 3122 2621 peccati.
3151 2539 3314 2601 Dum
3346 2539 3540 2619 igitur

2036 2635 2250 2696 anima
2313 2635 2376 2696 in
2427 2635 2698 2696 crimine
2745 2653 2872 2698 non
2919 2636 3052 2716 jam
3104 2633 3377 2708 mortali,
3429 2635 3540 2695 sed

2035 2733 2296 2808 veniali,
2351 2732 2502 2795 hinc
2553 2734 2843 2814 emigrat,
2897 2734 3180 2796 nondum
3241 2739 3386 2814 apta
3443 2741 3542 2794 est

2034 2831 2268 2893 visioni
2320 2831 2453 2905 Dei,
2495 2850 2706 2912 neque
2753 2839 3054 2894 aeternam
3106 2849 3361 2913 poenam
3413 2849 3539 2892 me-

2037 2929 2208 3007 ruit3
2251 2929 2361 2990 sed
2412 2929 2567 3011 quid
2621 2930 2952 3011 purgabile
3001 2929 3242 2992 habens
3291 2929 3355 2991 in
3409 2929 3540 2990 vita

418 3028 588 3090 narii
618 3035 1049 3109 comparatus3
1076 3029 1383 3108 pugnanti
1415 3036 1623 3090 autem
1654 3048 1727 3091 ac
1761 3029 1923 3091 mili·
1962 3027 2005 3092 C
2039 3027 2177 3098 hac,
2211 3027 2486 3089 necdum
2530 3027 2717 3108 plene
2757 3036 3121 3110 purgatum,
3163 3027 3533 3089 dilationem

416 3123 599 3196 tanti,
624 3123 836 3186 statim
870 3131 1012 3204 post
1044 3122 1324 3186 laborem
1358 3143 1470 3186 seu
1503 3124 1919 3206 triumphum,

416 3229 533 3284 aut
599 3229 769 3285 certe
838 3221 1249 3303 illegitimum
1318 3229 1663 3296 certamen,
1735 3243 1925 3306 poena

418 3328 760 3403 praestatur
804 3328 915 3382 aut
971 3321 1331 3403 praemium,
1381 3322 1919 3403 quemadmodum

416 3427 486 3482 et
520 3419 911 3482 mercenario
930 3419 1131 3498 (unde
1161 3419 1425 3483 Levitici
1459 3420 1919 3484 nonodecimo:

415 3516 559 3579 Non
601 3516 957 3579 morabitur
996 3535 1159 3598 opus
1206 3517 1581 3579 mercenarii
1622 3519 1715 3580 tui
1752 3519 1921 3600 apud

416 3624 483 3678 tc
518 3633 721 3696 usque
768 3631 986 3694 mane3
1020 3622 1083 3677 et
1115 3615 1180 3676 in
1208 3615 1379 3678 Joele
1422 3615 1731 3678 Dominus
1774 3617 1863 3678 ait
1905 3634 1917 3678 :

416 3713 561 3777 Cito
605 3714 863 3776 reddam
911 3713 1217 3776 velociter
1258 3712 1768 3776 vicissitudinem
1817 3733 1921 3777 vo-

415 3810 523 3873 bis
562 3830 757 3893 super
798 3818 992 3892 caput
1028 3812 1342 3891 vestrum)
1374 3829 1389 3872 ε
1422 3811 1653 3874 animae
1698 3830 1848 3893 ergo
1886 3833 1923 3875 a

412 3908 795 3990 corporibus
854 3909 1263 3990 emigranteS,
1320 3927 1573 3991 poenam
1632 3917 1743 3971 aut
1788 3910 1920 3990 glo-

412 4007 581 4069 riam
614 4025 759 4070 mox
800 4008 1021 4089 utique
1065 4014 1565 4089 consequuntur.
1601 4007 1915 4089 AmpliuS,

410 4123 609 4168 omne
638 4113 971 4188 peccatum
1002 4124 1039 4168 a
1066 4104 1395 4168 voluntate
1424 4106 1744 4188 dependet
1776 4123 1789 4168 z
1826 4107 1915 4168 nil

2036 3125 2310 3188 sustinet
2365 3133 2616 3189 aeternae
2676 3125 3112 3200 beatitudinis,
3163 3127 3364 3188 donec
3426 3143 3539 3207 per

2037 3242 2258 3305 poenas
2299 3225 2693 3306 purgatorias
2745 3225 3000 3306 penitus
3051 3224 3434 3302 mundetur3
3475 3231 3539 3285 et

2034 3328 2189 3383 tunc
2237 3323 2315 3383 ad
2375 3322 2487 3385 Dei
2543 3322 2856 3385 visionem
2917 3323 3285 3384 immediate
3341 3320 3539 3383 subli-

2038 3421 2270 3482 manda
2311 3429 2424 3482 est.
2462 3421 2797 3502 Propterea
2840 3421 3054 3502 itaque
3099 3418 3534 3502 purgatorium

2038 3519 2356 3600 ponimus.
2392 3519 2637 3592 Adhuc,
2680 3535 2796 3600 pro
2833 3518 2933 3581 his
2976 3519 3084 3601 qui
3127 3519 3261 3599 jam
3309 3519 3372 3579 in
3418 3525 3537 3580 ter-

2040 3617 2214 3680 mino
2245 3623 2414 3690 sunt,
2448 3617 2600 3679 boni
2633 3617 2880 3679 scilicet
2909 3618 3010 3680 vel
3046 3617 3216 3689 mali,
3250 3636 3360 3679 seu
3395 3616 3533 3683 feli—

2035 3715 2244 3778 citatis
2275 3723 2384 3778 aut
2413 3716 2862 3790 damnationiS,
2895 3717 3206 3778 orandum
3247 3734 3375 3778 non
3413 3723 3529 3787 est,

2035 3816 2143 3877 sed
2208 3833 2322 3896 pro
2372 3815 2465 3877 eis
2513 3815 2841 3876 dumtaxat
2888 3815 2998 3896 qui
3047 3815 3125 3876 ad
3183 3814 3530 3876 terminum

2034 3914 2308 3976 necdum
2345 3920 2793 3994 pervenerunt.
2831 3913 2976 3975 Orat
3004 3920 3216 3975 autem
3249 3913 3533 3976 Ecclesia

2034 4030 2147 4094 pro
2178 4011 2498 4074 defunctis
2535 4029 2547 4072 :
2582 4031 2724 4092 quae
2763 4011 2964 4074 oratio
3007 4011 3215 4072 inanis
3255 4019 3444 4085 esset,
3476 4011 3528 4072 si

2032 4109 2471 4192 purgatorium
2515 4127 2643 4172 non
2686 4109 2868 4173 foret.

410 4223 651 4285 nempe
694 4205 1095 4266 meritorium
1140 4212 1236 4266 est
1279 4204 1379 4266 vel
1424 4204 1749 4278 vitiosum,
1793 4204 1915 4268 nisi
1950 4209 2000 4270 D
2109 4208 2320 4280 Porr0,
2354 4207 2523 4289 quod
2555 4207 2786 4270 animae
2814 4227 2956 4290 quae
2998 4208 3363 4289 purgatorio
3400 4227 3524 4271 non

408 4303 869 4366 voluntarium.
925 4302 1125 4384 Culpa
1182 4302 1377 4383 igitur
1434 4320 1561 4365 non
1611 4303 1920 4385 competit

410 4403 668 4484 corpori
718 4401 841 4463 nisi
891 4419 1007 4482 per
1054 4401 1355 4462 animam.
1404 4401 1583 4464 Sicut
1629 4421 1779 4483 ergo
1837 4402 1916 4464 ab

406 4501 625 4562 anima
656 4501 979 4587 iuncorpus
1008 4498 1198 4580 culpa
1218 4507 1279 4562 et
1300 4498 1498 4561 virtus
1529 4499 1913 4575 derivantur,

407 4600 509 4662 sic
542 4606 785 4660 rectum
816 4606 913 4660 est
941 4605 1005 4660 et
1033 4597 1243 4660 ordini
1276 4606 1734 4679 congruum,ut
1763 4619 1917 4682 prae-

406 4697 620 4760 mium
667 4714 921 4779 quoque
974 4703 1039 4759 et
1088 4703 1480 4759 tormentum
1531 4697 1739 4779 primo
1786 4698 1916 4760 sint

404 4797 476 4859 in
511 4795 740 4868 anima,
773 4802 836 4858 et
865 4813 945 4857 ex
974 4813 1048 4857 ea
1079 4795 1438 4858 redundent
1465 4795 1809 4878 aliquando
1848 4797 1909 4858 in

402 4913 663 4975 corpus.
707 4893 895 4956 Nulla
935 4892 1131 4974 igitur
1169 4912 1359 4956 causa
1405 4893 1792 4977 relinquitur
1830 4895 1912 4958 ob

400 5011 603 5076 quam
632 4992 853 5054 dilatio
883 4991 1071 5054 fieret
1102 4991 1165 5053 in
1196 4991 1533 5056 animabus
1578 4993 1907 5076 separatiS,

402 5111 491 5155 ne
544 5109 797 5172 poenam
867 5098 978 5152 aut
1043 5089 1312 5171 gloriam
1372 5092 1583 5154 sortiri
1643 5093 1911 5155 debeant

400 5188 537 5253 nisi
568 5187 945 5270 corporibus
976 5207 1196 5250 rursus
1228 5189 1627 5270 copulentur.
1655 5191 1909 5253 Praeter-

400 5307 505 5364 ea,
540 5287 875 5370 praemium
908 5287 1259 5350 electorum
1290 5297 1387 5350 est
1416 5287 1526 5352 Dei
1557 5288 1742 5363 visi0,
1766 5309 1907 5372 quae

2029 4307 2438 4388 deputantur,
2473 4306 2572 4368 vel
2617 4305 3078 4369 beatitudinem
3123 4307 3226 4370 vel
3271 4326 3526 4390 poenam

2025 4407 2334 4486 gehennae
2401 4413 2542 4487 post
2610 4413 2878 4467 mortem
2941 4424 3086 4468 mox
3145 4406 3521 4489 suscipiant,

2026 4504 2370 4586 Scripturae
2435 4505 2819 4567 testimoniis
2885 4504 3211 4566 elucescit.
3282 4505 3527 4567 Dicitur

2026 4603 2201 4666 enim
2249 4602 2312 4664 in
2352 4602 2521 4664 Luca
2563 4619 2576 4662 :
2619 4603 2901 4665 Mortuus
2945 4610 3041 4664 est
3084 4603 3285 4677 diveS,
3327 4611 3392 4666 et
3434 4624 3522 4666 se·
3593 4629 3699 4671 auc.

2026 4701 2245 4782 pultus
2275 4709 2372 4762 est
2404 4701 2467 4762 in
2501 4700 2770 4762 inferno.
2810 4701 2884 4761 Et
2919 4700 3035 4764 Job
3071 4718 3084 4762 :
3120 4702 3372 4763 Ducunt
3399 4702 3522 4782 (in-
3553 4695 3618 4734 ²²·

2029 4799 2195 4881 quit)
2238 4799 2302 4859 in
2350 4799 2517 4861 bono
2561 4798 2696 4859 dies
2743 4816 2912 4870 suos,
2947 4805 3009 4860 et
3054 4799 3118 4860 in
3164 4808 3403 4881 puncto
3443 4801 3519 4862 ad

2023 4896 2277 4958 inferna
2307 4896 2721 4959 descendunt.
2757 4897 2884 4958 Nec
2923 4895 3191 4958 dubium
3232 4899 3388 4978 quin
3431 4899 3522 4960 in-

2022 4995 2244 5058 fernus
2289 4996 2372 5057 sit
2415 4995 2832 5077 reproborum
2878 4995 3072 5056 locus.
3116 4995 3404 5078 Insuper,
3445 5000 3520 5060 ad

3551 4755 3633 4796 Job
3649 4769 3702 4797 xx

2023 5094 2462 5174 Philippenses
2508 5093 2818 5165 scribenS,
2851 5092 3190 5173 Apostolus
3220 5094 3310 5155 ait
3352 5112 3365 5155 ε
3410 5097 3523 5158 De·
3569 5121 3815 5178 mamma,

2021 5192 2329 5256 siderium
2361 5191 2564 5253 habeo
2602 5191 2864 5253 dissolvi
2896 5199 2960 5252 et
2997 5209 3135 5252 esse
3166 5210 3312 5253 cum
3345 5193 3518 5256 Chri·
3552 5189 3617 5229 2³·

2019 5297 2135 5353 sto.
2160 5289 2446 5354 Christus
2476 5298 2690 5352 autem
2720 5290 2784 5352 in
2817 5288 2996 5353 coelis
3027 5296 3140 5351 est.
3161 5290 3254 5352 Ad
3285 5291 3520 5355 coelum

3733 875 3825 924 ,15.

3731 4643 3815 4680 xvi,

3706 4769 3732 4806 ι,
3751 4759 3815 4798 13.
