4300 6259
1373 942 1598 1066 DE
1713 942 2405 1068 LUMINE

521 1311 1996 1466 CHRISTIANAE
2154 1311 3231 1466 THEORIAE

1236 1707 1748 1817 LIBER
1859 1705 2505 1818 PRIMUS

631 2428 1120 2494 ARTICULUS
1166 2427 1518 2494 PRIMUS.

341 2578 514 2644 Quod
539 2577 768 2636 divini
803 2577 1170 2637 intellectus
1205 2579 1292 2636 sit
1331 2579 1558 2636 anima
1601 2585 1826 2636 nostra

627 2667 956 2742 expressio
995 2675 1056 2726 et
1097 2667 1528 2744 siqnaculum.

460 2864 548 2928 ST
589 2870 804 2927 autem
841 2881 1034 2926 omne
1071 2869 1402 2925 causatum
1448 2861 1826 2947 participata

486 2962 782 3045 quoedam
837 2961 1192 3024 similitudo
1247 2979 1378 3024 suae
1435 2979 1659 3024 causae.
1713 2960 1822 3025 Co-

335 3061 527 3140 gnitio
563 3077 847 3142 namque
886 3078 1000 3142 per
1045 3057 1570 3122 assimilationem
1618 3057 1823 3121 effici-

337 3165 451 3231 tur,
481 3175 687 3240 quum
715 3163 1003 3239 oporteat
1037 3156 1274 3238 cogniti
1313 3155 1576 3220 formam
1619 3157 1825 3220 inesse

335 3254 1020 3336 cognoscenti.lnducit
1045 3272 1198 3318 vero
1227 3263 1554 3318 causatum
1590 3255 1652 3318 in
1683 3273 1826 3318 cau-

335 3373 414 3416 sae
441 3353 894 3436 cognitionem,
927 3361 992 3414 et
1019 3351 1102 3415 ob
1143 3352 1284 3426 hoe,
1319 3353 1533 3435 ipsum
1565 3361 1662 3416 est
1689 3361 1823 3416 tan-

336 3473 512 3534 quam
543 3453 794 3536 species
823 3460 888 3516 et
916 3453 1126 3533 imago
1151 3471 1376 3516 causae.
1393 3452 1586 3515 Omne
1618 3453 1824 3534 itaque

1849 2371 1902 2432 A
1933 2389 2002 2433 se
2043 2369 2516 2446 conversivam,
2556 2369 2749 2435 habet
2790 2373 3211 2438 substantiam
3252 2395 3430 2460 sepa-

1933 2468 2204 2532 rabilem
2240 2469 2321 2532 ab
2360 2469 2537 2533 omni
2576 2488 2865 2554 corpore,
2896 2474 3251 2537 secundum
3288 2475 3431 2540 Pro-

1935 2566 2128 2629 clum.
2176 2565 2279 2630 Sic
2330 2565 2523 2648 igitur
2568 2576 2665 2631 est
2709 2569 2925 2633 anima
2970 2579 3185 2634 nostra
3226 2573 3431 2636 divini

1933 2663 2299 2726 intellectus
2340 2665 2685 2747 expressio.
2720 2666 2969 2750 Quippe
3006 2670 3230 2751 primae
3268 2671 3431 2734 lucis

1933 2762 2199 2826 diffusio
2240 2763 2459 2826 omnia
2498 2763 2793 2839 illustrat,
2834 2785 3035 2847 quum
3080 2767 3173 2830 nil
3214 2769 3297 2832 sit
3338 2769 3431 2831 di-

1935 2859 2100 2924 vinoe
2131 2859 2509 2924 influxionis
2536 2878 2785 2943 expers,
2802 2862 3167 2928 Intellectus
3196 2874 3428 2942 autem,

1936 2959 2241 3042 quoniam
2300 2959 2537 3040 largius
2596 2966 2660 3022 et
2724 2961 3171 3026 vehementius
3226 2964 3430 3028 divini

1939 3057 2203 3120 luminis
2235 3057 2671 3121 immissiones
2708 3059 2998 3142 suscipit,
3032 3079 3161 3142 prae
3200 3063 3429 3126 ceteris

1935 3155 2193 3218 entibus
2240 3155 2523 3219 divinius
2571 3163 2638 3218 et
2682 3156 2887 3220 divini
2940 3158 3301 3222 intellectus
3349 3161 3429 3224 si-

1933 3253 2277 3334 gnaculum
2316 3253 2693 3338 appellatur.
2729 3255 2903 3318 Unde
2934 3255 3131 3319 David
3166 3275 3179 3319 :
3214 3259 3429 3339 Signa·
3459 3275 3677 3329 emm.

1933 3359 2072 3415 tum
2115 3361 2233 3428 est,
2280 3352 2512 3434 inquit,
2558 3372 2753 3436 super
2794 3371 2907 3417 nos
2954 3354 3169 3418 lumen
3215 3357 3430 3421 vultus

1936 3451 2051 3525 tui,
2095 3451 2383 3514 Domine.
2428 3451 2559 3514 Hoc
2604 3451 2801 3532 igitur
2843 3452 3033 3515 modo
3074 3455 3431 3520 intellectu-

337 3559 614 3613 creatum
651 3550 868 3613 radius
909 3549 1169 3632 quidam
1213 3556 1310 3612 est
1349 3557 1412 3612 et
1453 3551 1824 3632 exemplum
1857 3547 1906 3610 B
1935 3549 2052 3612 alis
2090 3549 2305 3612 anima
2340 3549 2677 3613 deiformis
2714 3557 2777 3612 et
2816 3551 3039 3633 primae
3079 3551 3241 3616 lucis
3282 3555 3433 3619 ima-

336 3651 426 3712 sui
481 3647 818 3714 Creatoris.
869 3647 1006 3711 Non
1064 3649 1237 3710 enim
1296 3648 1482 3711 aliter
1538 3649 1826 3730 superin-

335 3747 604 3810 visibilis
643 3747 852 3810 Deitas
897 3754 964 3810 et
1011 3753 1236 3810 creatae
1275 3745 1400 3808 illae
1443 3765 1824 3828 supermun-

335 3846 504 3910 danae
543 3851 814 3918 mentes,
849 3863 964 3926 per
1000 3843 1196 3925 hujus
1231 3843 1556 3906 sensibilis
1599 3845 1823 3907 mundi

337 3961 701 4026 corpoream
731 3949 1020 4005 naturam
1059 3942 1602 4024 conspicerentur.
1637 3942 1823 4005 Intel-

339 4040 620 4105 lectualis
649 4047 862 4103 autem
893 4040 1188 4113 essentia,
1213 4041 1438 4120 primae
1457 4047 1522 4104 et
1550 4039 1823 4105 fontanae

337 4137 598 4202 bonitati
639 4138 970 4202 simillima
1009 4145 1124 4202 est.
1172 4127 1368 4200 Nulla
1399 4137 1572 4200 enim
1620 4139 1821 4203 virtus

337 4238 668 4319 cognitiva,
713 4246 812 4301 est
851 4236 931 4299 ad
971 4255 1040 4300 se
1083 4236 1358 4310 rediens,
1405 4237 1528 4299 nisi
1574 4237 1818 4300 intelle·

339 4344 488 4399 ctus.
551 4337 794 4410 Denuo,
853 4335 1030 4397 nulla
1087 4341 1314 4397 natura
1379 4335 1820 4398 immaterialis

337 4443 444 4508 est,
493 4443 558 4498 et
617 4433 682 4496 in
739 4451 808 4496 se
857 4433 997 4516 ipsa
1043 4432 1576 4496 indissolubiliter
1621 4433 1822 4497 subsi-

337 4541 526 4608 stens,
591 4533 716 4596 nisi
775 4531 1229 4594 intellectualis
1295 4531 1664 4594 substantia.
1730 4531 1821 4595 Ob

339 4631 448 4692 boc
475 4648 630 4712 ergo
667 4629 1264 4712 supersubstantiali
1305 4629 1528 4711 primae
1567 4629 1694 4693 luci
1725 4639 1822 4694 est

1935 3665 2015 3728 go
2054 3647 2459 3711 describitur.

2372 3915 2861 3982 ARTICULUS
2908 3919 2997 3982 II.

1937 4073 2489 4141 Quemadmodum
2544 4073 2889 4148 deiformis
2943 4077 3193 4146 anima,
3244 4080 3313 4138 in
3363 4099 3432 4140 eo

2014 4164 2189 4240 quod
2243 4161 2489 4220 divinoe
2541 4163 2707 4222 lucis
2758 4165 3169 4240 siquae-ulum
3221 4178 3313 4229 est
3370 4179 3432 4230 ec

2016 4255 2254 4327 imay0,
2275 4251 2361 4309 sit
2388 4251 2728 4325 sapientiae
2754 4271 2990 4328 capam,
3011 4263 3073 4315 et
3099 4259 3433 4335 particeps

2012 4342 2261 4399 divinoe
2290 4341 2459 4398 vitoe.

2077 4527 2371 4591 [ὈΝΙΑΜ
2408 4547 2561 4592 vero
2604 4531 2843 4608 anima,
2888 4533 3253 4599 divinorum
3300 4539 3433 4601 ani·

2107 4645 2357 4690 morum
2415 4635 2479 4688 et
2535 4630 3045 4713 supersimplicis
3106 4635 3216 4696 Dei
3284 4653 3430 4700 con-

339 4729 690 4793 intellectus
719 4729 1108 4792 simillimus.
1127 4729 1235 4790 Est
1263 4737 1466 4792 autem
1493 4729 1702 4792 anima
1733 4731 1822 4792 in·
1851 4729 1896 4794 C
1931 4725 2303 4806 templativa
2350 4734 2467 4800 est,
2520 4746 2779 4791 necesse
2826 4737 2921 4792 est
2970 4747 3085 4794 nos
3134 4732 3429 4797 confiteri

333 4828 706 4891 tellectualis
735 4827 1114 4890 substantia:
1137 4836 1396 4910 propter
1415 4829 1578 4910 quod
1611 4847 1824 4890 neces-

335 4928 494 4990 sario
535 4934 744 4989 creata
782 4932 898 4988 est.
932 4926 1089 4989 Nam
1133 4928 1487 4989 seeundum
1527 4927 1824 4989 Aristote-

337 5024 478 5098 lem,
497 5024 858 5088 intellectus
890 5031 986 5087 est
1012 5023 1093 5087 ab
1125 5031 1318 5087 extra.
1338 5025 1824 5096 RursuS,omnis

337 5122 856 5186 indestructibilis
885 5129 947 5184 et
980 5122 1358 5186 immortalis
1388 5121 1666 5185 essentia
1695 5140 1824 5184 cre-

335 5227 434 5282 ata
479 5229 594 5284 est.
633 5219 862 5283 Anima
905 5227 1122 5282 autem
1169 5219 1616 5300 hujuscemodi
1666 5227 1764 5282 est
1805 5237 1818 5282 ε

337 5327 432 5384 est
481 5320 656 5384 enim
712 5318 793 5382 ad
847 5337 918 5382 se
965 5318 1260 5400 rediens3
1307 5336 1498 5382 omne
1547 5335 1698 5382 vero
1744 5319 1824 5381 ad

1933 4824 2148 4885 lumen
2203 4824 2523 4905 quoddam
2572 4826 2905 4900 deiforme,
2960 4828 3320 4894 immortale
3367 4841 3431 4896 et

1931 4922 2205 5003 simplex
2245 4923 2311 4984 in
2354 4931 2565 4986 mente
2604 4925 2971 5000 consistere,
3004 4947 3203 5009 quum
3249 4947 3432 5012 opor-

1935 5027 2060 5082 teat
2097 5020 2350 5101 objecto
2395 5021 2697 5083 virtutem
2741 5025 3205 5105 proportionari
3242 5048 3257 5093 ε
3291 5047 3431 5111 pro-

1935 5126 2074 5200 pter
2131 5119 2302 5200 quod
2361 5119 2728 5183 Aristoteles
2782 5121 2873 5184 ait
2928 5124 3081 5206 quid
3134 5125 3428 5191 divinum

1937 5217 2144 5280 inesse
2184 5218 2389 5280 nobis
2424 5219 2550 5282 Hoc
2590 5239 2823 5303 nempe
2863 5221 3079 5284 lumen
3124 5225 3432 5290 continuo

1936 5324 2000 5380 et
2057 5317 2333 5400 tempori
2391 5318 2743 5400 obligatum
2794 5337 2921 5384 non
2970 5328 3086 5397 est,
3139 5324 3292 5408 quia
3336 5345 3431 5392 se-
