4300 6259
164 1551 307 1587 nnnnnn

908 468 989 515 1)ss
1029 468 1255 515 Lem
1297 467 1678 517 cnmsTIANAE
1718 466 2020 526 molum,
2064 468 2241 517 LIBER
2283 470 2348 515 11.
2389 488 2470 501 -
2509 470 2650 519 Aur.
2695 472 2888 519 XXXVI

3331 453 3452 517 433

336 634 401 697 ei
437 643 710 712 tantum,
742 638 853 701 sed
894 645 959 701 et
996 638 1199 701 servis
1242 638 1407 719 ejus,
1440 640 1610 721 quod
1656 637 1851 701 coelos
1880 637 1931 701 A
1958 640 2104 703 dem
2138 640 2204 703 in
2235 648 2460 703 natura
2491 643 2600 705 sed
2633 659 2902 725 persona
2931 641 3068 705 fore
3100 641 3460 723 intelligen-

336 736 721 797 conscendit
755 754 769 798 :
803 736 939 799 haec
968 737 1185 799 omnia
1214 736 1507 799 divinum
1543 736 1847 818 quiddam

338 830 409 892 in
458 850 537 895 eo
576 834 939 896 ostendunt.
987 834 1165 907 Quod
1210 841 1421 896 autem
1470 852 1547 896 ex
1589 834 1849 915 Virgine

339 930 653 1005 nascitur,
702 932 871 1014 quod
921 931 1244 1012 fatigatur,
1300 932 1469 1013 quod
1520 932 1735 994 tremit
1785 940 1848 994 et

338 1027 639 1104 moritur,
722 1029 1187 1093 humanitatem
1265 1047 1483 1093 veram
1564 1030 1629 1092 in
1708 1030 1849 1113 ipso

337 1126 629 1207 exigunt.

422 1224 669 1299 Denuo,
719 1226 924 1307 ipsius
968 1244 1225 1309 quoque
1268 1226 1609 1289 Salvatoris
1652 1225 1847 1289 verba

338 1322 807 1386 incarnationis
876 1343 1007 1387 suae
1076 1323 1407 1387 veritatem
1484 1325 1841 1387 adstruunt.

336 1420 521 1493 Quod
552 1421 727 1485 enim
758 1422 837 1485 de
876 1422 1120 1505 Spiritu
1161 1423 1389 1485 Sancto
1429 1422 1697 1504 loquens
1733 1423 1842 1496 ait,

334 1518 454 1582 Ille
486 1520 567 1583 dc
602 1538 745 1584 meo
768 1520 1063 1603 accipiet,
1096 1528 1180 1594 et,
1213 1519 1441 1583 Omnia
1478 1540 1619 1603 quae
1656 1519 1849 1584 habet

334 1618 546 1692 Pater,
572 1638 713 1682 mea
744 1627 915 1694 sunt,
940 1628 1025 1693 et,
1052 1619 1180 1700 Ego
1208 1626 1272 1681 et
1301 1620 1481 1682 Pater
1512 1638 1710 1682 unum
1744 1638 1847 1681 su-

338 1735 493 1778 mus
536 1734 551 1779 :
594 1717 729 1781 haec
774 1718 997 1801 utique
1045 1717 1449 1781 divinitatem
1503 1717 1646 1798 ejus
1691 1717 1851 1779 desi·

1956 737 2145 815 dam3
2189 739 2524 802 sciendum
2575 740 2745 822 quod
2791 740 3050 803 illorum
3101 738 3255 803 unio
3301 739 3457 801 dici·

1956 842 2062 897 tur
2102 836 2246 899 fieri
2281 837 2344 899 in
2380 844 2622 911 natura,
2655 857 2732 901 ex
2772 839 3008 920 quibus
3051 838 3461 901 constituitur

1959 933 2286 1015 integritas
2353 934 2592 1017 speciei
2653 936 2930 1016 alicujus
2982 954 2996 999 ε
3048 938 3464 1018 quemadmo-

1957 1032 2112 1094 dum
2171 1052 2250 1095 ex
2306 1034 2536 1096 animae
2593 1042 2658 1097 et
2709 1035 2994 1118 corporis
3048 1035 3278 1119 copula
3335 1054 3462 1097 una

1958 1130 2225 1193 resultat
2253 1130 2518 1213 species.
2551 1132 2802 1216 Dicitur
2838 1132 3012 1196 enim
3055 1133 3314 1215 proprie
3353 1152 3462 1195 na-

1956 1235 2099 1289 tura
2128 1228 2192 1291 id
2222 1228 2392 1311 quod
2432 1236 2636 1291 totum
2677 1230 2798 1293 hoc
2837 1230 3124 1293 continet
3165 1231 3334 1313 quod
3377 1231 3458 1293 ad

1958 1325 2196 1407 speciei
2247 1325 2677 1407 integritatem
2729 1328 3024 1411 pertinet.
3080 1328 3189 1391 Est
3241 1336 3454 1392 autem

1960 1423 2360 1506 impossibile
2401 1433 2471 1486 ut
2509 1425 2702 1488 alicui
2740 1426 2872 1507 jam
2919 1427 2982 1489 in
3027 1428 3270 1489 ratione
3315 1445 3455 1509 spe-

1958 1522 2081 1585 ciei
2129 1530 2194 1583 et
2239 1531 2481 1586 naturae
2527 1524 2867 1606 completo,
2907 1524 3150 1606 aliquid
3201 1525 3458 1587 uniatur

1958 1620 2022 1682 in
2056 1620 2299 1683 unitate
2330 1628 2594 1695 naturae,
2619 1623 2741 1684 nisi
2775 1623 3024 1705 species
3054 1622 3230 1703 prior
3257 1622 3457 1685 solva-

1955 1724 2079 1779 tur.
2114 1718 2374 1800 Species
2415 1719 2587 1781 enim
2633 1738 2845 1783 rerum
2897 1739 2964 1783 se
3011 1718 3250 1783 habent
3291 1721 3459 1785 sicut

335 1822 559 1895 gnant.
594 1814 771 1889 Quod
802 1824 1015 1879 autem
1046 1816 1229 1889 dixit,
1262 1816 1441 1877 Nunc
1472 1824 1685 1878 autem
1718 1823 1847 1878 tur·
1879 1816 1925 1877 B
1957 1817 2233 1890 numeri,
2279 1817 2344 1879 in
2389 1817 2624 1899 quibus
2674 1818 3144 1900 cujuscumque
3194 1818 3458 1882 unitatis

337 1912 493 1976 bata
522 1920 619 1975 est
660 1915 875 1977 anima
918 1933 1079 1987 mea,
1112 1922 1197 1988 et,
1231 1914 1454 1976 Tristis
1497 1921 1594 1977 est
1634 1914 1849 1977 anima

298 2045 307 2055 ·
338 2030 491 2075 mea
521 2030 727 2094 usque
756 2012 832 2075 ad
866 2020 1159 2087 mortem,
1192 2021 1276 2086 et,
1301 2013 1480 2075 Pater
1510 2012 1715 2094 major
1746 2031 1847 2075 me

334 2118 461 2184 est,
478 2110 895 2175 humanitatis
927 2112 1258 2175 veritatem
1288 2130 1637 2193 veramque
1666 2120 1845 2174 natu-

336 2229 479 2273 ram
512 2211 580 2273 in
612 2212 753 2293 ipso
785 2210 1091 2293 profatur.
1123 2246 1204 2256 —
1233 2212 1541 2285 Quoniam
1583 2212 1845 2293 quidem

334 2308 479 2373 haec
508 2308 727 2371 omnia
756 2316 887 2371 tam
929 2306 1235 2371 sublimia
1280 2325 1473 2390 opera
1511 2326 1583 2371 ac
1628 2309 1843 2383 verba,

332 2426 537 2489 opera
565 2424 823 2490 quoque
852 2414 985 2469 tam
1014 2406 1287 2469 humilia
1325 2414 1390 2469 et
1427 2406 1699 2489 fragilia,
1733 2408 1845 2470 uni

331 2506 683 2588 eidemque
714 2524 1001 2588 personae
1027 2506 1483 2569 adscribuntur
1516 2524 1530 2567 ε
1566 2514 1636 2569 ut
1675 2506 1845 2569 scili-

330 2614 437 2668 cet
470 2625 547 2667 ea
576 2624 721 2687 quae
751 2604 862 2668 Dei
902 2613 1073 2680 sunt,
1106 2606 1353 2669 homini
1387 2606 1638 2670 Christo
1679 2606 1843 2669 Scri·

332 2712 529 2787 ptura
558 2703 904 2783 attribuat3
936 2712 1001 2767 et
1028 2724 1171 2786 quae
1198 2710 1350 2766 sunt
1379 2704 1681 2779 hominiS,
1714 2705 1845 2769 Deo

332 2802 713 2866 indistincte
740 2819 755 2864 ε
780 2802 930 2864 hinc
962 2820 1223 2865 necesse
1252 2811 1349 2865 est
1375 2820 1491 2865 nos
1521 2803 1839 2877 confiteri,

332 2921 451 2985 per
484 2900 993 2965 incarnationem
1024 2900 1117 2963 sic
1144 2900 1431 2963 divinam
1472 2901 1843 2965 humanam-

1956 1914 2194 1977 additio
2216 1913 2318 1977 vel
2349 1914 2700 1979 subtractio
2731 1916 3013 1999 speciem
3053 1916 3276 1979 variat.
3311 1917 3458 1981 ideo

1958 2020 2199 2076 naturae
2243 2012 2376 2095 jam
2429 2030 2690 2096 prorsus
2743 2015 3044 2097 perfectae
3101 2016 3458 2079 secundum

1958 2110 2265 2192 speciem,
2318 2111 2408 2174 nil
2466 2112 2726 2175 advenit
2773 2113 2837 2175 in
2889 2113 3135 2176 unitate
3191 2121 3454 2189 naturae,

1956 2209 2081 2271 nisi
2114 2210 2291 2291 prior
2320 2210 2568 2292 species
2600 2211 2904 2273 solvatur.
2935 2211 3039 2275 Nil
3071 2219 3283 2274 tamen
3319 2230 3458 2293 pro-

1954 2304 2135 2369 hibet
2165 2308 2430 2389 reperiri
2463 2308 2528 2371 in
2563 2308 2899 2373 individuo
2928 2309 3072 2371 talis
3103 2310 3343 2393 speciei
3382 2330 3457 2374 θα

1954 2424 2096 2487 quae
2138 2407 2218 2469 ad
2265 2407 2548 2488 speciem
2593 2425 2720 2472 non
2765 2408 3108 2490 pertinent,
3149 2416 3214 2471 et
3255 2410 3455 2491 possi-

1954 2504 2083 2567 bile
2114 2512 2214 2567 est
2241 2523 2317 2567 θα
2346 2505 2517 2567 uniri
2549 2506 2614 2569 in
2656 2508 3012 2588 supposito,
3045 2526 3188 2589 quae
3219 2508 3286 2570 in
3317 2527 3456 2591 spe-

1954 2602 2051 2665 cie
2118 2622 2233 2665 seu
2301 2610 2533 2666 natura
2592 2604 2762 2666 uniri
2821 2611 3152 2686 nequeunt
3212 2623 3226 2666 τ
3287 2606 3458 2669 sicut

1952 2700 2319 2763 humanitas
2349 2709 2414 2763 et
2441 2700 2672 2765 albedo
2703 2702 2767 2763 in
2801 2702 3076 2766 Socrate.
3113 2703 3274 2766 Unio
3303 2722 3454 2786 ergo

1952 2797 2143 2860 Verbi
2195 2816 2344 2861 cum
2395 2798 2654 2861 homine
2699 2816 2826 2862 non
2871 2800 3227 2863 seeundum
3279 2809 3457 2864 natu-

1954 2914 2090 2958 ram
2149 2894 2318 2958 facta
2381 2903 2480 2958 est
2542 2914 2556 2958 :
2619 2895 2898 2959 Verbum
2957 2897 3132 2961 enim
3189 2900 3456 2963 omnino

330 3019 461 3083 que
496 3008 789 3063 naturam
836 2998 900 3060 in
943 2998 1194 3062 Christo
1238 2999 1471 3074 unita8‚
1505 3007 1576 3062 ut
1616 3018 1838 3062 secun·
1870 2990 1914 3055 C
1956 2993 2360 3057 immutabile
2407 3002 2502 3057 est
2552 3002 2616 3058 et
2663 2996 3171 3078 incorruptibile.
3215 2996 3326 3060 Est
3366 3006 3456 3061 ta-

329 3098 491 3161 dum
536 3096 929 3181 hypostasim
968 3116 1163 3159 unam
1204 3104 1393 3180 atque
1434 3098 1839 3181 suppositum

328 3196 694 3279 accipiatur
741 3194 907 3257 facta
951 3194 1141 3257 Verbi
1188 3195 1557 3259 incarnatio.
1606 3196 1841 3270 Quum·

330 3313 461 3377 que
494 3294 851 3357 secundum
895 3292 1289 3376 hypostasim
1332 3300 1396 3355 et
1433 3294 1840 3377 suppositum

330 3395 415 3455 sit
449 3392 809 3456 incarnatio
836 3391 1175 3465 credenda,
1206 3409 1335 3454 non
1365 3398 1578 3454 autem
1616 3412 1839 3456 secun-

330 3491 495 3553 dum
538 3489 845 3555 unionem
884 3488 951 3551 in
994 3496 1217 3551 natura
1268 3489 1333 3551 in
1382 3509 1508 3571 qua
1556 3508 1841 3572 personae

330 3588 861 3667 communicant3
902 3606 979 3649 ex
1022 3587 1139 3649 hoc
1180 3594 1448 3661 constat,
1492 3590 1662 3671 quod
1712 3607 1839 3652 non

328 3694 588 3770 oportet
617 3687 861 3748 Patrem
891 3693 1003 3748 aut
1030 3684 1337 3767 Spiritum
1368 3684 1669 3748 Sanctum
1700 3705 1841 3749 esse

330 3786 739 3849 incarnatum
782 3802 859 3847 eo
896 3782 1047 3865 quia
1074 3782 1273 3845 Filius
1316 3782 1681 3845 incarnatus
1718 3792 1834 3847 est.

411 3883 647 3947 Divina
694 3889 907 3944 autem
964 3888 1029 3943 et
1076 3881 1359 3944 humana
1407 3900 1551 3964 quae
1592 3882 1840 3946 Christo

326 3982 794 4054 attribuuntur,
857 3979 1327 4062 oppositionem
1388 3980 1837 4044 vehementem

326 4081 575 4144 habent
608 4097 621 4141 ε
656 4080 735 4143 de
766 4096 841 4141 eo
871 4078 1045 4140 enim
1075 4078 1329 4152 dicitur,
1354 4079 1525 4160 quod
1554 4080 1637 4142 sit
1666 4088 1841 4143 aeter-

1954 3112 2101 3157 men
2144 3092 2312 3156 facta
2361 3094 2716 3157 secundum
2765 3094 3172 3177 suppositum
3223 3115 3338 3159 seu
3387 3098 3454 3159 in

1952 3209 2242 3274 persona.
2277 3192 2436 3254 Nam
2476 3198 2702 3254 natura
2741 3191 3020 3255 humana
3048 3192 3126 3255 ad
3158 3193 3451 3257 divinum

1951 3308 2091 3353 esse
2132 3289 2323 3353 Verbi
2369 3296 2700 3372 assumpta
2741 3298 2870 3369 est;
2902 3308 3022 3353 nec
3068 3290 3132 3353 in
3179 3293 3452 3374 propriae

1952 3406 2083 3451 suae
2128 3387 2366 3471 speciei
2421 3406 2561 3450 esse
2610 3388 3009 3470 suppositata
3055 3396 3172 3463 est,
3215 3390 3326 3452 sed
3371 3390 3452 3454 ad

1952 3486 2143 3549 altius
2200 3504 2342 3547 esse
2390 3484 2654 3548 elevata.
2705 3486 2800 3547 Ad
2847 3486 3160 3549 unitatem
3209 3488 3452 3571 quippe

1953 3582 2268 3664 suppositi
2301 3582 2652 3665 requiritur
2691 3583 2904 3645 unitas
2943 3602 3084 3647 esse
3129 3604 3240 3647 seu
3287 3586 3454 3647 exsi-

1952 3680 2221 3755 stantiae,
2255 3698 2382 3744 non
2411 3688 2628 3743 autem
2659 3682 2971 3744 essentiae.
3007 3682 3312 3745 Divinum
3343 3704 3451 3747 au-

1952 3786 2081 3841 tem
2113 3797 2252 3841 esse
2284 3779 2542 3861 penitus
2573 3778 2974 3841 immutabile
3006 3780 3293 3845 esttideo
3321 3801 3450 3847 non

1952 3884 2162 3960 potest
2191 3876 2336 3938 fieri
2374 3883 2556 3939 actus
2594 3884 2705 3938 aut
2741 3877 3108 3953 entelechia¹
3137 3880 3443 3961 corporis.

1950 3976 2158 4049 Quum
2189 3992 2340 4055 ergo
2369 3974 2586 4037 divina
2627 3981 2852 4037 natura
2897 3976 2980 4037 sit
3021 3975 3087 4038 in
3131 3995 3200 4039 se
3241 3979 3447 4040 omni-

1954 4074 2138 4138 mode
2169 4072 2472 4157 perfecta,
2506 4080 2570 4136 et
2599 4072 2913 4155 quidquid
2951 4074 3029 4137 ad
3069 4075 3444 4157 specificam

328 4200 479 4253 nus,
522 4174 1071 4243 incommutabilis
1112 4182 1173 4239 et
1211 4177 1502 4240 omnium
1541 4178 1835 4261 Creator3
1871 4172 1921 4235 D
1952 4172 2414 4257 perfectionem
2465 4172 2530 4234 in
2584 4171 2812 4234 ceteris
2871 4173 3114 4236 naturis
3165 4174 3445 4257 exigitur

330 4297 582 4353 rursm,
634 4276 805 4359 quod
853 4276 939 4337 sit
985 4281 1171 4337 natus
1218 4293 1297 4337 ex
1345 4282 1657 4357 tempore,
1703 4298 1839 4361 pas-

328 4376 545 4440 sibilis
609 4382 675 4437 et
742 4372 1129 4437 crucifixus:
1177 4371 1478 4455 Opposita
1543 4392 1696 4437 vero
1760 4377 1839 4439 de

330 4475 565 4538 eodem
595 4473 949 4537 secundum
984 4472 1154 4534 idem
1184 4472 1313 4533 dici
1343 4489 1473 4534 non
1504 4474 1832 4555 contingit.

328 4572 511 4635 Licet
558 4588 711 4653 ergo
759 4569 1056 4633 identitas
1107 4569 1191 4631 sit
1238 4568 1380 4649 ejus
1420 4570 1499 4632 de
1540 4588 1667 4652 quo
1702 4571 1837 4636 haec

331 4672 662 4743 dicuntur,
706 4668 859 4750 quia
896 4668 976 4730 de
1012 4668 1237 4731 eodem
1288 4669 1623 4751 supposito
1668 4670 1839 4734 dicta

330 4777 517 4847 sunt3
550 4766 883 4831 distinctio
920 4773 1131 4828 tamen
1172 4774 1271 4829 est
1308 4765 1601 4830 facienda
1630 4769 1837 4849 quoad

334 4868 397 4929 id
429 4866 789 4929 secundum
824 4865 993 4947 quod
1033 4864 1461 4946 praedicantur
1496 4883 1510 4927 :
1545 4867 1835 4948 quaedam

332 4984 573 5048 nempe
614 4964 859 5027 ratione
900 4970 1141 5026 naturae
1183 4965 1593 5039 assumentiS,
1629 4974 1837 5029 cetera

330 5083 487 5131 vero
515 5065 599 5128 ob
628 5071 1023 5145 assumptam
1065 5071 1359 5126 naturam
1398 5063 1831 5127 enuntiantur.

374 5240 383 5249 ,
412 5164 781 5236 Enimvero,
814 5161 1117 5243 quoniam
1158 5180 1331 5223 nunc
1360 5162 1667 5225 elucescit
1696 5164 1835 5225 uni-

330 5282 521 5329 onem
566 5260 679 5325 Dei
727 5278 875 5323 cum
920 5267 1145 5323 natura
1192 5260 1495 5335 humana,
1528 5278 1653 5323 non
1700 5261 1839 5344 qui-

583 5395 648 5447 Τ.
685 5396 766 5447 33.

1950 4273 2504 4358 supereminenter
2542 4270 2896 4355 possidens,
2931 4272 3022 4335 nil
3052 4273 3113 4337 ei
3141 4275 3443 4340 advenire

1950 4380 2159 4457 potest
2215 4372 2295 4435 ad
2353 4370 2644 4453 ejusdem
2715 4370 2954 4453 speciei
3021 4390 3134 4435 seu
3202 4383 3443 4440 naturae

1950 4473 2143 4535 unius
2207 4470 2732 4535 constitutionem
2759 4486 2776 4549 ;
2837 4471 2950 4533 sed
3005 4472 3086 4534 ad
3145 4476 3443 4556 supposi-

1948 4570 2212 4633 talitatis
2260 4588 2392 4633 suae
2434 4568 2916 4632 subsistentiam
2959 4571 3230 4634 assumit
3267 4580 3448 4637 natu-

1950 4687 2085 4731 ram
2129 4676 2425 4731 creatam.

2029 4766 2226 4848 Cujus
2269 4766 2513 4849 optima
2557 4766 2912 4830 similitudo
2955 4776 3050 4830 est
3093 4769 3156 4831 in
3210 4770 3445 4835 unione

1948 4866 2234 4948 corporis
2291 4873 2356 4927 et
2411 4865 2663 4938 animas,
2721 4864 2872 4927 licet
2929 4882 3055 4929 non
3105 4867 3188 4929 sit
3243 4869 3446 4931 omni-

1946 4983 2201 5049 quaque
2231 4964 2460 5027 simile.
2498 4962 2674 5026 Sicut
2704 4962 2898 5043 igitur
2926 4981 3158 5047 corpus
3187 4968 3266 5028 ad
3305 4986 3446 5031 esse

1945 5064 2175 5127 animae
2217 5063 2446 5125 transit
2484 5061 2780 5142 (largitur
2827 5061 3002 5123 enim
3051 5064 3266 5127 anima
3313 5084 3448 5129 cor-

1945 5162 2085 5245 pori
2144 5161 2622 5224 subsistentiam
2682 5166 2746 5221 et
2795 5161 2985 5239 esse),
3035 5165 3444 5243 quemadmo-

1945 5261 2101 5324 dum
2155 5260 2289 5341 jam
2345 5259 2588 5321 dictum
2648 5264 2764 5333 est,
2814 5260 3162 5323 assumitur
3217 5270 3444 5329 natura

3117 5394 3178 5445 28
