4300 6259
927 496 1008 542 m:
1049 493 1278 542 nummu
1319 493 1704 542 cumsTuNAE
1744 491 2046 551 mcum,
2093 495 2269 544 unm
2312 496 2353 543 1.
2400 515 2479 528 -
2519 500 2657 547 An'r.
2704 501 2853 547 xxxi

3322 482 3439 547 271

339 663 404 726 in
453 664 711 737 Timeo,
759 671 1061 745 tanquam
1105 681 1184 725 ex
1231 662 1585 726 fluctuante
1635 669 1699 724 et
1745 663 1838 724 in·
1867 661 1919 725 A
1949 661 2074 725 bet.
2121 663 2339 748 Itaque
2388 683 2517 730 non
2566 668 2887 751 oportebit
2934 685 3171 751 ponere
3220 671 3337 751 pei·
3378 687 3445 731 se

338 762 531 825 sormi
561 762 827 824 materia
855 762 984 824 sint
1019 762 1238 825 omnia
1273 761 1628 844 corporalia
1659 779 1674 823 :
1711 760 1836 844 pri·

341 877 444 922 mo
501 861 762 942 quidem
821 860 1341 942 supermundana
1393 860 1717 932 animalia,
1769 866 1840 922 ut

338 958 481 1020 coeli
513 966 578 1019 et
607 958 848 1036 sidera3
872 965 1038 1040 post,
1063 957 1451 1020 immortalia
1471 959 1836 1021 daemonum

335 1073 590 1136 genera,
634 1057 936 1118 animalia
981 1057 1050 1117 in
1095 1056 1332 1119 aethere
1373 1063 1438 1118 et
1477 1074 1622 1118 aere
1669 1074 1838 1118 man·

337 1153 632 1232 sitantia3
664 1154 968 1235 deinceps
1013 1153 1418 1216 motabilium
1461 1153 1836 1216 animalium

336 1251 586 1331 species
631 1250 763 1312 sint
807 1271 844 1314 a
895 1268 1152 1314 summo
1207 1250 1446 1333 opifice
1504 1251 1832 1332 producta.

411 1347 482 1410 In
525 1349 748 1411 multis
791 1357 1004 1412 autem
1052 1368 1194 1430 quae
1238 1350 1594 1411 secundum
1637 1347 1834 1412 Plato·

334 1446 514 1509 nicos
539 1447 674 1527 jam
711 1447 882 1509 dicta
919 1454 1090 1520 sunt,
1125 1465 1334 1528 neque
1373 1445 1698 1510 Aristoteli
1730 1465 1838 1508 ne·

333 1565 454 1628 que
495 1545 650 1608 fidei
691 1563 1010 1610 consonus
1047 1551 1146 1608 est
1173 1545 1368 1620 Plat0,
1405 1552 1474 1607 ut
1513 1545 1830 1627 posterius

333 1644 706 1707 innotescet.

685 1861 1176 1928 ARTICULUS
1223 1863 1474 1926 XXXI.

331 1996 413 2054 Et
442 2002 536 2054 est
557 1994 907 2073 inquisitio
926 1995 1128 2054 simul
1145 1977 1588 2072 et'disputatio
1607 2002 1834 2053 contra

405 2103 480 2142 ea
509 2103 660 2162 quoe
695 2085 1050 2143 secundum
1081 2085 1456 2145 Platonicos
1489 2085 1834 2160 proeindu-

404 2181 508 2230 cta
557 2181 740 2232 sunt.

478 2330 950 2394 L'JUSCEMODI
1007 2349 1196 2414 porro
1245 2333 1629 2414 positionem
1679 2332 1836 2396 Stoi·

505 2445 731 2490 corum
769 2427 1122 2490 admiratur
1159 2428 1554 2502 Aristoteles,
1587 2436 1652 2491 et
1693 2429 1833 2491 uni-

329 2527 494 2589 versi
525 2527 626 2589 sui
655 2533 998 2589 sectatores
1026 2527 1636 2610 Peripatetici.Quod
1667 2527 1836 2590 enim

330 2633 620 2708 separata
663 2632 728 2688 et
768 2625 833 2686 in
874 2644 943 2688 se
980 2625 1335 2689 subsistens
1377 2626 1718 2708 quidditaS,
1753 2627 1835 2688 sit

329 2724 688 2788 formaliter
744 2724 1327 2798 communicabilis»,
1381 2731 1445 2786 et
1501 2731 1634 2787 tota
1689 2743 1834 2788 con·

328 2825 703 2905 junctorum
771 2821 1070 2896 essentia,
1137 2821 1683 2904 enuntiabilisque
1754 2823 1834 2886 de

331 2919 890 3002 participantibuS,
921 2927 989 2981 et
1029 2919 1092 2982 id
1135 2919 1214 2982 de
1255 2937 1384 3002 quo
1425 2928 1521 2983 est
1564 2921 1834 2984 scientia

1947 761 2171 824 vivens
2215 771 2279 826 et
2319 772 2607 840 autoenS,
2640 785 2713 828 ac
2757 767 3027 830 idealem
3074 766 3445 842 bonitatem,

1946 858 2251 924 distincta
2278 881 2313 924 a
2353 881 2421 925 se
2464 863 2740 926 invicem
2777 881 2791 926 :
2824 865 3127 946 quoniam
3159 865 3449 927 Socrates

1945 956 2026 1018 ab
2055 958 2281 1021 eodem
2314 961 2909 1036 vitam,entitatem,
2942 962 3447 1046 bonitatemque,

1945 1073 2019 1116 ac
2049 1057 2421 1138 specificam
2456 1060 2765 1141 suscipiet
2802 1062 3166 1124 essentiam.
3201 1062 3264 1125 Si
3296 1047 3449 1125 v'ero

1947 1171 2096 1226 non,
2132 1162 2284 1216 tunc
2318 1155 2509 1219 unius
2539 1158 2763 1239 utique
2804 1167 2992 1222 erunt
3021 1159 3239 1241 plures
3268 1159 3451 1242 quid-

1944 1249 2195 1324 ditates,
2250 1252 2526 1316 rationes
2576 1254 2815 1336 plures,
2864 1275 2937 1318 ac
2998 1257 3181 1339 plura
3239 1275 3377 1320 esse
3430 1277 3445 1320 :

1944 1349 2112 1429 quod
2164 1352 2427 1414 omnino
2473 1351 2762 1434 ineptum
2808 1361 2905 1417 est
2944 1373 3244 1418 asserere.
3292 1357 3447 1418 Mul-

1944 1445 2252 1528 tipliciter
2294 1467 2529 1532 nempe
2572 1450 2736 1513 hanc
2780 1452 3161 1534 positionem
3213 1454 3446 1517 Stoico-

1946 1562 2088 1606 rum
2133 1545 2451 1609 destruxit
2489 1547 2880 1612 AristoteleS.
2928 1551 3202 1614 Omnino
3249 1552 3441 1614 etiam

1945 1641 2243 1705 mirabile
2274 1644 2622 1719 videretur,
2658 1647 2711 1709 si
2756 1649 2995 1710 summi
3038 1649 3150 1724 dii,
3185 1657 3255 1712 ut
3297 1658 3447 1713 sunt

1942 1740 2247 1815 autovita‚
2301 1741 2524 1806 idealis
2583 1743 2966 1820 intellectuS,
3014 1765 3130 1828 per
3184 1765 3253 1810 se
3305 1767 3441 1822 ens,

1869 1838 1918 1901 B
1945 1847 2010 1900 et
2039 1838 2249 1921 prima
2276 1839 2483 1904 forma
2522 1843 2846 1920 bonitatiS‚
2879 1845 3173 1909 dicantur
3202 1847 3281 1909 de
3311 1866 3447 1930 par·

1943 1937 2361 2020 ticipantibus
2404 1941 2857 2004 enuntiabiles.

2027 2036 2201 2098 Unde
2242 2037 2501 2113 dicitur,
2534 2041 2705 2120 quod
2752 2059 2879 2104 non
2924 2051 3277 2124 posuerunt
3318 2043 3448 2106 Pla-

1945 2133 2138 2196 tonici
2183 2153 2415 2216 genera
2459 2146 2765 2220 separata.
2814 2139 3267 2204 Verumtamen
3327 2142 3447 2206 hoc

1945 2249 2073 2294 non
2134 2242 2419 2314 apparet,
2476 2236 2630 2317 quia
2688 2256 2800 2318 per
2858 2256 2927 2300 se
2984 2257 3098 2301 ens
3154 2247 3219 2302 et
3270 2249 3447 2304 auto·

1943 2329 2093 2402 vita,
2145 2333 2393 2412 species
2462 2352 2587 2396 non
2654 2341 2804 2397 sunt
2868 2353 2883 2396 τ
2950 2336 3221 2420 ideoque
3283 2339 3450 2421 ipso-

1943 2445 2084 2491 rum
2121 2429 2357 2510 positio
2388 2431 2721 2514 implicare
2751 2434 3006 2496 videtur
3035 2435 3441 2517 quibusdam.

1945 2525 2289 2589 Enimvero
2320 2527 2591 2591 difficile
2622 2547 2885 2612 prorsus
2913 2533 3181 2607 videtur,
3198 2553 3273 2597 ea
3302 2555 3444 2618 quae

1939 2623 2071 2704 jam
2125 2625 2355 2687 tradita
2400 2634 2550 2689 sunt
2596 2630 2952 2692 secundum
3000 2631 3323 2696 Platonem
3376 2635 3441 2697 in

1943 2721 2202 2796 ffimaeo,
2249 2723 2349 2785 his
2391 2744 2532 2806 quae
2574 2745 2767 2809 supra
2810 2728 2981 2792 dicta
3024 2738 3173 2793 sunt
3216 2750 3440 2794 secun-

1942 2820 2096 2882 dum
2139 2839 2289 2883 eum
2334 2829 2397 2884 et
2440 2823 2752 2898 Proclum‚
2786 2833 2851 2888 et
2888 2845 3031 2908 quae
3071 2828 3149 2891 de
3186 2829 3442 2894 Platone

1943 2919 2138 2982 refert
2193 2921 2583 2997 AristoteleS,
2634 2926 3020 2989 concordare
3072 2945 3085 2990 :
3138 2931 3443 3010 quoniam

327 3039 398 3082 ac
435 3019 902 3082 demonstratio
939 3037 1082 3100 quae
1120 3018 1392 3082 habetur
1426 3019 1504 3082 de
1548 3020 1828 3094 entibuS,
1870 3017 1914 3080 C
1943 3019 2299 3080 secundum
2331 3019 2501 3081 dicta
2531 3020 2593 3082 in
2636 3021 2893 3098 Timaeo,
2928 3025 3209 3107 primum
3248 3045 3443 3110 agens

327 3117 594 3180 omnino
625 3116 1086 3178 inconveniens
1113 3125 1232 3178 est.
1274 3117 1451 3190 Quod
1481 3117 1654 3180 enim
1687 3117 1835 3180 sub·

325 3216 491 3278 sistit
545 3234 626 3277 ex
679 3215 819 3296 ipsa
871 3214 972 3276 sui
1023 3213 1458 3289 subsistentia,
1511 3216 1832 3297 singulare

327 3321 423 3376 est
448 3320 514 3376 et
555 3311 1062 3374 substantialiter
1101 3311 1708 3376 incommunicabile
1747 3313 1834 3376 fa-

329 3419 538 3489 ctum3
571 3429 692 3472 nec
723 3409 996 3490 intelligi
1025 3416 1235 3492 potest
1263 3429 1364 3474 res
1393 3429 1534 3474 esse
1567 3411 1630 3474 id
1661 3413 1830 3494 quod

327 3505 895 3571 subsistentialiter
938 3525 976 3569 a
1022 3525 1091 3570 se
1137 3515 1505 3590 separatum
1547 3516 1663 3571 est.
1711 3509 1834 3571 Ad-

326 3609 472 3681 huc,
526 3605 800 3669 scientia
858 3604 1130 3668 habetur
1182 3623 1300 3688 per
1345 3607 1691 3670 intrinseca
1741 3607 1830 3670 rei

327 3706 670 3788 principia.
705 3705 850 3768 Haec
879 3710 1095 3766 autem
1122 3703 1446 3786 quidditas
1475 3707 1830 3770 secundum

326 3825 462 3868 esse
511 3811 806 3888 separata
851 3810 990 3882 est;
1043 3821 1160 3865 nec
1208 3803 1380 3885 capit
1441 3805 1602 3868 ratio
1659 3805 1830 3888 quod

327 3904 552 3967 eadem
585 3903 792 3965 forma
819 3902 903 3964 sit
931 3909 996 3964 et
1028 3901 1368 3964 intrinseca
1397 3909 1461 3964 et
1490 3905 1828 3985 separatim

329 4002 708 4064 subsistens,
743 3999 880 4062 Non
915 3999 1110 4082 igitur
1147 3999 1290 4062 talis
1329 4000 1650 4082 quidditas
1692 4020 1830 4084 spe·

329 4100 456 4162 cies
499 4107 604 4162 est
646 4106 757 4160 aut
789 4116 990 4178 genus
1029 4097 1472 4178 singularium,
1507 4117 1715 4180 neque
1753 4100 1832 4162 de

1943 3116 2181 3179 nedum
2212 3116 2725 3194 bonificativum‚
2759 3122 2870 3184 sed
2902 3129 2965 3184 et
2995 3123 3439 3190 distinctivum

1942 3221 2006 3275 et
2063 3213 2477 3278 formativum
2534 3225 2630 3280 est
2694 3227 3119 3284 causatorum.
3181 3223 3444 3305 Redegit

1941 3312 2115 3374 enim
2166 3321 2397 3376 cuncta
2446 3315 2512 3377 in
2561 3317 2880 3392 ordinem,
2925 3327 2989 3381 et
3036 3321 3317 3384 traduxit
3364 3323 3443 3384 ad

1943 3410 2227 3492 speciem
2286 3414 2640 3476 secundum
2697 3417 3188 3500 archetyparum
3256 3421 3444 3484 ratio-

1942 3527 2090 3570 nem
2162 3511 2799 3593 contemplationum,
2876 3534 3019 3597 quae
3090 3517 3155 3580 in
3225 3519 3443 3582 divina

1944 3614 2158 3669 mente
2187 3615 2338 3669 sunt
2368 3609 2547 3690 quasi
2580 3611 2840 3692 quidam
2874 3612 3081 3678 fontes
3114 3622 3177 3678 et
3206 3624 3443 3680 aeterna

1944 3705 2399 3786 paradigmata,
2448 3709 2802 3772 secundum
2844 3711 3187 3774 Platonem.
3222 3715 3441 3796 Itaque

1945 3820 2072 3865 non
2104 3803 2427 3886 oportebit
2463 3814 2723 3887 propter
2752 3807 3349 3874 determinationem
3380 3819 3445 3874 et

1943 3901 2493 3983 specificationem
2535 3921 2771 3978 rerum,
2806 3905 2963 3968 citra
2994 3908 3277 3989 primum
3314 3911 3442 3972 ide·

1941 3998 2040 4062 ale
2084 4000 2499 4082 principium,
2537 4003 2707 4083 quod
2752 4011 2849 4065 est
2888 4005 3299 4081 autobonum‚
3348 4028 3442 4072 se·

1943 4100 2299 4161 cundorum
2367 4099 2632 4162 deorum
2702 4109 2987 4165 catenam
3061 4105 3364 4170 inducere
3424 4125 3440 4170 ε

327 4217 398 4260 ea
425 4205 524 4260 est
560 4195 829 4258 scientia
857 4214 998 4276 quae
1029 4195 1108 4256 de
1140 4194 1332 4258 rebus
1362 4193 1650 4260 habetur.
1685 4197 1831 4258 Am·
1863 4196 1912 4258 D
1941 4197 2185 4279 quippe
2219 4197 2401 4277 juxta
2436 4199 2813 4262 sententiam
2854 4202 3078 4278 Procli,
3122 4205 3185 4266 id
3229 4205 3441 4288 ipsum

329 4297 518 4378 pliuS,
575 4301 798 4358 contra
855 4292 1446 4356 subordinationem
1497 4301 1560 4357 et
1617 4296 1832 4358 multi-

329 4396 618 4456 tudinem
661 4397 1094 4474 separatarum
1141 4391 1364 4453 talium
1403 4391 1830 4474 quidditatum

329 4493 534 4572 arguit
593 4489 990 4554 Aristoteles.
1050 4489 1175 4550 Aut
1229 4489 1403 4552 enim
1465 4489 1545 4552 ab
1604 4492 1826 4554 eodem

329 4590 580 4652 formali
659 4588 978 4670 principio
1043 4587 1306 4650 sortitur
1373 4607 1472 4651 res
1539 4597 1830 4652 naturam

329 4687 676 4770 specialem
727 4693 790 4748 et
833 4685 1219 4766 generalem,
1262 4692 1370 4747 aut
1418 4704 1565 4749 non.
1627 4688 1690 4751 Si
1750 4688 1830 4751 ab

329 4787 576 4858 eodem,
622 4802 753 4846 non
803 4785 1087 4865 oportuit
1136 4783 1612 4848 multitudinem
1667 4786 1832 4847 idea-

329 4883 486 4946 lium
526 4883 886 4946 formarum
926 4881 1230 4945 inducere
1269 4884 1622 4946 secundum
1666 4903 1834 4946 com·

329 4984 710 5046 munitatem
741 4987 808 5043 et
834 4979 1430 5043 determinationem
1460 4989 1832 5046 naturarum

331 5081 881 5164 participatarum,
933 5079 1234 5160 quoniam
1284 5079 1377 5141 sic
1431 5082 1832 5162 unumquod-

333 5199 454 5261 que
526 5178 608 5242 ab
683 5177 910 5240 eodem
975 5176 1389 5259 participaret
1457 5178 1832 5259 specificam

333 5278 784 5362 quidditatem,
815 5281 880 5337 et
915 5275 1228 5358 quidquid
1266 5274 1684 5339 substantiale
1723 5277 1830 5340 ha-

1942 4313 2203 4358 necesse
2260 4303 2375 4358 est.
2436 4296 2585 4359 Vult
2642 4297 2813 4361 enim
2875 4303 3114 4365 summi
3173 4311 3238 4366 et
3302 4306 3444 4368 uni-

1941 4393 2360 4456 versalissimi
2418 4394 2529 4456 Dei
2591 4395 2963 4460 donationes
3022 4400 3439 4478 boniformeS,

1943 4509 2071 4554 non
2123 4492 2511 4555 descendere
2560 4495 2636 4556 ad
2685 4511 2887 4576 genus
2929 4506 2991 4561 et
3034 4501 3312 4582 speciem
3353 4510 3442 4564 at-

1944 4609 2063 4672 que
2120 4590 2549 4661 individuum,
2601 4592 2724 4654 nisi
2785 4612 2899 4676 per
2966 4595 3437 4663 irradiationem

1941 4696 2005 4751 et
2047 4689 2646 4751 determinationem
2690 4691 2955 4755 deorum
3002 4694 3441 4760 subordinate·

1943 4805 2086 4848 rum
2136 4803 2150 4847 ε
2198 4785 2291 4848 sic
2332 4793 2402 4848 ut
2439 4786 2688 4850 bonitas
2729 4808 2923 4871 super
2965 4807 3218 4855 omnem
3264 4803 3442 4858 natu-

1941 4905 2026 4950 rae
2071 4884 2323 4947 vultum
2373 4884 2613 4948 diffusa
2658 4886 2740 4948 ab
2786 4887 3125 4964 autobono,
3174 4893 3250 4954 ad
3301 4912 3441 4957 esse

1943 4983 2132 5046 vitale
2189 4990 2252 5044 et
2314 4983 2743 5046 intellectuale
2789 5003 2862 5047 ac
2921 5003 3297 5069 corporeum
3353 5000 3442 5053 at-

1940 5100 2064 5163 que
2109 5080 2439 5154 sensibile,
2490 5081 2569 5143 ab
2620 5083 2923 5156 autovita‚
2977 5104 3090 5167 per
3138 5107 3205 5150 se
3257 5090 3439 5152 intel-

1943 5179 2106 5242 lectu
2153 5197 2227 5241 ac
2270 5179 2497 5241 ceteris
2543 5179 2703 5242 ideis
2746 5182 3227 5247 determinetur.
3264 5187 3438 5251 Unde

1939 5294 2067 5341 non
2098 5277 2354 5341 videtur
2383 5279 2659 5342 resoluta
2686 5297 2823 5342 esse
2853 5280 3128 5346 Platonis
3158 5285 3433 5352 traditio.
