4300 6259
861 471 983 537 356

1442 492 1522 538 DE
1563 492 1789 538 [mmm
1830 489 2213 537 CHRISTIANAE
2254 488 2555 546 mnomAE,
2600 489 2778 534 LIBER
2820 489 2858 534 1.
2904 508 2985 518 -
3026 490 3167 536 An‘r.
3211 491 3401 538 xcvm

860 659 941 722 ab
973 677 1102 723 uno
1139 678 1315 740 esse3
1348 680 1488 724 esse
1531 669 1746 725 autem
1790 668 1889 724 est
1931 679 1967 722 a
2007 659 2213 723 forma
2248 677 2261 721 :
2296 665 2361 721 et
2390 659 2442 722 A
2470 658 2724 720 distant.
2760 658 3071 742 Denique,
3105 679 3183 723 ex
3212 660 3333 723 hoc
3363 661 3753 724 theoremate
3787 657 3965 720 indu-

859 757 1054 840 igitur
1101 759 1154 821 si
1205 760 1336 822 sint
1383 761 1600 843 plures
1649 761 1895 833 formae,
1939 766 2128 821 erunt
2174 758 2358 840 plura

855 875 1014 920 θεεθ.
1058 858 1137 921 Αῖ
1173 877 1347 932 ver0‚
1392 877 1506 941 per
1549 858 1820 922 formam
1863 858 1940 921 fit
1987 876 2100 926 ens
2149 864 2296 919 actu
2340 873 2355 918 ε

853 957 1024 1037 quod
1081 964 1296 1020 autem
1354 958 1615 1022 advenit
1671 958 1802 1022 enti
1865 957 1930 1020 in
1990 963 2157 1030 actu,
2217 975 2357 1038 spe-

854 1054 1020 1118 ciem
1065 1073 1193 1118 non
1239 1057 1526 1137 largitur,
1575 1058 1687 1121 sed
1731 1056 2211 1120 accidentaliter
2256 1073 2357 1118 co-

854 1153 1136 1235 pulatur.
1203 1165 1207 1170 ”

933 1251 1105 1314 Isaac
1153 1261 1368 1315 autem
1423 1253 1488 1315 in
1540 1253 1705 1316 libro
1753 1252 2241 1326 Definitionum,
2289 1251 2353 1313 in

854 1367 982 1430 quo
1024 1349 1207 1431 plura
1236 1351 1314 1412 de
1347 1350 1600 1414 Platone
1647 1350 1952 1432 loquitur,
1985 1350 2193 1431 quoad
2234 1350 2354 1411 hoc

854 1446 1096 1510 Platoni
1126 1439 1469 1510 assimilari
1501 1449 1776 1523 videtur,
1809 1449 1963 1529 quia
1991 1447 2150 1510 dicit
2180 1446 2358 1509 intel·

854 1545 1193 1612 lectualem
1221 1545 1504 1609 animam
1537 1547 1814 1629 desuper
1853 1547 2122 1618 adstare,
2167 1552 2231 1608 et
2270 1547 2356 1609 ita

853 1651 1099 1706 motum
1158 1652 1223 1707 θῖ
1280 1645 1477 1708 vitam
1541 1645 1793 1727 corpori
1856 1644 2149 1707 influere.
2218 1644 2357 1707 Pro-

850 1741 1022 1804 clum
1053 1749 1268 1805 autem
1299 1742 1694 1806 Platonicum
1728 1741 2049 1825 praedictis
2080 1742 2357 1805 Platonis

2470 756 2555 818 cit
2614 757 2787 820 aliud
2837 757 3183 833 theorema,
3235 759 3390 822 dum
3438 759 3527 822 ait
3575 777 3589 822 ε
3642 759 3845 822 Omne
3892 758 3967 818 ad

2468 874 2535 918 se
2568 855 2780 938 ipsum
2814 859 3285 932 conversivam,
3318 858 3513 920 habet
3548 857 3967 921 substantiam

2469 953 2896 1034 separabilem
2946 955 3027 1018 ab
3075 955 3253 1018 omni
3304 973 3589 1038 corpore.
3639 956 3733 1018 Ad
3786 954 3968 1034 cujus

2470 1050 2983 1132 intelligentiam,
3036 1054 3509 1134 agnoscendum
3560 1054 3729 1137 quod
3777 1053 3855 1114 ad
3904 1071 3967 1114 se

2469 1151 2754 1211 converti
2794 1150 3032 1213 dicitur
3070 1169 3259 1215 omne
3298 1151 3363 1214 id
3405 1153 3574 1235 quod
3618 1153 3719 1214 sui
3768 1150 3968 1233 ipsius

2468 1249 3039 1330 contemplatiVum
3082 1257 3199 1324 est,
3234 1251 3335 1314 vel
3376 1251 3563 1330 cujus
3602 1251 3771 1314 actio
3814 1249 3969 1312 radi·

2468 1353 2646 1407 catur
2684 1353 2747 1409 et
2784 1347 3056 1428 quiescit
3106 1347 3171 1410 in
3221 1365 3297 1411 eo
3338 1349 3508 1431 quod
3556 1355 3653 1410 θεῖ
3700 1346 3967 1410 formale

2468 1442 2861 1526 principium
2927 1446 3253 1528 operandi.
3317 1447 3541 1510 Forma
3598 1453 3815 1510 autem
3876 1451 3971 1507 est

2469 1540 2676 1622 prima
2718 1543 2894 1624 origo
2937 1550 3001 1606 et
3041 1545 3200 1606 ratio
3237 1544 3545 1626 operandi
3581 1563 3594 1606 :
3628 1553 3691 1607 et
3730 1545 3879 1606 ideo
3916 1543 3969 1604 si

2467 1639 2673 1702 forma
2702 1641 3140 1722 operationem
3170 1642 3364 1705 habet
3392 1662 3535 1725 quae
3562 1661 3600 1706 a
3628 1661 3695 1706 se
3724 1643 3971 1724 egredi-

2470 1744 2593 1810 tur,
2644 1744 2709 1800 et
2759 1738 2823 1800 in
2872 1758 2941 1802 se
2990 1740 3372 1802 terminatur
3426 1748 3492 1802 et
3546 1739 3965 1820 subjectatur‚

849 1839 1254 1922 dogmatibus
1295 1839 1530 1916 favere,
1565 1859 1692 1904 non
1724 1848 1822 1904 est
1849 1859 2108 1904 necesse
2147 1849 2356 1903 osten·
2392 1840 2438 1902 B
2468 1842 2621 1897 tunc
2664 1836 2900 1898 dicitur
2944 1838 3315 1900 conversiva
3356 1838 3437 1900 ad
3480 1857 3549 1900 se
3592 1838 3821 1921 ipsam.
3866 1839 3973 1901 Pa-

850 1939 1019 2002 dere.

927 2036 1221 2099 Rationes
1270 2037 1547 2118 denique
1597 2037 1731 2100 istae
1779 2038 2130 2100 secundum
2182 2038 2355 2120 prin-

849 2134 1019 2216 cipia
1067 2135 1425 2198 Aristotelis
1476 2143 1540 2198 et
1586 2136 1920 2198 veritatem
1969 2144 2155 2199 rectae
2214 2137 2353 2220 phi-

851 2232 1157 2315 losophiae
1227 2234 1598 2314 procedunt.
1671 2234 1791 2297 Sed
1860 2234 1969 2315 qui
2028 2235 2351 2297 Platonem

851 2331 1168 2394 sustinere
1225 2331 1439 2404 vellet,
1492 2350 1606 2414 per
1661 2332 1853 2394 aliam
1911 2333 2080 2396 viam
2133 2335 2351 2414 grade-

851 2437 1046 2490 retur.
1095 2428 1268 2492 Plato
1315 2429 1488 2491 enim
1539 2430 1754 2512 posuit
1805 2431 2135 2492 materiam
2188 2431 2351 2493 nihil

850 2526 1171 2609 pertinere
1215 2528 1294 2590 ad
1338 2527 1649 2590 rat10nem
1694 2529 2056 2609 specierum
2101 2536 2351 2591 natura-

847 2625 1007 2688 lium
1044 2644 1058 2688 :
1093 2626 1223 2689 imo
1267 2626 1448 2700 dixit,
1483 2628 1652 2710 quod
1697 2627 1890 2691 homo
1933 2635 1998 2690 et
2039 2648 2245 2711 equus
2290 2635 2353 2692 et

847 2724 946 2788 leo
1007 2726 1349 2807 separatim
1410 2726 1812 2801 exsistenteS,
1863 2727 2078 2789 verius
2139 2735 2354 2790 essent

846 2824 1060 2899 homo,
1094 2843 1299 2907 equus
1329 2832 1394 2887 et
1423 2824 1544 2900 leo,
1579 2845 1774 2907 quam
1805 2825 2156 2907 singularia
2185 2827 2352 2908 ipso-

847 2941 992 2985 rum
1037 2942 1178 3005 quae
1223 2923 1505 2986 materiae
1552 2923 1894 3003 conjuncta
1938 2931 2087 2986 sunt
2129 2942 2142 2986 :
2187 2924 2354 2988 bona

2469 1934 2592 1996 lam
2626 1943 2723 1996 θεῖ
2750 1942 2965 1998 autem
2996 1954 3253 1999 omnem
3286 1936 3557 2000 formam
3590 1956 3730 2019 quae
3762 1937 3969 2000 totali-

2468 2040 2567 2095 ter
2622 2034 2905 2097 materiae
2956 2035 3258 2097 immersa
3306 2042 3423 2109 est,
3476 2035 3719 2098 nullam
3784 2053 3968 2118 posse

2468 2130 2704 2194 habere
2752 2132 3069 2196 actionem
3121 2133 3245 2195 nisi
3298 2133 3693 2196 materialem
3742 2143 3811 2196 et
3856 2134 3969 2196 toti

2469 2231 2822 2311 composito
2872 2249 3300 2294 communem.
3346 2232 3467 2295 Sed
3517 2231 3967 2296 intellectualis

2466 2328 2701 2402 anima,
2734 2329 2922 2392 nudae
2965 2349 3096 2392 suae
3144 2330 3436 2393 essentiae
3480 2337 3545 2394 et
3583 2331 3969 2392 immateria-

2468 2426 2627 2488 lium
2670 2427 3097 2509 quidditatum
3143 2436 3240 2491 θεῖ
3281 2429 3775 2512 contemplatrix
3819 2446 3835 2492 :
3876 2435 3972 2491 est

2467 2542 2616 2605 ergo
2646 2525 2723 2587 ad
2757 2544 2823 2588 se
2856 2527 3231 2590 conversiva
3260 2528 3615 2590 secundum
3656 2529 3973 2610 operatio—

2465 2621 2947 2705 nem.Operatio
2980 2643 3128 2688 vero
3158 2644 3284 2688 non
3316 2627 3567 2689 excedit
3598 2625 3971 2690 facultatem

2461 2721 2787 2801 operantis
2840 2739 2853 2784 :
2906 2728 3004 2784 θεῖ
3050 2741 3200 2804 ergo
3248 2723 3696 2803 hujuscemodi
3752 2725 3970 2786 anima

2464 2819 2656 2881 etiam
2716 2821 3071 2884 secundum
3119 2823 3219 2884 sui
3278 2822 3702 2886 substantiam
3758 2825 3843 2886 ad
3903 2843 3968 2887 εθ

2465 2918 2740 2991 redienS,
2787 2936 2997 3000 neque
3051 2921 3329 2984 materiae
3376 2921 3711 3004 impressa,
3754 2942 3968 3005 neque

848 3040 1128 3104 namque
1157 3028 1446 3104 separata
1477 3021 1638 3084 dixit
1663 3021 2192 3105 incomparabilia
2214 3042 2353 3086 esse
2389 3024 2431 3088 C
2463 3015 2541 3077 ad
2581 3015 2757 3078 illam
2797 3017 3185 3098 dependens·
3232 3019 3487 3083 Constat
3534 3021 3729 3102 igitur
3778 3022 3966 3086 ratio·

848 3119 1233 3199 conjunctis

1180 3382 1671 3448 ARTICULUS
1715 3383 2020 3447 XCVIII.

845 3533 942 3594 De
971 3533 1374 3591 documentis
1413 3541 1472 3591 et
1515 3533 2180 3593 demonstrationibus
2206 3534 2349 3593 sub-

927 3621 1222 3681 tilissimi
1249 3623 1481 3682 Procli
1505 3623 1843 3684 Platonici
1877 3624 2054 3682 circa
2085 3624 2349 3684 immor-

926 3712 1248 3770 talitatem
1297 3719 1357 3769 et
1406 3720 1721 3771 naturam
1768 3713 2027 3772 animae.

967 3905 1356 3970 RINCIPIUM
1387 3905 1630 3989 quippe
1663 3906 2040 3969 ostendendi
2083 3907 2345 3971 immor-

996 4003 1304 4066 talitatem
1335 4003 1661 4067 rationalis
1691 4003 2053 4079 animae,est
2084 4005 2145 4066 id
2178 4007 2343 4087 quod

840 4103 1230 4166 theoremate
1262 4102 1743 4183 quintodecimo
1777 4101 2023 4164 inducit
2060 4102 2341 4178 ProcluS,

2462 3114 2673 3177 nalem
2730 3115 3013 3177 animam
3065 3117 3507 3200 incorpoream
3554 3137 3719 3194 esse,
3772 3127 3841 3183 et
3886 3120 3965 3183 ab

2460 3214 2637 3278 omni
2714 3231 2980 3297 corpore
3058 3216 3507 3299 separabilem,
3578 3225 3771 3300 atque
3852 3239 3967 3302 per

2462 3313 2790 3395 propriam
2857 3314 3201 3377 essentiam
3275 3315 3341 3378 in
3410 3317 3755 3399 semetIpsa
3816 3318 3967 3381 sub-

2462 3412 2817 3474 sistentem.

2540 3510 2749 3582 Porro,
2783 3510 2951 3592 quod
2985 3510 3065 3572 ab
3097 3510 3223 3573 alio
3254 3511 3571 3594 dependet
3602 3515 3959 3578 secundum

2460 3626 2599 3670 θεεθ
2629 3615 2694 3670 θῖ
2728 3608 3096 3682 essentiam,
3130 3609 3375 3672 nullam
3418 3610 3609 3674 habet
3646 3614 3959 3695 operatio-

2459 3724 2606 3768 nem
2649 3706 2975 3788 propriam
3019 3715 3083 3769 et
3122 3706 3415 3782 liberam,
3456 3727 3570 3771 seu
3616 3710 3957 3774 exaltatam

2457 3824 2650 3887 supra
2681 3805 2743 3866 id
2772 3824 2809 3867 a
2838 3823 2966 3886 quo
2995 3806 3345 3888 dependet:
3371 3807 3755 3890 principiata
3780 3812 3955 3874 enim

2456 3910 2519 3964 et
2567 3903 3017 3984 dependentia,
3064 3923 3321 3986 semper
3364 3924 3627 3968 necesse
3665 3915 3764 3970 est
3810 3925 3959 3971 con-

2454 4003 2613 4063 verti
2661 4002 2733 4063 ad
2781 4002 3099 4083 principia
3136 4010 3201 4064 et
3240 4021 3309 4080 se
3356 4007 3857 4069 manutenentia.
3893 4007 3955 4070 Si

2456 4099 2650 4179 igitur
2691 4099 2906 4160 anima
2950 4099 3403 4164 intellectualis
3448 4103 3839 4184 dependeret
3880 4107 3957 4168 ad

843 4202 996 4263 dum
1029 4201 1117 4261 ait
1150 4217 1162 4262 :
1197 4197 1398 4262 Omne
1428 4200 1600 4280 quod
1629 4200 1708 4261 ad
1741 4218 1807 4261 se
1841 4199 2051 4281 ipsum
2085 4218 2346 4263 conver·
2374 4200 2423 4263 D
2455 4215 2708 4279 corpuS,
2758 4197 2822 4261 in
2867 4199 3043 4260 omni
3093 4199 3314 4282 utique
3358 4219 3473 4263 sua
3512 4203 3767 4265 actione
3808 4222 3957 4266 con-

842 4299 1054 4362 sivum
1099 4303 1215 4370 est,
1259 4297 1710 4378 incorporeum
1755 4304 1869 4359 est.
1918 4297 2114 4378 Cujus
2158 4299 2345 4362 ratio·

843 4414 991 4459 nem
1042 4396 1109 4457 in
1157 4403 1522 4458 commento
1568 4396 1745 4457 addit
1794 4413 1807 4456 :
1854 4395 2115 4458 Nullum
2166 4399 2340 4460 enim

841 4512 1220 4576 corporeum
1266 4493 1343 4555 ad
1393 4511 1460 4555 se
1511 4493 1724 4574 ipsum
1774 4500 1996 4555 natum
2048 4501 2146 4556 θεῖ
2194 4514 2340 4558 con-

837 4593 1019 4656 verti.
1065 4591 1238 4665 Quod
1283 4591 1458 4654 enim
1498 4592 1575 4654 ad
1619 4591 1878 4673 aliquod
1923 4593 2337 4668 convertitur,

835 4690 1173 4773 copulatur
1201 4689 1295 4750 illi
1336 4690 1415 4751 ad
1455 4689 1626 4771 quod
1672 4689 2081 4752 convertitur.
2118 4690 2183 4755 Si
2224 4692 2340 4772 igi-

832 4799 938 4853 tur
984 4804 1364 4870 corporeum
1394 4787 1636 4870 aliquid
1668 4788 1746 4849 ad
1777 4806 1844 4850 se
1889 4789 2337 4852 conversivum

831 4895 949 4962 est,
982 4895 1134 4950 tunc
1165 4892 1376 4968 partes
1407 4885 1548 4966 ejus
1579 4904 1802 4948 omnes
1831 4886 1909 4948 ad
1949 4905 2016 4949 se
2058 4887 2337 4951 invicem

831 4986 1304 5069 copularentur.
1322 4983 1478 5046 Nam
1511 4985 1564 5046 si
1597 4990 1798 5046 totum
1833 4984 2169 5066 copulatur
2196 4987 2334 5061 toti,

831 5094 984 5148 tunc
1015 5090 1226 5166 partes
1257 5099 1481 5144 omnes
1523 5081 1648 5144 sibi
1688 5082 1967 5144 invicem
2008 5083 2332 5158 unientur,

831 5191 894 5247 et
933 5183 1026 5246 sic
1065 5180 1369 5264 quaelibet
1407 5199 1550 5262 pars
1591 5187 1760 5242 esset
1802 5199 1948 5243 cum
1995 5180 2283 5262 qualibet
2316 5202 2330 5247 :

832 5281 1004 5366 quod
1032 5280 1177 5343 ideo
1206 5279 1294 5341 im
1301 5278 1606 5360 possibile
1635 5285 1754 5352 est,
1777 5278 1927 5361 quia
1957 5286 2167 5362 partes
2197 5299 2234 5342 a
2262 5299 2332 5344 se

2454 4304 2809 4360 verteretur
2837 4296 2914 4357 ad
2946 4296 3128 4370 illud,
3162 4304 3227 4360 et
3256 4316 3382 4361 non
3417 4308 3631 4380 posset
3658 4319 3849 4382 agere
3890 4303 3955 4365 in

2452 4415 2520 4458 se
2551 4396 2709 4477 ipsa,
2742 4403 2805 4458 et
2849 4397 3019 4459 circa
3062 4396 3487 4479 incorporalia
3519 4416 3533 4460 :
3568 4419 3709 4482 quae
3740 4409 3955 4464 tamen

2452 4503 2602 4556 sunt
2645 4495 2921 4557 maxime
2964 4513 3104 4557 eam
3152 4495 3576 4576 perficientia.
3609 4498 3955 4581 Quiaergo

2451 4592 2901 4655 intellectualis
2931 4593 3146 4655 anima
3172 4594 3448 4657 maxime
3478 4594 3816 4677 perficitur
3842 4617 3956 4680 per

2450 4709 2773 4754 recessum
2831 4710 2868 4753 a
2925 4690 3364 4766 sensibilibuS‚
3426 4700 3492 4755 et
3548 4702 3671 4756 stat
3727 4695 3793 4758 in
3854 4697 3953 4759 sui

2450 4788 2653 4879 ipsius
2682 4789 2929 4852 visione
2960 4808 3291 4872 suspensa,
3332 4791 3745 4855 manifestum
3782 4795 3953 4876 quod

2447 4887 2530 4947 sit
2577 4903 2691 4968 per
2738 4904 2806 4948 se
2864 4885 3239 4948 subsistenS.
3293 4887 3370 4949 Et
3428 4888 3547 4951 hoc
3606 4889 3671 4952 in
3732 4891 3955 4954 multis

2447 4984 2947 5046 theorematibus
2981 4984 3330 5046 introducit
3358 4986 3758 5050 Proclus.Ait
3788 4991 3953 5052 enim

2446 5081 2836 5144 theoremate
2869 5081 3359 5163 quadragesimo
3390 5086 3673 5148 secundo
3706 5087 3953 5151 :Omne

2445 5180 2883 5258 αὐθυπόστατον,
2931 5179 2994 5241 id
3038 5187 3136 5241 est
3178 5197 3294 5262 per
3336 5199 3405 5244 se
3449 5182 3829 5262 subsistens»,
3872 5187 3949 5250 ad

2444 5297 2513 5341 se
2544 5279 2756 5360 ipsum
2786 5276 3237 5341 conversivam
3274 5285 3391 5342 est.
3426 5280 3585 5344 Nam
3624 5284 3795 5365 quod
3832 5303 3953 5370 per
