4300 6259
977 513 1058 560 DE
1099 513 1328 560 mmm:
1368 514 1752 561 cflnls'rtartffi
1793 515 2095 573 Tnssomffi,
2141 517 2319 564 LIBER
2360 517 2399 562 1.
2451 533 2527 545 --
2567 519 2707 564 ΛΒΤ.
2754 517 2831 564 XC

325 699 404 744 re
435 689 665 746 autem
704 684 813 747 tali
855 684 1134 748 materiai
1177 684 1492 748 unibilem
1532 704 1670 748 esse
1714 704 1851 766 per·
1880 683 1932 749 A
1961 686 2304 768 separatim
2350 705 2387 748 a
2438 687 2703 749 materia
2750 687 3028 749 secunda
3065 703 3079 748 :
3122 686 3289 749 sicut
3335 703 3455 748 nec

323 779 769 845 fectissimam
799 782 1094 855 formam,
1131 783 1492 864 cujusmodi
1531 791 1628 845 est
1666 783 1848 846 intel-

323 878 704 942 lectualitas
746 880 1117 944 substantiae
1161 882 1696 962 supermundanae
1733 901 1846 942 seu

323 976 807 1058 intelligentiae,
857 979 1036 1042 omni
1093 980 1340 1042 ratione
1387 987 1578 1043 caret.
1633 980 1846 1043 Cerni-

323 1094 484 1137 mus
517 1095 756 1160 nempe
786 1078 852 1139 in
885 1077 1224 1140 mundanis
1255 1078 1847 1160 materiebus,quod

323 1191 462 1236 non
499 1176 866 1258 suscipiunt
893 1176 1118 1238 vitales
1149 1184 1212 1238 et
1243 1177 1704 1258 cognoscitivas
1735 1176 1850 1238 for-

323 1290 500 1346 maS,
527 1273 655 1336 nisi
690 1275 1146 1356 praedispositae
1175 1274 1697 1349 suerint.Adhuc,
1724 1275 1848 1356 pri-

325 1389 440 1432 ma
471 1391 672 1434 causa
702 1381 798 1435 est
833 1392 1070 1455 purum
1111 1381 1174 1436 et
1216 1374 1474 1455 penitus
1515 1373 1844 1436 inlinitum

322 1468 578 1532 lumen.
596 1470 934 1533 Processus
961 1479 1173 1533 autem
1203 1471 1626 1533 secundorum
1655 1490 1692 1532 a
1723 1472 1847 1553 pri-

323 1585 432 1628 mo
465 1566 550 1628 sit
583 1586 700 1649 per
726 1567 1248 1631 assimilationem
1279 1576 1714 1649 utrorumque,
1730 1568 1846 1630 sic-

325 1673 402 1727 ut
437 1685 622 1727 nunc
651 1665 928 1728 ubertim
962 1667 1430 1748 praeinductum
1475 1673 1586 1728 est.
1623 1667 1844 1728 Dicere

327 1763 560 1843 igitur,
611 1765 782 1846 quod
831 1763 1296 1826 intellectuales
1345 1764 1468 1828 illae
1512 1771 1575 1827 et
1619 1764 1846 1827 deifor-

1958 784 2150 848 bomo
2216 785 2461 867 species
2529 803 2669 848 esse
2736 793 2945 867 potest
3001 785 3141 847 sine
3196 784 3457 848 bomine

1961 883 2311 946 individuo.
2336 919 2415 930 -—-
2444 884 2537 945 Ad
2568 885 2857 965 quintam
2889 883 3253 956 dicendum,
3284 883 3455 965 quod

1961 981 2241 1044 materiae
2302 981 2578 1044 maxime
2636 982 2936 1045 convenit
2991 982 3333 1064 quantitaS,
3394 987 3459 1042 et

1961 1097 2074 1160 per
2115 1098 2259 1141 eam
2303 1079 2531 1142 ceteris
2573 1079 3013 1142 accidentibus
3059 1079 3303 1141 substat
3346 1095 3359 1139 ε
3394 1085 3459 1140 et

1964 1177 2106 1240 ideo
2135 1177 2297 1240 dixit
2339 1179 2648 1241 Averroes
2690 1177 3123 1241 dimensiones
3169 1175 3454 1239 intermi-

1961 1283 2163 1350 nataS‚
2198 1277 2477 1338 materiae
2512 1284 2874 1339 coaeternas.
2908 1274 3263 1338 Avicebron
3304 1292 3455 1337 vero

1959 1375 2265 1455 supponit
2295 1374 2361 1436 in
2396 1374 2513 1436 hac
2544 1375 2808 1447 ratione,
2842 1374 3009 1456 quod
3041 1390 3300 1436 omnem
3330 1372 3455 1434 for-

1959 1490 2128 1533 mam
2162 1471 2364 1553 possit
2396 1471 2661 1534 materia
2690 1479 3047 1534 sustentare
3082 1489 3096 1532 z
3129 1470 3299 1552 quod
3339 1470 3453 1532 fal-

1957 1589 2101 1631 sum
2151 1577 2265 1631 est.
2320 1605 2401 1615 —
2450 1571 2637 1633 Sexta
2684 1571 2845 1633 ratio
2892 1568 3096 1633 soluta
3144 1577 3261 1632 est.
3314 1569 3456 1632 Haec

1957 1667 2130 1728 enim
2164 1667 2455 1730 fundatio
2484 1669 2765 1731 materiae
2809 1667 3105 1730 secundae
3144 1666 3208 1729 in
3250 1666 3459 1748 prima

1960 1765 2225 1827 materia
2255 1773 2351 1828 est
2380 1766 2735 1828 secundum
2768 1766 3101 1839 rationem,
3126 1764 3293 1826 sicut
3322 1782 3459 1845 spe-

329 1881 476 1924 mes
513 1870 784 1936 menteS‚
819 1881 960 1943 quae
987 1862 1161 1924 aliud
1193 1881 1319 1925 non
1352 1871 1500 1924 sunt
1530 1863 1652 1924 nisi
1685 1861 1845 1923 radii
1880 1862 1929 1925 B
1959 1862 2089 1924 cies
2137 1862 2441 1925 fundatur
2500 1865 2563 1927 in
2622 1882 2872 1944 genere.
2927 1864 3018 1926 Ex
3066 1863 3186 1925 hoc
3242 1870 3456 1924 autem

327 1960 608 2040 quidam
670 1961 894 2042 primae
953 1960 1137 2034 luciS,
1189 1968 1252 2022 et
1301 1961 1536 2024 divinae
1585 1961 1846 2042 puritati

327 2058 720 2132 simillimae,
749 2078 786 2121 a
816 2077 943 2140 qua
974 2059 1341 2121 immediate
1382 2060 1797 2140 egrediuntur
1831 2077 1844 2120 :

325 2157 578 2230 dicere,
633 2156 918 2238 inquam,
959 2158 1132 2238 quod
1189 2157 1316 2220 illae
1365 2165 1607 2219 naturae
1658 2163 1850 2219 mate-

327 2255 500 2317 riam
549 2255 847 2327 babeant‚
889 2263 952 2317 et
991 2255 1160 2336 quod
1202 2255 1420 2317 lumen
1462 2273 1500 2316 a
1540 2255 1748 2336 primo
1785 2263 1848 2317 et

327 2351 606 2415 fontano
649 2353 891 2414 lumine
938 2353 1146 2434 prime
1183 2372 1508 2426 emananS,
1543 2353 1607 2414 in
1653 2361 1845 2415 mate-

327 2451 446 2513 riae
477 2451 922 2532 impuritatem
955 2451 1172 2513 statim
1201 2451 1560 2524 occumbat,
1595 2469 1720 2514 non
1751 2459 1848 2513 est

325 2550 636 2612 ordinem
698 2549 981 2612 universi
1026 2557 1090 2611 et
1133 2557 1426 2613 naturam
1483 2550 1844 2631 specierum

327 2648 478 2728 ejus
521 2647 850 2709 subtiliter
893 2647 1332 2728 contemplari.

409 2745 846 2819 Quamobrem
888 2745 1238 2826 incongrua
1283 2753 1381 2807 est
1423 2745 1566 2808 talis
1617 2745 1849 2828 positio

327 2844 632 2923 Origenis
673 2850 737 2904 et
772 2843 1144 2906 Avicebron.
1187 2843 1358 2906 Unde
1403 2843 1596 2905 etiam
1641 2843 1846 2907 solen-

327 2941 633 3003 nioribus
665 2948 896 3004 nostrae
928 2940 1257 3021 religionis
1289 2939 1710 3024 philosophiS,
1734 2941 1842 3022 qui

1959 1960 2183 2023 inferri
2250 1981 2378 2024 non
2438 1970 2645 2044 potest
2702 1962 2890 2038 realis
2958 1961 3461 2044 praeexsistentia

1959 2060 2185 2140 primae
2218 2061 2499 2124 materiae
2527 2068 2673 2123 ante
2702 2062 3070 2122 secundam.
3090 2095 3171 2105 —
3193 2059 3285 2120 Ad
3316 2059 3461 2121 ulti-

1963 2176 2132 2220 mam
2178 2157 2545 2230 dicendum,
2579 2159 2751 2240 quod
2797 2158 3063 2220 materia
3106 2165 3202 2220 est
3243 2157 3308 2220 in
3355 2175 3461 2240 po-

1959 2256 2158 2317 tentia
2189 2256 2265 2318 ad
2300 2255 2535 2318 formas
2576 2256 2937 2328 sensibileS,
2972 2274 3099 2318 non
3128 2263 3342 2318 autem
3381 2257 3461 2318 ad

1959 2352 2199 2416 formas
2230 2354 2681 2434 incorporales,
2716 2361 2786 2416 ut
2816 2361 2966 2416 sunt
2996 2353 3359 2416 intellectus
3397 2361 3462 2416 et

1959 2451 2206 2532 species
2258 2451 2716 2533 intelligibiles.
2758 2451 2930 2514 Nihil
2979 2471 3129 2534 ergo
3175 2451 3460 2514 veritatis

1959 2548 2151 2611 habet
2193 2549 2353 2612 ratio
2394 2550 2533 2611 ista.

2038 2648 2131 2709 Ad
2162 2666 2237 2710 ea
2266 2648 2479 2710 denuo
2517 2667 2659 2728 quae
2701 2647 3083 2729 posteriores
3124 2647 3456 2722 inducunt,

1957 2763 2100 2826 quae
2131 2746 2355 2826 utique
2388 2745 2649 2826 paulum
2693 2744 3007 2807 disserunt
3053 2745 3132 2806 ab
3172 2745 3271 2806 bis
3317 2765 3458 2826 quae

1959 2841 2022 2902 in
2067 2843 2260 2906 Fonte
2310 2843 2457 2905 vitae
2506 2842 2730 2904 scribit
2775 2841 3155 2916 Avicebron,
3198 2860 3458 2923 respon-

1957 2939 2263 3012 dendum,
2318 2941 2489 3021 quod
2550 2939 2859 3022 recipere,
2911 2939 3163 3012 variari,
3218 2941 3345 3022 pati
3395 2947 3461 3001 et

327 3041 394 3101 in
452 3039 752 3100 doctrina
802 3038 1362 3120 Peripateticorum
1424 3047 1488 3102 et
1546 3039 1846 3102 Aristote-
1877 3033 1920 3098 C
1959 3039 2225 3110 moveri,
2269 3038 2533 3100 omnino
2572 3037 2897 3120 aequivoce
2946 3037 3165 3100 insunt
3212 3037 3458 3100 intelle-

327 3138 406 3200 lis
461 3136 853 3220 profundius
913 3137 1146 3199 eruditi
1205 3145 1376 3210 sunt,
1429 3137 1567 3218 ipsa
1624 3137 1844 3218 displi-

326 3237 490 3310 cuit,
535 3243 752 3318 utpote
797 3235 1015 3299 Boetio
1058 3245 1124 3298 et
1167 3237 1446 3311 Alberto‚
1489 3238 1744 3300 Thomae
1785 3245 1847 3298 et

323 3333 606 3415 :Egidio

407 3431 632 3493 Prima
667 3439 880 3494 autem
929 3431 1186 3494 illorum
1235 3433 1394 3495 ratio
1439 3432 1502 3493 in
1550 3433 1844 3514 sequenti

323 3529 614 3592 articulo
671 3528 970 3591 solvetur.
1023 3565 1104 3575 -
1151 3530 1242 3592 Ad
1293 3531 1448 3592 duas
1504 3538 1844 3611 sequentes

325 3628 620 3690 rationes
649 3627 1016 3700 dicendum,
1048 3628 1218 3709 quod
1258 3628 1401 3690 ideo
1443 3629 1709 3690 materia
1737 3629 1846 3690 ali-

325 3745 456 3808 qua
489 3725 734 3788 dicitur
773 3726 1000 3808 prima,
1034 3727 1186 3808 quia
1222 3727 1301 3788 ad
1341 3745 1564 3790 omnes
1605 3725 1844 3788 formas

329 3823 762 3886 informantes
810 3831 907 3885 est
953 3822 1020 3884 in
1071 3823 1372 3904 potentia.
1419 3822 1844 3903 Intelligentia

326 3931 557 3984 autem
597 3922 650 3984 si
700 3920 906 3984 forma
945 3920 1214 3994 dicatur,
1263 3939 1390 3983 non
1431 3921 1553 3982 nisi
1598 3939 1636 3982 a
1673 3923 1844 3997 foris

329 4023 664 4081 manendo
701 4019 792 4082 sic
841 4019 1246 4098 nominatur3
1289 4026 1352 4081 et
1397 4018 1844 4099 hujuscemodi

327 4118 552 4181 forma
605 4118 840 4180 dicitur
897 4117 1104 4180 forma
1160 4117 1444 4180 formans
1505 4135 1519 4179 t
1571 4119 1842 4180 causatis

1957 3136 2167 3198 ctibus
2197 3144 2260 3198 et
2291 3136 2727 3199 sensibilibus.
2772 3136 2990 3198 Omnis
3024 3136 3290 3218 proinde
3330 3155 3459 3199 cre-

1955 3241 2054 3296 ata
2101 3235 2400 3307 essentia,
2444 3234 2595 3316 quia
2644 3253 2722 3296 ex
2771 3234 2976 3296 nihilo
3024 3234 3335 3316 processit
3379 3235 3457 3296 ad

1957 3350 2118 3402 esse,
2151 3340 2215 3394 et
2244 3332 2601 3394 secundum
2638 3351 2705 3394 se
2738 3331 2898 3393 nihil
2931 3339 3048 3404 est,
3082 3331 3192 3392 sed
3221 3331 3456 3412 depen-

1955 3429 2061 3491 det
2096 3448 2209 3510 per
2240 3429 2572 3492 infinitum
2606 3430 2914 3512 primum,
2938 3429 3107 3510 quod
3138 3435 3233 3490 est
3255 3430 3455 3491 virtus

1956 3529 2289 3602 virtutum,
2344 3535 2413 3589 ut
2459 3528 2696 3590 dicitur
2736 3528 2801 3589 in
2852 3525 3017 3588 libro
3064 3527 3451 3604 Causarum3

1959 3625 2099 3687 ideo
2129 3625 2621 3687 variabilitatem
2662 3626 3004 3706 quamdam
3045 3624 3279 3687 habere
3323 3632 3455 3706 pot-

1958 3730 2054 3784 est
2094 3730 2159 3784 et
2202 3721 2643 3785 mobilitatem.

2361 3995 2849 4059 ARTICULUS
2895 3995 3033 4058 XC.

1955 4149 2048 4206 De
2104 4146 2526 4220 simplicitate
2584 4145 3039 4220 intelliyentice
3094 4153 3152 4203 ec
3212 4146 3451 4203 animoe

327 4217 512 4279 enim
559 4216 838 4298 speeiem
886 4215 1200 4297 imprimit
1242 4223 1306 4277 θῑ
1351 4215 1620 4278 formam
1668 4215 1846 4297 largi·
1877 4219 1926 4280 D
2037 4235 3449 4312 intellectivoe,secundmnAverroem,quem

328 4323 456 4376 tur.
493 4349 580 4358 —
609 4314 700 4376 Ad
731 4320 1022 4395 quartam
1055 4313 1424 4386 dicendum,
1457 4313 1626 4394 quod
1671 4314 1736 4375 in
1778 4332 1844 4376 re

329 4422 427 4476 est
477 4413 704 4476 eadem
754 4412 1018 4475 materia
1061 4431 1204 4493 quae
1255 4412 1464 4494 prima
1508 4412 1747 4474 dicitur
1786 4420 1847 4474 et

329 4510 625 4574 secunda
661 4529 674 4570 t
719 4510 830 4572 sed
877 4510 1082 4591 prima
1131 4508 1388 4580 dicitur,
1431 4509 1495 4570 in
1535 4517 1846 4590 quantum

331 4609 609 4691 respicit
637 4607 1122 4688 substantialem
1163 4606 1458 4680 formam,
1491 4607 1595 4668 cui
1629 4625 1742 4688 per
1781 4627 1846 4670 se

331 4717 396 4771 et
457 4706 834 4769 immediate
893 4705 1148 4776 unitur;
1199 4704 1434 4767 dicitur
1491 4713 1704 4768 autem
1753 4725 1846 4768 se·

333 4807 574 4880 cunda,
609 4806 674 4866 in
719 4811 1030 4886 quantum
1075 4822 1203 4864 una
1244 4822 1392 4864 cum
1439 4801 1644 4865 forma
1684 4805 1850 4866 acci-

332 4903 646 4967 dentibus
675 4901 922 4964 substat
955 4918 968 4962 :
994 4900 1298 4981 quoniam
1332 4901 1540 4981 prima
1571 4902 1724 4963 unio
1754 4911 1850 4963 est

336 5004 512 5064 inter
541 4997 1029 5062 substantialem
1063 4997 1334 5059 formam
1383 5005 1446 5060 et
1493 4999 1844 5061 materiam.

335 5101 502 5164 Nam
547 5097 904 5160 secundum
947 5095 1378 5168 Aristotelem,
1412 5104 1590 5157 actus
1635 5104 1699 5158 et
1743 5115 1849 5178 po-

338 5197 548 5260 tentia
576 5193 1082 5257 substantialiter
1113 5194 1444 5255 uniuntur.
1479 5193 1616 5256 Non
1661 5195 1854 5274 igitur

341 5295 663 5378 sequitur,
705 5293 876 5375 quod
919 5293 1184 5356 materia
1231 5294 1438 5376 prima
1487 5294 1569 5356 sit
1613 5294 1851 5357 alicubi

2033 4323 2348 4383 Albertus
2418 4331 2673 4381 secutus
2729 4330 2846 4391 est,
2906 4331 2965 4380 et
3022 4322 3450 4391 Avicennam,

2035 4411 2147 4470 υιιί
2199 4411 2471 4470 Thomas
2516 4412 2812 4471 adhaesit.

2101 4607 2395 4670 UONIAM
2425 4606 2687 4688 quidem
2720 4606 2896 4668 nulla
2926 4613 3135 4668 creata
3164 4607 3453 4669 substan-

1963 4605 2093 4806 Ο
2129 4705 2218 4766 tia
2254 4712 2435 4766 actus
2474 4723 2673 4785 purus
2713 4723 2851 4766 esse
2894 4711 3119 4785 potest,
3152 4705 3452 4785 quemad·

1959 4803 2221 4865 modum
2262 4820 2339 4864 ex
2380 4801 2791 4883 praeinductis
2832 4800 3038 4882 palam
3073 4809 3198 4879 est3
3231 4820 3453 4865 omnes

1959 4900 2491 4983 compositionem
2562 4900 2901 4980 quamdam
2975 4898 3319 4962 admittunt
3390 4902 3451 4963 in

1959 4997 2379 5078 intelligentia
2408 5006 2472 5059 et
2498 4997 2723 5059 anima.
2746 4995 2985 5058 Etenim
3016 5016 3092 5058 ea
3121 5018 3259 5079 quae
3290 5019 3457 5062 nunc

1959 5099 2037 5160 de
2068 5097 2480 5178 simplicitate
2512 5103 2575 5158 et
2606 5095 3069 5176 compositione
3101 5098 3459 5179 intelligen-

1962 5198 2064 5258 tiae
2096 5196 2516 5268 dicuntur,de
2545 5195 2759 5256 anima
2786 5211 3041 5275 quoque
3072 5195 3459 5259 intellectiva

1965 5293 2401 5376 pariformiter
2429 5292 2634 5374 accipi
2665 5299 2950 5374 possunt.
2985 5292 3094 5356 Est
3120 5293 3293 5357 enim
3324 5295 3457 5357 ani-

3328 497 3448 564 343
3554 535 3563 544 ·
