4300 6259
1347 515 1770 564 amnui-10
1809 513 2209 562 maotooim.
2254 533 2337 546 —
2376 516 2457 564 nr:
2496 517 2755 566 ansatus
3489 502 3609 566 175

485 705 616 750 nes
665 687 1062 760 hominihuS,
1116 693 1180 750 et
1225 688 1546 751 daemones
1604 683 1998 750 daemonibus
2027 683 2080 748 A
2109 684 2365 748 ordines
2402 705 2671 750 summae
2711 686 3103 761 hierarchiae,
3136 693 3325 769 atque
3366 687 3443 751 ad
3489 686 3607 751 Do-

487 793 820 866 praesunt3
853 792 996 868 post
1033 785 1203 849 diem
1235 803 1388 848 vero
1427 785 1681 866 judicii,
1716 782 1998 866 praelatio

483 883 634 948 haec
663 884 1026 948 daemonum
1056 891 1369 966 quantum
1395 884 1475 947 ad
1505 883 1822 946 exteriora
1864 899 1997 944 ces-

483 981 684 1044 sabit.

785 1190 1303 1256 PROPOSITIO
1351 1189 1691 1254 LXXVII.

573 1375 788 1444 Ordo
823 1389 917 1442 ao
954 1375 1317 1457 praelatio
1359 1376 1446 1441 1n
1487 1373 1800 1452 ang-elis
1825 1386 1995 1439 san-

477 1475 658 1540 etis
696 1472 1136 1553 cessabunt,
1185 1473 1582 1554 completo
1634 1473 1995 1538 extremo

466 1573 514 1652 j
525 1574 824 1653 udicio,
853 1570 1110 1654 quoad
1153 1572 1556 1639 exteriora
1597 1569 1996 1652 obsequia,

481 1685 662 1737 non
706 1671 975 1736 autem
1019 1671 1406 1751 quantum
1453 1668 1554 1736 ad
1609 1669 1999 1735 distinen-

477 1783 734 1835 onem
770 1767 1284 1848 perfeetionis
1309 1769 1396 1834 1n
1424 1767 1656 1834 donis
1693 1767 2000 1834 naturae

477 1869 581 1933 et
623 1867 904 1946 gratioe
944 1881 1038 1933 ao
1076 1866 1380 1945 gloriae.

576 1964 756 2038 Quod
799 1971 916 2038 est,
958 1965 1108 2046 quia
1149 1963 1472 2052 completo
1511 1963 1790 2046 generali
1833 1963 2000 2044 judi-

477 2063 622 2136 cie,
673 2064 888 2125 omnia
933 2069 1122 2126 erunt
1177 2062 1244 2125 in
1301 2061 1510 2124 Beatis
1565 2061 1644 2124 ad
1703 2061 1998 2125 ultimam

475 2159 960 2243 perfectionem
991 2161 1265 2234 redacta,
1297 2167 1358 2222 et
1389 2161 1598 2223 omnis
1637 2159 1996 2241 potentiali-

475 2269 593 2322 tas
623 2259 748 2322 erit
777 2258 842 2322 in
872 2259 1028 2341 ipsis
1057 2259 1136 2321 ad
1165 2265 1378 2320 actum
1411 2258 1692 2331 reducta,
1717 2275 1836 2320 nec
1865 2276 1998 2320 am-

471 2357 676 2440 plius
703 2366 890 2420 erunt
916 2358 984 2420 in
1015 2357 1170 2439 ipsis
1200 2373 1380 2420 novae
1411 2355 1998 2440 purgationes,illu-

479 2457 886 2520 minutiones
943 2463 1008 2519 et
1061 2455 1506 2538 perfectiones.
1568 2455 1758 2518 Porro
1805 2455 1994 2530 dona,

479 2554 930 2638 perfectiones
958 2561 1023 2616 et
1051 2553 1480 2616 connexiones
1509 2553 1898 2616 naturalium
1935 2561 1999 2616 et

475 2653 950 2735 gratuitorum,
981 2670 1054 2714 ac
1085 2669 1428 2714 munerum
1457 2651 1695 2733 gloriae,
1729 2651 1794 2714 in
1840 2651 1998 2733 ipsis

479 2759 814 2836 perpetue
870 2750 1292 2814 remanebunt
1340 2768 1490 2812 cum
1545 2749 2000 2812 venustissimo

479 2849 992 2932 inviolabilique
1027 2849 1274 2912 decore.
1309 2849 1468 2911 Hinc
1511 2855 1685 2930 patet
1725 2847 2001 2930 qualiter

479 2947 994 3029 intelligendum
1023 2947 1108 3010 sit
1135 2947 1304 3029 quod
1331 2945 1412 3009 ad
1442 2945 1802 3010 Corinthios
1847 2946 1998 3008 scri-

129 3076 148 3119 1
179 3077 312 3121 εον,
335 3089 436 3128 ῃ,
475 3048 598 3110 bit
625 3046 969 3129 Apostolus
1001 3063 1017 3107 :
1051 3045 1339 3110 Christus
1367 3045 1705 3108 evacuabit
1740 3063 1996 3109 omnem
2029 3053 2074 3118 (2

87 3143 172 3184 ²⁴·
473 3146 938 3230 principatum
981 3152 1047 3207 et
1087 3151 1486 3228 potestatem.

775 3353 1292 3421 PROPOSITIO
1340 3353 1714 3418 LXXVIII.

567 3538 1074 3616 Angelorum
1143 3537 1601 3603 sanctorum
1670 3535 1994 3618 quidam

463 3636 1022 3720 perhibentur
1061 3635 1636 3715 mimstranteS,
1678 3635 1824 3701 a111
1866 3635 1996 3701 ad·

463 3736 894 3804 sistentes·

569 3833 756 3906 Quod
810 3839 929 3905 est,
989 3831 1292 3914 quoniam
1351 3830 1730 3894 adsistentes
1785 3831 1993 3911 angeli

463 3930 923 4014 appellantur,
957 3929 1068 4012 qui
1101 3929 1194 3992 sic
1223 3929 1429 3991 divini
1458 3928 1674 3993 vultus
1715 3937 1993 3992 contem-

469 4029 766 4114 plationi
797 4027 1023 4090 intenti
1063 4034 1234 4101 sunt,
1267 4026 1488 4108 sicque
1531 4027 1998 4090 incircumscri-

467 4127 713 4213 ptibili
779 4125 1364 4208 supersanctissimi
1423 4125 1736 4189 Creatoris
1795 4127 1996 4209 maje-

2111 782 2533 864 minationes3
2567 785 2931 848 ministrare
2957 802 3128 860 vero,
3160 786 3239 848 ad
3270 792 3399 848 tres
3440 785 3607 849 ordi-

2109 899 2222 943 nes
2290 881 2535 946 inl’imae
2599 882 2993 958 hierarchiae,
3054 901 3331 966 quorum
3386 883 3609 947 officia

2109 978 2280 1042 circa
2324 979 2827 1042 ecclesiasticam
2876 981 3301 1044 hierarchiam
3349 999 3605 1044 versan-

2109 1085 2233 1138 tur.
2266 1078 2403 1140 Duo
2443 1084 2657 1141 autem
2700 1079 2959 1142 ordines
3006 1079 3339 1142 inferiores
3382 1079 3607 1144 mediae

2107 1174 2817 1250 hierarchiae,videlicet
2844 1175 3121 1239 Virtutes
3152 1185 3217 1239 et
3246 1178 3603 1252 PotestateS,

2108 1274 2289 1355 quasi
2322 1275 2533 1337 medio
2564 1275 2753 1338 modo
2780 1292 2851 1337 se
2880 1274 3138 1349 habent,
3174 1281 3241 1338 ut
3270 1294 3348 1337 ex
3378 1276 3606 1359 praein-

2108 1370 2319 1434 ductis
2351 1372 2497 1434 elici
2529 1372 2979 1455 potest.Nihilo
3010 1373 3225 1436 minus
3253 1392 3478 1436 verum
3510 1381 3607 1437 est
3634 1406 3928 1451 propomam

2109 1470 2277 1552 quod
2314 1477 2569 1533 sanctus
2600 1471 2999 1554 deprompsit
3038 1472 3378 1553 Apostolus
3412 1491 3427 1534 ι
3462 1473 3604 1536 Om·
3638 1495 3813 1548 seban,
3834 1501 3897 1544 u.

2109 1587 2223 1630 nes
2266 1568 2789 1632 administratorii
2828 1569 3093 1651 spiritus
3122 1578 3293 1644 sunt,
3325 1571 3391 1635 in
3424 1571 3607 1634 mini-

2109 1667 2373 1728 sterium
2406 1665 2585 1728 missi
2627 1674 2885 1750 propter
2912 1685 3021 1730 eos
3051 1669 3161 1751 qui
3191 1668 3603 1734 hereditatem

2110 1765 2376 1846 capiunt
2402 1764 2643 1828 salutis.
2678 1765 3049 1848 Superiores
3078 1767 3319 1850 quippe
3350 1769 3609 1831 mittun-

2027 1861 2074 1924 B
2112 1870 2217 1925 tur
2248 1862 2559 1926 invisibili
2592 1863 2898 1926 missione
2934 1866 3011 1928 ad
3050 1866 3308 1946 angelos
3347 1865 3607 1930 inferio-

2111 1979 2235 2034 reS,
2269 1978 2429 2043 quos
2460 1961 2847 2036 illuminant,
2881 1962 3188 2044 dirigunt,
3220 1971 3285 2026 et
3312 1964 3407 2027 eis
3437 1985 3606 2047 quae-

2109 2059 2256 2122 dam
2305 2060 2549 2141 agenda
2594 2061 3023 2123 committunt.
3068 2061 3409 2126 Inferiores
3456 2083 3609 2128 vero

2111 2158 2455 2221 mittuntur
2494 2160 2572 2221 ad
2618 2159 3014 2241 operandum
3058 2160 3303 2243 aliquid
3346 2162 3609 2226 forinse-

2109 2275 2224 2318 cus
2268 2256 2438 2320 circa
2474 2274 2811 2338 corporeas
2853 2257 3317 2342 inferioresque
3364 2269 3606 2324 creatu-

2107 2375 2229 2420 ras.
2282 2357 2500 2440 ltaque
2547 2365 2821 2440 quatuor
2864 2366 3013 2420 sunt
3057 2359 3313 2422 ordines
3358 2359 3609 2439 angelo—

2107 2473 2255 2519 rum
2282 2456 3051 2540 adsistentium,quinque
3082 2457 3603 2521 ministrantium.

2109 2555 2269 2617 Hinc
2320 2555 2385 2616 in
2424 2555 2683 2618 Daniele
2723 2554 2993 2619 habetur
3034 2573 3049 2619 :
3092 2556 3289 2620 Millia
3328 2557 3605 2621 millium
3673 2584 3793 2629 Dan.
3826 2597 3901 2639 vu,

2111 2652 2559 2716 ministrabant
2595 2654 2679 2728 ei,
2709 2661 2775 2716 et
2816 2654 3030 2718 decies
3075 2655 3309 2718 millies
3340 2662 3607 2718 centena
3635 2650 3703 2692 ¹⁰·

2111 2751 2315 2814 millia
2356 2752 2748 2815 adsistebant
2783 2753 2863 2815 ei.

2420 2959 2939 3027 PROPOSITIO
2987 2961 3301 3027 LXXIX.

2178 3143 2575 3212 Numerus
2594 3145 3059 3224 angelorum
3086 3145 3605 3215 ineflbbssiter

2107 3256 2445 3322 mag-nus
2486 3244 2610 3310 est
2650 3245 2733 3310 et
2772 3243 3607 3326 1noomprehens1b111s

2108 3341 2337 3408 nobis
2382 3339 2472 3407 in
2512 3343 2689 3408 vita
2735 3345 3129 3424 praesenu.

2189 3438 2367 3512 Quod
2430 3445 2549 3511 est,
2618 3441 2924 3521 quoniam
2996 3441 3372 3524 principalis
3446 3443 3605 3506 ratio

2107 3535 2447 3598 creationis
2475 3537 2849 3618 angelorum
2880 3545 2997 3610 est,
3032 3547 3102 3601 ut
3140 3539 3204 3600 in
3238 3539 3395 3622 ipsis
3426 3539 3607 3603 Crea-

2105 3635 2263 3698 toris
2306 3635 2587 3698 reluceat
2630 3635 2903 3710 bonitas,
2946 3645 3439 3718 repraesentetur
3482 3657 3609 3702 ma-

2103 3733 2323 3813 jestaS,
2356 3741 2420 3796 et
2450 3733 2574 3815 ipsi
2618 3733 3013 3814 majestatem
3055 3742 3120 3796 et
3156 3735 3425 3816 gloriam
3466 3736 3606 3816 ejus

2107 3830 2529 3912 conspiciant,
2588 3831 3008 3904 admirentur,
3068 3831 3359 3912 diligant,
3420 3852 3607 3896 vene-

2105 3935 2349 4002 rentur,
2396 3928 2761 3990 collaudent
2801 3946 2816 3990 :
2858 3929 3031 4011 quod
3073 3936 3247 3992 tanto
3292 3930 3605 3993 excelleu-

2106 4027 2235 4088 tius
2292 4025 2390 4100 fit,
2441 4033 2679 4108 quanto
2738 4025 2944 4106 major
2990 4033 3087 4088 est
3144 4026 3487 4091 multitudo
3542 4037 3607 4091 et

2107 4124 2535 4187 numerositas
2566 4123 3081 4187 beatissimorum
3120 4125 3376 4188 illorum
3421 4145 3607 4209 ange-

463 4226 640 4291 stati
701 4225 952 4287 adstant
997 4231 1059 4286 et
1109 4230 1340 4307 praesto
1387 4232 1558 4298 sunt,
1608 4232 1798 4307 atque
1847 4245 1994 4288 cum
2026 4230 2076 4294 D
2109 4223 2377 4285 licorum
2424 4222 2791 4304 spirituum,
2826 4221 3395 4304 inclytissimorum
3438 4225 3606 4287 mili-

461 4322 1030 4389 reverendissima
1085 4321 1518 4396 inclinatione,
1580 4323 1998 4405 profundissi-

467 4443 598 4488 ma
627 4421 1074 4495 admiratione,
1096 4439 1170 4484 ac
1201 4420 1578 4484 suavissima
1610 4421 1904 4486 increatae
1934 4431 2000 4485 et

467 4521 772 4588 infinitae
816 4519 1174 4583 dulcedinis
1221 4519 1364 4600 ejus
1412 4520 1850 4600 degustatione
1899 4541 1999 4584 va-

469 4627 647 4686 eant
675 4627 742 4682 et
769 4618 1184 4692 coadsistunt,
1217 4618 1388 4700 quod
1417 4617 1494 4679 ad
1525 4619 1840 4682 exteriora
1883 4620 1998 4682 mi-

471 4717 764 4784 nisteria
811 4734 1164 4798 nunquam,
1216 4715 1439 4778 saltem
1489 4715 1864 4797 regulariter
1911 4719 1996 4783 lo-

471 4815 778 4901 queud0,
805 4815 1166 4877 mittuntur.
1185 4814 1544 4877 Ministrant
1574 4816 1870 4898 ver0,qui
1903 4818 1995 4880 sic

471 4913 870 4980 beatissima
899 4913 1164 4976 Deitatis
1191 4913 1438 4975 visione
1469 4912 1793 4990 fruuntur,
1825 4917 1996 4998 quod

471 5013 824 5080 interdum
889 5012 968 5075 ad
1027 5011 1342 5076 exteriora
1398 5013 1684 5093 quaedam
1745 5033 1995 5077 annun-

467 5113 735 5186 tianda,
775 5111 1102 5194 implenda
1139 5117 1250 5172 aut
1289 5111 1696 5192 exsequenda
1739 5111 1998 5175 mittun-

471 5223 620 5277 tur.
641 5211 1029 5291 Certumque
1058 5215 1176 5283 est‚
1199 5207 1366 5291 quod
1396 5208 1476 5270 ad
1507 5209 1868 5290 superiores
1895 5229 1994 5274 or-

467 5313 680 5378 dines
717 5317 964 5394 spectet
999 5309 1324 5384 adsistere,
1358 5307 1712 5392 praesertim
1753 5309 1830 5370 ad
1867 5317 1996 5374 tres

2107 4331 2245 4384 tum
2294 4321 2481 4402 Regis
2538 4320 3019 4404 omnipotentis
3082 4321 3335 4386 Etenim
3394 4325 3448 4388 si
3507 4325 3607 4406 (ut

2107 4420 2403 4484 Salomon
2462 4419 2653 4500 dixit)
2702 4420 2768 4482 in
2828 4419 3241 4484 multitudine
3290 4423 3606 4488 ministro-
3660 4453 3894 4506 Prema,

2106 4540 2252 4583 rum
2282 4520 2555 4601 dignitas
2596 4520 2784 4600 regis,
2817 4526 2881 4581 et
2926 4520 2989 4582 in
3036 4521 3354 4602 paucitate
3397 4523 3605 4604 plebis
3634 4519 3700 4560 ²⁸·

2107 4619 2457 4702 ignominia
2486 4617 2797 4700 principis
2824 4633 2837 4679 :
2862 4635 3075 4681 nonne
3102 4619 3333 4700 Regem
3363 4620 3601 4701 gloriae,

2107 4718 2466 4801 principem
2508 4717 2835 4797 dignitatis
2865 4724 2930 4778 et
2956 4717 3349 4780 excellentiae
3388 4718 3607 4780 infini-

2105 4825 2206 4890 tae,
2270 4815 2799 4878 decentissimum
2868 4822 2964 4876 est
3022 4815 3087 4876 in
3148 4815 3427 4879 maximo
3494 4816 3605 4879 illo

2105 4931 2409 4997 empyreo
2440 4912 2583 4975 coeli
2619 4911 2857 4994 palatio
2890 4913 3403 4976 inenarrabiliter
3432 4914 3602 4996 copi-

2105 5031 2287 5076 osum
2330 5010 2565 5073 habere
2606 5009 2967 5072 exercitum
2996 5010 3369 5091 angelorum
3402 5031 3475 5074 ac
3517 5012 3604 5075 ci·

2105 5111 2282 5172 vium
2316 5111 2787 5191 supernorum?
2818 5125 2945 5171 non
2978 5115 3188 5170 tamen
3220 5108 3603 5193 simpliciter

2105 5208 2460 5282 infinitum,
2518 5207 2670 5288 quia
2726 5206 2791 5268 in
2848 5224 3139 5280 numero,
3202 5210 3482 5290 pondere
3540 5217 3603 5273 et
3629 5225 3893 5282 swan.

2105 5324 2409 5372 mensura
2436 5305 2767 5368 constituit
2806 5305 3123 5368 universa.
3158 5306 3401 5372 Idcirco
3443 5309 3601 5374 illud
