4300 6259
141 2039 241 2093 Epist.
253 2053 324 2087 rut,

122 2101 326 2144 adnm·

123 2164 258 2216 philum-

1093 487 1514 534 nmmum
1555 484 1950 534 'mmmmm-
1997 503 2076 514 -··
2118 485 2197 532 ΒΕ
2239 485 2661 534 8ΔΩΒΔΙΒΠΤ18

3314 466 3437 538 215

349 655 426 719 sit
459 675 646 722 sexus
688 657 1132 739 subjectionis,
1179 665 1242 720 et
1282 657 1348 720 in
1385 657 1560 720 omni
1607 656 1830 719 ordine
1859 653 1912 718 A
1941 655 2269 736 religionis
2312 655 2708 737 ingressum3
2742 672 2867 718 non
2898 662 3111 719 autem
3154 661 3298 737 post
3334 670 3437 716 co·

348 756 664 818 ordinatus
719 755 937 838 aliquo
993 757 1182 821 modo
1239 754 1592 838 prael'icitur
1643 755 1830 834 aliis3

349 861 608 928 sextum,
659 855 832 937 quod
877 854 1270 918 ordinandus
1315 855 1398 917 sit
1454 854 1828 936 baptizatus,

349 955 422 1016 At
473 970 622 1016 vero
679 953 748 1015 in
805 961 1204 1016 sacramento
1257 953 1378 1016 hoc
1434 952 1680 1035 aliquid
1735 960 1834 1016 est

350 1069 440 1113 res
479 1058 542 1112 et
581 1057 1076 1124 sacramentum,
1119 1057 1274 1133 puta
1315 1049 1678 1127 character3
1719 1049 1831 1110 ali·

351 1149 492 1230 quid
548 1155 1022 1212 sacramentum
1072 1148 1534 1222 tantummode,
1585 1155 1658 1210 ut
1705 1165 1834 1210 ma-

347 1246 554 1308 teriale
606 1263 732 1328 quo
797 1253 1076 1328 potestas
1135 1245 1380 1309 ordinis
1435 1244 1600 1308 tradi
1659 1263 1833 1308 mon-

349 1351 592 1417 stratur,
625 1353 696 1406 ut
739 1344 928 1418 calix,
962 1343 1160 1406 clavis
1201 1351 1312 1406 aut
1357 1343 1520 1407 liber
1544 1361 1562 1422 ;
1589 1342 1834 1425 aliquid

348 1447 436 1503 est
489 1457 588 1502 res
646 1447 919 1514 tantum,
973 1446 1044 1502 ut
1089 1441 1290 1521 gratia
1345 1458 1486 1521 quae
1545 1440 1834 1502 ordinato

349 1538 682 1600 confertur.

417 1639 492 1698 At
517 1653 676 1698 vero.
713 1636 904 1698 trium
947 1653 1274 1699 sacrorum
1317 1635 1614 1698 ordinum
1653 1642 1834 1697 actus

349 1741 486 1796 sunt
512 1733 933 1816 privilegiati:
955 1734 1098 1796 ideo
1125 1734 1522 1816 quicumque
1551 1733 1830 1816 aliquem

1941 755 2182 837 pulam,
2234 761 2545 837 quantum
2594 754 2674 817 ad
2732 755 2945 836 ipsum
2992 752 3439 822 indissolubile

1939 852 2292 916 vinculum.

2019 951 2309 1032 Denique
2338 951 2462 1013 tria
2491 960 2641 1013 sunt
2672 950 3063 1014 matrimonii
3094 949 3281 1024 bona,
3306 949 3445 1032 qui·

1942 1049 2060 1112 bus
2091 1049 2155 1112 in
2184 1067 2251 1112 se
2280 1056 2345 1112 et
2373 1049 2435 1112 in
2462 1066 2577 1112 suo
2604 1056 2748 1111 actu
2776 1049 3159 1122 honestatur,
3172 1055 3237 1111 et
3258 1067 3295 1112 a
3319 1048 3445 1118 cul·-

1941 1166 2022 1230 pa
2051 1147 2080 1210 l'
2085 1147 2132 1209 it
2162 1147 2461 1210 immunis
2494 1147 2633 1230 ipsa
2662 1147 2893 1229 copula
2922 1145 3297 1228 conjugalis.
3312 1146 3441 1210 Pri-

1941 1265 2122 1309 mum
2154 1254 2250 1309 est
2278 1245 2465 1319 fides,
2498 1245 2559 1308 id
2590 1253 2687 1310 est
2717 1244 2993 1310 fidelitas
3024 1251 3248 1308 mutua
3274 1245 3445 1310 inter

1943 1344 2244 1408 maritum
2285 1351 2349 1407 et
2388 1343 2753 1425 conjugem,
2787 1343 2875 1405 ita
2912 1344 3083 1425 quod
3120 1342 3203 1406 ab
3230 1343 3443 1407 alieno

1942 1460 2204 1524 prorsus
2264 1441 2625 1504 abstineant
2680 1449 2861 1520 toro;
2920 1440 3021 1504 vel
3078 1441 3243 1504 fides
3302 1440 3443 1523 ipsa

1941 1541 2256 1604 catholica
2284 1549 2349 1602 et
2376 1540 2595 1603 divina
2636 1539 2881 1620 religio,
2914 1539 3064 1621 quia
3102 1538 3441 1621 disparitas

1941 1637 2157 1700 cultus
2200 1637 2391 1700 solvit
2432 1644 2542 1699 aut
2586 1635 2861 1700 solubile
2909 1636 3117 1698 reddit
3158 1635 3442 1716 conjugi-

1945 1753 2074 1797 um.
2108 1734 2236 1798 Nec
2268 1735 2435 1797 inter
2464 1733 2759 1798 infideles
2788 1740 2887 1796 est
2918 1732 3315 1796 connubium
3344 1750 3441 1795 se·

347 1831 706 1912 hujusmodi
733 1840 949 1895 actum
981 1851 1130 1895 cum
1163 1831 1556 1896 conscientia
1585 1830 1828 1914 peccati
1868 1832 1915 1895 B
1945 1833 2227 1895 cundum
2274 1832 2623 1915 perfectam
2668 1831 2809 1912 ejus
2850 1832 3188 1905 rationem,
3234 1837 3305 1892 ut
3346 1837 3445 1894 est

351 1930 620 1992 mortalis
667 1938 944 2004 exercet,
997 1937 1218 2012 peccat
1277 1929 1648 2004 mortaliter,
1699 1930 1833 1992 imo

350 2027 690 2090 secundum
755 2028 1048 2091 divinum
1111 2028 1506 2111 Dionysium,
1567 2036 1665 2091 est
1721 2027 1832 2090 Dei

348 2125 552 2188 irrisor
587 2135 652 2188 et
691 2134 994 2209 tanquam
1041 2126 1474 2209 blasphemus.
1508 2127 1642 2201 Quo
1685 2144 1832 2189 con·

349 2231 460 2285 stat
495 2243 689 2306 quam
731 2223 1287 2288 innumerabiliter
1321 2233 1514 2306 atque
1555 2225 1830 2288 enormi-

347 2329 436 2388 ter
487 2331 756 2404 peccent
815 2322 1168 2385 mortaliter
1227 2323 1560 2404 potissime
1625 2341 1830 2385 sacer-

347 2421 509 2482 dotes
539 2421 1016 2484 incontinenter
1052 2421 1362 2484 viventeS.
1399 2421 1685 2504 Denique
1717 2422 1829 2503 qui

347 2516 612 2597 indigne,
655 2517 776 2580 hoc
817 2526 913 2580 est
951 2517 1018 2580 in
1065 2517 1316 2580 mortali
1362 2525 1625 2600 peccato
1667 2519 1828 2581 exsi-

347 2621 524 2686 siens,
556 2613 714 2676 facit
757 2633 825 2676 se
867 2615 1172 2688 ordinari,
1207 2614 1560 2678 mortaliter
1587 2625 1824 2698 peccat.

345 2711 488 2773 Hinc
524 2713 828 2774 sanctitas
866 2713 1012 2776 vitae
1050 2713 1410 2776 necessaria
1448 2721 1544 2776 est
1579 2714 1657 2776 ad
1697 2733 1831 2776 sus·

347 2810 690 2891 ceptionem
745 2811 1044 2872 ordinum
1092 2828 1106 2873 :
1155 2829 1282 2875 non
1326 2811 1406 2874 de
1453 2811 1828 2875 necessitate

346 2909 733 2981 sacramenti,
781 2908 932 2989 quia
975 2917 1038 2970 et
1078 2909 1265 2991 impii
1307 2909 1621 2972 veraciter
1661 2910 1826 2973 ordi—

1943 1931 2449 1994 ecclesiasticum
2478 1929 3131 2011 sacramentumzquia
3159 1929 3251 1992 sic
3282 1929 3446 1992 inse·

1943 2028 2413 2112 parabilitatem
2446 2027 2711 2102 habenS,
2732 2029 2984 2109 signum
3018 2035 3117 2090 est
3144 2035 3207 2090 et
3236 2028 3445 2108 figura

1943 2128 2201 2191 unionis
2232 2127 2465 2190 Christi
2507 2127 2857 2209 populique
2896 2125 3145 2205 fidelis3
3175 2126 3443 2207 gratiam

1942 2243 2199 2308 quoque
2244 2226 2527 2289 continet
2568 2243 2643 2287 ac
2688 2223 2970 2306 largitur.

2021 2324 2309 2398 Interim,
2342 2323 2667 2404 conjugati
2700 2341 2768 2385 se
2799 2328 3066 2404 possunt
3094 2322 3439 2386 accedere:

1942 2421 2173 2503 prime,
2214 2421 2293 2483 ad
2336 2421 2713 2484 solvendum
2760 2419 3047 2483 debitum
3098 2421 3329 2494 carnis,
3378 2427 3443 2482 et

1943 2519 2031 2582 ita
2073 2527 2171 2582 est
2212 2526 2390 2583 actus
2430 2519 2735 2600 justitiae3
2782 2519 3084 2592 secundo,
3125 2517 3443 2582 desiderio

1941 2619 2140 2701 prolis
2180 2620 2259 2681 ad
2294 2617 2405 2680 Dei
2446 2617 2853 2700 obsequium,
2884 2623 2949 2678 et
2988 2617 3073 2678 ita
3110 2623 3209 2678 est
3244 2615 3443 2678 latriae

1937 2723 2136 2778 actus.
2173 2715 2403 2788 Tertio,
2438 2733 2554 2797 pro
2593 2714 2935 2777 evitatione
2966 2713 3443 2778 incontinentiae

1941 2813 2006 2874 in
2039 2813 2371 2886 contorali,
2405 2813 2627 2894 sicque
2658 2829 2819 2894 opus
2860 2811 3115 2893 pietatis
3144 2819 3438 2889 vocatur3

1939 2911 2041 2973 vel
2073 2911 2138 2974 in
2172 2911 2541 2992 semetipso,
2560 2910 2730 2992 quod
2761 2916 2858 2972 est
2884 2909 3164 2984 cautelae,
3196 2908 3439 2990 aliquid

347 3013 579 3080 uantur,
627 3006 740 3069 sed
789 3005 1168 3070 necessitate
1220 3007 1522 3090 praecepti
1569 3015 1635 3070 et
1679 3025 1827 3071 con·
1861 3009 1906 3074 G
1938 3017 2153 3073 tamen
2214 3008 2691 3072 incontinentiae
2756 3007 2999 3070 habens
3056 3007 3437 3081 admixtum,

344 3103 638 3182 gruitatis.

609 3311 1133 3377 PROPOSITIO
1179 3312 1550 3376 CXXXIX.

415 3497 1012 3564 Matrimonium
1069 3500 1655 3566 sacramentum
1703 3502 1826 3568 est

344 3597 620 3662 ceteris
695 3597 994 3676 parum
1071 3597 1494 3676 carnalius,
1563 3599 1824 3666 nihilo

343 3695 590 3760 minus
617 3695 1068 3777 spirituale,
1090 3697 1176 3760 et
1203 3697 1488 3773 grauae
1516 3699 1824 3763 conten-

342 3793 586 3858 tivum
629 3806 722 3859 ac
763 3793 1261 3860 collativam.

413 3889 579 3962 Quod
629 3896 746 3963 est,
797 3889 1102 3972 quoniam
1145 3890 1618 3953 Matrimonium
1669 3891 1825 3954 defi-

345 3987 520 4061 nitur,
551 3989 722 4070 quod
767 3988 850 4050 sit
898 3987 1182 4068 legitima
1220 3989 1590 4070 conjunctio
1631 3991 1824 4053 maris

345 4103 408 4146 ac
443 4084 714 4160 feminae,
747 4087 1144 4149 individuam
1183 4105 1298 4149 seu
1333 4087 1819 4170 inseparabilem

1937 3108 2293 3170 secundum
2344 3106 2797 3188 Augustinum,
2848 3123 2967 3169 nec
3012 3123 3235 3168 carens
3282 3112 3437 3169 tota-

1937 3204 2085 3268 liter
2113 3205 2350 3268 veniali
2383 3211 2663 3287 peccato.
2698 3204 2953 3278 Quart0,
2984 3203 3301 3267 desiderio
3330 3220 3437 3266 vo-

1937 3303 2219 3385 luptatis.
2266 3303 2341 3365 Et
2388 3303 2509 3366 hoc
2557 3309 2657 3365 est
2702 3302 2987 3375 mortale,
3034 3301 3089 3364 si
3137 3301 3437 3385 procedat

1935 3418 2012 3462 ex
2043 3399 2559 3482 concupiscentia
2588 3399 3223 3482 praedominantetsic
3252 3399 3437 3482 quip-

1935 3517 2018 3581 pe
2065 3505 2163 3560 est
2211 3497 2415 3561 libido
2464 3505 2641 3560 extra
2690 3497 2997 3562 terminos
3047 3497 3437 3561 matrimonii

1935 3615 2004 3659 se
2052 3597 2421 3658 extendens
2476 3595 2539 3659 Si
2588 3613 2743 3659 vero
2791 3595 3033 3658 oriatur
3078 3614 3157 3658 ex
3204 3613 3436 3659 concu-

1935 3695 2247 3776 piscentia
2314 3712 2441 3758 non
2508 3693 3029 3777 praedominante,
3090 3693 3202 3756 sed
3270 3693 3438 3756 infra

1935 3793 2329 3854 matrimonii
2401 3791 2639 3854 limites
2708 3797 3042 3865 coarctata,
3114 3792 3200 3854 ita
3264 3791 3433 3872 quod

1934 3889 2339 3951 commisceri
2388 3887 2695 3951 contorali
2744 3887 2942 3950 nollet
2984 3887 3110 3950 nisi
3152 3888 3434 3969 legitime

1933 3994 2148 4050 essent
2206 3987 2555 4067 conjuncti,
2615 3986 2886 4048 venialis
2942 3993 3039 4048 est
3096 3986 3304 4069 culpa.
3360 3987 3435 4050 Et

1933 4086 2102 4148 sicut
2137 4103 2328 4150 omne
2372 4103 2533 4167 opus
2576 4084 2834 4147 virtutis
2878 4103 2957 4147 ex
3000 4084 3261 4148 caritate
3305 4102 3435 4148 mo-

345 4183 476 4247 vitae
559 4185 1090 4249 consuetudinem
1173 4187 1822 4268 communionemque
1854 4190 1904 4253 D
1934 4193 2120 4247 vente
2166 4192 2229 4246 et
2274 4185 2770 4265 imperante-est
2806 4184 3312 4266 exsequendum,
3347 4184 3433 4245 ita

345 4301 604 4346 servans,
668 4285 901 4366 Sicque
961 4285 1040 4348 ad
1105 4285 1426 4348 carnalem
1493 4286 1824 4348 ordinatur
1931 4292 2110 4345 actus
2170 4281 2549 4363 conjugaliS,
2598 4289 2669 4342 ut
2716 4300 2866 4344 vere
2925 4281 3009 4344 sit
3064 4289 3244 4344 actus
3304 4301 3430 4344 ma-

345 4383 740 4463 propaginem
775 4400 790 4444 :
824 4390 1102 4445 attamen
1151 4384 1228 4446 ad
1277 4383 1389 4445 Dei
1437 4383 1820 4465 obsequium
1931 4381 2335 4454 trimoniali5‚
2368 4398 2493 4443 non
2528 4381 2966 4455 meretricaliS,
2997 4388 3061 4444 et
3092 4381 3433 4464 impleatur

343 4480 668 4544 ordinatur.
702 4482 832 4546 Hoc
863 4490 1332 4546 sacramentum
1376 4503 1485 4564 per
1525 4491 1820 4547 mutuum
1933 4481 2102 4561 quod
2159 4479 2246 4541 ait
2303 4479 2644 4560 Apostolus
2706 4497 2721 4541 t
2781 4479 3131 4542 Honestum
3193 4497 3429 4543 connu-
3488 4501 3723 4556 uotam,

345 4595 704 4643 consensum
742 4581 1104 4643 animorum
1145 4581 1267 4642 viri
1305 4599 1378 4643 ac
1419 4581 1672 4644 seminae
1717 4602 1820 4644 ex·
1932 4577 2110 4640 bium
2155 4585 2221 4640 et
2262 4585 2435 4639 torus
2480 4577 2947 4640 immaculatus.
3458 4569 3501 4611 ⁴·

344 4694 617 4756 pressum
662 4697 776 4760 per
816 4677 1088 4740 verbum
1131 4679 1210 4742 de
1255 4679 1576 4761 praesenti,
1619 4699 1817 4762 quum
2009 4677 2333 4739 Postremo
2374 4675 2763 4737 matrimonii
2804 4676 3262 4757 impedimenta
3295 4682 3433 4738 tan-

345 4773 578 4849 dicitur,
616 4775 880 4858 Accipio
921 4783 984 4838 te
1027 4777 1092 4839 in
1139 4796 1368 4850 meam,
1415 4785 1562 4850 etc.‚
1607 4797 1818 4840 essen·
1929 4782 2169 4856 guntur
2210 4774 2309 4835 his
2352 4773 2647 4835 versibus
2682 4791 2695 4834 z

345 4871 562 4936 tialiter
589 4875 706 4952 sit3
737 4873 1037 4936 similiter
1075 4892 1190 4956 per
1227 4874 1422 4938 verba
1459 4876 1538 4939 de
1579 4875 1816 4948 futuro,

345 4971 562 5033 carnali
608 4971 838 5054 copula
882 4971 1332 5055 subsequente.
1367 4973 1820 5036 Verumtamen

344 5075 474 5130 ante
539 5071 832 5152 copulam
900 5069 1076 5133 illam
1145 5089 1271 5135 non
1339 5080 1824 5135 consummatur

345 5167 712 5245 perfectione
753 5187 898 5232 esse
941 5169 1042 5232 sui
1087 5170 1390 5251 completi
1437 5187 1450 5231 :
1493 5171 1636 5233 ideo
1677 5179 1822 5233 ante

347 5266 624 5347 copulam
665 5267 841 5330 illam
885 5269 1352 5351 separationem
1395 5269 1669 5332 admittit
1710 5289 1826 5352 per
1935 5269 2387 5332 Verumtamen
2427 5268 2592 5330 scire
2630 5273 2901 5350 oportet,
2932 5267 3103 5350 quod
3140 5268 3431 5350 quaedam

1961 4909 2145 4968 Error,
2172 4907 2434 4967 conditio,
2460 4910 2675 4967 votum,
2707 4907 2989 4969 cognatiO,
3016 4907 3245 4968 crimen,

1959 4989 2159 5040 Cultus
2190 4987 2514 5053 disparitas,
2532 4987 2635 5046 vit-1,
2668 4988 2822 5048 ord0,
2839 4987 3099 5051 ligamen,
3122 4987 3391 5041 honestas
3412 5000 3424 5048 ;

1963 5072 2020 5121 Si
2054 5070 2132 5120 sis
2160 5069 2363 5128 affinis,
2392 5069 2439 5118 si
2476 5069 2617 5121 rorte
2640 5068 2789 5118 coire
2826 5069 3081 5135 nequibis
3115 5083 3127 5119 :

1961 5153 2094 5203 llaec
2119 5151 2393 5202 socianda
2412 5153 2605 5201 vetant
2618 5149 2915 5210 connubia,
2932 5151 3083 5202 facta
3098 5153 3427 5202 retractant.
