4300 6259
99 2465 202 2508 icor.

1188 517 1608 567 sanmuro
1645 514 2042 564 THBOLOGIGA.
2088 533 2169 544 -—
2210 515 2289 562 na
2328 517 2555 569 onam
3306 496 3425 566 217

323 690 414 756 sic
444 692 610 756 dona
635 647 880 754 naturoe
915 689 1106 754 etiam
1148 689 1366 772 gratim
1394 687 1508 752 Dei
1537 697 1602 750 et
1627 686 1817 769 grati-
1847 683 1900 748 Α
1931 683 1998 748 in
2055 685 2243 750 bonis
2280 703 2297 765 ;
2354 687 2601 769 quinto,
2661 688 2741 751 ad
2799 705 3069 769 regnum
3133 685 3430 770 perducit

317 808 426 852 osa
458 809 728 853 munera
761 790 996 852 divinae
1033 787 1450 870 providentiae
1487 786 1819 849 nominan-

315 895 438 950 tur.
473 888 804 952 Interdum
832 887 1032 969 gratia
1059 887 1318 960 dicitur,
1351 885 1522 968 quod
1551 883 1630 946 ad
1659 883 1820 946 obti-

317 987 602 1050 nendum
680 985 950 1068 gratiam
1014 992 1268 1067 gratum
1334 983 1678 1046 facientem
1742 1001 1818 1046 ac

316 1103 536 1147 veram
565 1083 942 1147 felicitatem
973 1082 1222 1146 bomini
1253 1081 1818 1154 condonatur,sive

319 1183 446 1245 sint
488 1201 796 1265 prospera
843 1183 979 1244 sive
1026 1181 1314 1254 adversa,
1363 1181 1499 1244 sive
1547 1181 1818 1262 inspira-

321 1282 524 1344 tiones
568 1288 636 1344 et
677 1281 1097 1344 allocutiones
1145 1281 1410 1342 internae
1467 1279 1532 1341 in
1591 1296 1818 1342 somno

321 1388 424 1442 aut
452 1379 678 1461 vigilia
713 1379 918 1454 fache,
949 1397 1062 1442 seu
1093 1376 1562 1440 admonitiones
1594 1377 1815 1440 huma·

323 1496 436 1550 nae,
469 1476 574 1539 vel
605 1477 950 1539 instinctus
979 1475 1252 1557 angelici
1295 1474 1398 1538 vel
1441 1473 1666 1537 divini.
1701 1474 1816 1537 De·

322 1575 514 1656 nique
575 1575 780 1656 magis
849 1575 1108 1656 proprie
1161 1573 1366 1656 gratia
1421 1573 1616 1653 gratis
1673 1572 1817 1634 data

321 1679 582 1734 vocatur
609 1673 852 1736 donum
881 1672 1333 1754 quodcumque
1371 1676 1818 1752 supernatura-

323 1771 378 1833 le
405 1777 516 1832 aut
543 1769 1115 1852 supernaturaliter
1156 1769 1376 1832 datum
1415 1768 1494 1831 ad
1533 1785 1818 1831 commu-

1929 784 2207 849 coeleste.
2241 786 2459 868 ltaque
2490 787 2556 848 in
2588 786 2725 850 istis
2756 785 3099 849 effectibus
3130 793 3194 848 et
3220 785 3427 850 consi-

1929 882 2195 946 milibus
2214 884 2413 966 gratia
2432 891 2693 947 vocatur
2714 884 3133 967 praevenienS,
3150 883 3215 946 in
3235 903 3431 967 quan·

1926 989 2066 1044 tum
2113 989 2329 1045 actum
2380 983 2675 1064 producit
2722 983 3048 1065 priorem;
3099 989 3163 1045 et
3213 982 3431 1046 subse-

1926 1097 2155 1161 quens,
2216 1087 2405 1163 prout
2468 1089 2683 1143 actum
2744 1089 2963 1144 causat
3028 1088 3422 1164 sequentem.

1925 1177 2217 1260 Denique
2262 1179 2463 1259 gratia
2520 1180 2875 1242 secundum
2935 1180 3105 1261 quod
3163 1179 3429 1260 largitur

1925 1276 2263 1358 spirituale
2303 1283 2369 1339 et
2409 1277 2759 1357 gratuitum
2806 1296 2967 1351 esse,
3011 1276 3248 1340 dicitur
3284 1295 3429 1359 ope·

1928 1391 2114 1451 rans3
2149 1373 2215 1436 in
2244 1381 2554 1455 quantum
2595 1393 2749 1438 vero
2788 1382 3003 1438 actum
3047 1375 3424 1438 exteriorem

1929 1471 2245 1553 producit,
2278 1481 2687 1554 nuncupatur
2714 1490 3081 1556 cooperans.
3107 1508 3186 1519 -—-
3205 1472 3427 1535 Adhuc

1927 1579 2141 1632 autem
2190 1569 2393 1650 gratia
2459 1570 2905 1653 multipliciter
2948 1570 3243 1633 sumitur.
3305 1570 3430 1632 Pri-

1931 1684 2056 1738 mo,
2091 1684 2208 1748 pro
2248 1667 2615 1741 dilectione,
2658 1675 2727 1728 ut
2758 1687 2957 1749 quum
2990 1667 3227 1730 dicitur
3257 1684 3272 1729 ε
3306 1667 3429 1730 Iste

1931 1763 2122 1826 habet
2162 1765 2431 1845 gratiam
2479 1765 2793 1848 principis
2840 1767 2963 1838 sui,
2997 1767 3060 1829 id
3106 1773 3223 1838 est,
3256 1784 3430 1828 acce-

323 1887 464 1930 nem
513 1867 790 1930 aliorum
839 1867 1207 1940 utilitatem,
1249 1867 1327 1930 ad
1377 1866 1816 1950 proximorum
1845 1863 1892 1926 B
1933 1871 2079 1945 ptus
2122 1871 2187 1926 et
2228 1883 2412 1926 carus
2454 1873 2551 1928 est
2594 1865 2709 1926 illi.
2758 1866 3071 1938 Secundo,
3106 1884 3221 1948 pro
3263 1865 3430 1929 dono

324 1964 838 2038 aedificationem,
887 1965 965 2027 ad
1014 1964 1170 2028 fidei
1221 1963 1698 2047 persuasionem
1756 1972 1822 2026 et

327 2061 792 2125 roborationem
830 2070 940 2124 :ut
968 2069 1118 2124 sunt
1149 2061 1478 2136 miracula,
1511 2060 1820 2144 apostola-

329 2169 450 2234 tus,
511 2160 868 2243 prophetia,
919 2160 1222 2224 discretio
1277 2161 1647 2242 spirituum,
1697 2167 1816 2222 etc.

333 2259 476 2332 Quae
501 2259 722 2340 gratiae
750 2259 890 2322 sine
928 2259 1188 2321 caritate
1225 2267 1288 2322 et
1328 2259 1528 2341 gratia
1568 2267 1820 2340 gratum

331 2357 602 2420 faciente
630 2365 878 2439 queunt
905 2356 1146 2420 haberi.
1173 2357 1346 2420 Unde
1374 2357 1538 2421 dixit
1563 2358 1824 2440 Aposto-

213 2470 308 2513 xn.⁷·
333 2455 430 2517 lus
451 2455 844 2538 :Unicuique
874 2456 1060 2520 datur
1089 2455 1516 2520 manifestatio
1546 2455 1822 2538 Spiritus

331 2555 408 2616 ad
447 2553 812 2616 utilitatem.

643 2824 1162 2890 PROPOSITIO
1211 2825 1506 2890 CXLIII.

1931 1980 2044 2024 seu
2076 1961 2398 2026 beneficio
2424 1963 2621 2044 gratis
2652 1963 2903 2038 collato,
2938 1971 3007 2027 ut
3036 1982 3235 2046 quum
3268 1963 3429 2025 dici-

1931 2067 2037 2122 tur
2056 2077 2070 2122 :
2089 2060 2213 2122 Iste
2242 2060 2405 2124 hanc
2435 2062 2701 2143 gratiam
2734 2062 2889 2125 fecit
2919 2061 3037 2124 illi.
3056 2061 3289 2136 Terti0,
3315 2079 3430 2144 pro

1931 2159 2519 2240 recompensatione
2576 2159 2946 2240 hujusmodi
3006 2159 3179 2232 doni,
3242 2167 3432 2241 prout

1931 2255 2076 2337 quis
2105 2256 2344 2318 dicitur
2370 2256 2581 2320 vicem
2622 2257 2971 2338 rependere
3012 2256 3427 2330 benefactori,

1931 2373 2044 2417 seu
2085 2355 2321 2436 gratias
2362 2373 2548 2436 agere
2594 2355 2709 2417 illi.

2208 2661 2218 2672 ·
2252 2626 2771 2692 PROPOSITIO
2816 2627 3105 2692 CXLIV.

2012 2847 2298 2914 Gratia
2345 2849 2666 2925 gratum
2710 2845 3037 2926 faciens,
3076 2847 3201 2912 est
3243 2861 3429 2927 qua-

1931 2943 2125 3012 litas
2166 2959 2261 3010 ac
2300 2944 2629 3011 habitus
2660 2945 3295 3026 supernaturalis
3324 2959 3430 3010 es·

403 3045 680 3112 Gratia
709 3045 1085 3126 pluribus
1112 3043 1371 3110 modis
1398 3042 1818 3112 dividitur.
1849 3036 1893 3099 C
1929 3041 2272 3108 sentiam
2370 3043 2947 3108 intellectualis
3040 3045 3431 3109 oreaturae

404 3142 576 3214 Quod
619 3149 740 3214 est,
781 3142 1084 3224 quoniam
1136 3142 1428 3222 quaedam
1479 3149 1576 3202 est
1619 3141 1822 3221 gratia

327 3247 568 3320 gratum
601 3239 847 3302 faciens
881 3255 896 3300 τ
929 3239 1030 3300 cui
1072 3257 1334 3301 annexae
1371 3245 1522 3300 sunt
1553 3238 1820 3300 virtutes

328 3336 628 3412 formatae,
665 3337 729 3399 id
761 3345 858 3400 est
896 3338 1156 3400 caritate
1199 3345 1455 3410 ornatoe,
1489 3345 1553 3398 et
1592 3337 1821 3399 caritas

329 3435 482 3516 ipsa,
505 3444 882 3518 septemque
913 3436 1078 3498 dona
1107 3434 1380 3518 Spiritus
1402 3434 1615 3497 Sancti
1641 3451 1655 3496 ε
1679 3454 1821 3517 quoe

327 3535 534 3596 omnia
564 3535 981 3598 nominantur
1011 3535 1178 3597 dona
1217 3540 1280 3595 et
1317 3531 1572 3594 habitus
1601 3533 1820 3614 gratiae

325 3639 566 3712 gratum
588 3631 1230 3713 facientiS‚quoniam
1261 3638 1550 3712 spectant
1580 3632 1658 3693 ad
1687 3648 1822 3711 gra-

329 3730 474 3792 tiam
523 3731 736 3805 istam,
777 3737 842 3792 et
889 3728 1403 3812 inseparabiliter
1457 3729 1516 3792 ei
1573 3747 1821 3791 annexa

327 3835 488 3902 sunt,
523 3830 585 3891 in
629 3836 944 3910 quantum
985 3835 1136 3890 sunt
1171 3827 1438 3890 virtutes
1483 3825 1819 3890 habitusve

327 3925 540 4000 infusi,
589 3934 656 3989 et
700 3927 854 4008 quia
892 3944 1007 4008 per
1054 3925 1322 4007 gratiam
1373 3925 1559 3988 istam
1599 3933 1664 3988 et
1713 3925 1819 3988 ha·

327 4022 492 4086 bitus
521 4023 582 4086 ei
610 4041 917 4097 annexos,
951 4022 1146 4086 homo
1175 4023 1528 4096 ordinatur,
1563 4023 1823 4105 proficit

325 4139 394 4183 ac
415 4122 716 4204 pertingit
743 4122 821 4184 ad
855 4122 954 4184 sui
987 4121 1191 4205 ipsius
1221 4122 1512 4184 salutem.
1537 4121 1645 4184 Est
1673 4141 1822 4204 quo-

1930 3140 2380 3222 perflciens,
2431 3142 2671 3222 atque
2731 3144 2818 3207 in
2872 3157 3041 3208 esse
3090 3142 3428 3222 quodam

1928 3240 2557 3319 supernaturali,
2632 3238 3026 3321 deirorm1‚
3104 3241 3428 3320 accepto

1929 3337 2088 3416 ipsi
2141 3337 2325 3418 Deo,
2377 3339 2460 3404 et
2505 3336 2604 3403 ad
2652 3338 3263 3418 promerendum
3315 3341 3430 3404 vi-

1925 3436 2094 3501 tam
2139 3437 2517 3502 aeternam
2566 3435 2874 3517 idonee,
2927 3449 3103 3503 eam
3150 3438 3432 3504 eonsti-

1929 3535 2191 3600 tuone.

2010 3630 2186 3704 Quod
2226 3639 2344 3705 est,
2376 3631 2529 3714 quia
2566 3631 2732 3693 sicut
2778 3632 2841 3694 in
2887 3631 3285 3694 naturalibus
3330 3652 3430 3696 res

1930 3729 2141 3811 primo
2199 3748 2315 3811 per
2372 3729 2645 3793 formam
2706 3749 2887 3792 suam
2946 3729 3431 3794 substantialem

1930 3827 2195 3909 ponitur
2226 3828 2291 3888 in
2324 3846 2463 3890 esse
2494 3827 2827 3908 specifico,
2859 3847 2974 3911 per
3002 3847 3142 3891 eam
3174 3846 3429 3915 quoque

1929 3923 2219 3986 efficitur
2247 3925 2325 3986 ad
2353 3925 2757 4006 operationes
2797 3945 2943 3988 suas
2974 3926 3097 3988 sibi
3131 3935 3432 3989 connatu-

1930 4023 2094 4084 rales
2124 4030 2273 4106 apta
2302 4030 2367 4085 et
2394 4022 2630 4085 efficax
2656 4041 2673 4102 ;
2710 4023 2795 4085 ita
2824 4024 3151 4086 rationalis
3182 4025 3431 4087 intelle-

1929 4121 2289 4204 ctualisque
2347 4127 2637 4184 creatura
2693 4140 2807 4204 per
2862 4123 3129 4205 gratiam
3179 4131 3429 4206 gratum

327 4238 446 4300 que
484 4221 686 4301 gratia
725 4220 924 4302 gratis
965 4221 1132 4294 data,
1175 4227 1248 4282 ut
1286 4220 1512 4302 patuit.
1543 4255 1626 4266 —
1663 4221 1816 4284 Rur-
1847 4221 1898 4285 D
1927 4219 2270 4283 facientem
2304 4219 2367 4282 in
2412 4219 2691 4282 essentia
2742 4239 2857 4282 sua
2904 4219 3261 4302 perficitur,
3302 4223 3430 4305 spi-

327 4335 422 4380 sus
451 4318 758 4382 dividitur
785 4319 990 4401 gratia
1019 4338 1134 4400 per
1159 4319 1424 4400 gratiam
1452 4326 1818 4400 operantem

325 4425 384 4476 et
430 4424 917 4499 cooperantem;
967 4426 1031 4480 et
1081 4417 1335 4491 iterum,
1387 4435 1502 4499 per
1545 4417 1814 4498 gratiam

325 4515 816 4594 praevenientem
847 4523 912 4578 et
941 4515 1441 4597 subsequentem
1465 4531 1482 4593 ;
1507 4514 1810 4597 itemque,

324 4632 434 4694 per
485 4614 752 4696 gratiam
813 4613 1244 4686 inchoantem,
1291 4621 1810 4696 prosequentem,

324 4720 385 4773 et
418 4720 970 4776 consummantem
1017 4730 1129 4774 seu
1173 4711 1366 4774 etiam
1411 4729 1812 4775 consumma-

323 4817 464 4873 tam.
497 4809 624 4874 Nec
651 4817 906 4893 oportet
933 4809 1048 4872 has
1075 4809 1308 4890 gratias
1339 4809 1604 4872 differre
1637 4809 1816 4873 reali·

321 4915 434 4982 ter,
447 4910 557 4972 sed
589 4927 779 4991 penes
808 4914 988 4970 actus
1017 4907 1316 4970 diversos.
1338 4907 1550 4970 Gratia
1577 4909 1814 4990 quippe

325 5005 552 5068 multos
581 5013 758 5068 actus
790 5005 1075 5078 sortitur,
1107 5005 1473 5087 specialiter
1504 5006 1808 5088 quinque.

1927 4319 2157 4381 rituale
2188 4337 2261 4380 ac
2292 4317 2605 4381 deiforme
2635 4337 2775 4380 esse
2808 4319 3092 4394 sortitur,
3118 4338 3233 4402 per
3258 4323 3429 4403 quod

1926 4417 2148 4480 divino
2206 4424 2271 4479 et
2320 4417 2602 4480 increato
2659 4435 2801 4480 esse
2858 4419 3431 4500 supernaturaliter

1927 4514 2364 4578 conformatur
2392 4534 2464 4578 ac
2506 4516 2741 4597 placita
2782 4516 3087 4591 redditur,
3121 4525 3311 4600 atque
3350 4519 3427 4580 ad

1927 4613 2253 4676 meritorie
2290 4616 2685 4697 operandum
2726 4614 2805 4677 fit
2842 4622 2991 4698 apta
3038 4623 3102 4678 et
3140 4623 3365 4698 potens
3410 4640 3425 4684 ι

1925 4729 2072 4774 nam
2119 4731 2260 4776 esse
2308 4719 2405 4774 est
2450 4721 2596 4774 ante
2641 4731 2845 4792 agere.
2896 4713 3206 4796 Denique,
3247 4714 3429 4794 juxta

1924 4810 2086 4873 banc
2109 4811 2703 4884 considerationem,
2718 4811 3082 4892 subJ‘ectum
3105 4811 3429 4875 immedia-

1921 4915 2060 4971 tum
2101 4927 2175 4971 ac
2218 4909 2547 4990 proprium
2587 4909 2804 4990 gratiae
2841 4916 3093 4990 gratum
3134 4909 3428 4973 facientis

1921 5015 2019 5070 est
2064 5007 2203 5088 ipsa
2246 5006 2571 5069 rationalis
2617 5013 2916 5070 creaturae
2958 5007 3252 5070 essentia.
3286 5009 3429 5072 Haec

323 5101 474 5165 Nam
517 5105 740 5185 primo,
775 5111 956 5166 curat
999 5123 1036 5166 a
1079 5103 1292 5181 vitiis3
1325 5103 1628 5190 secundo,
1662 5103 1815 5166 facit
1918 5107 2120 5187 gratia
2180 5113 2390 5168 manet
2438 5105 2501 5167 in
2552 5105 2786 5186 patria3
2836 5113 2899 5167 et
2956 5106 3138 5186 quasi
3190 5107 3431 5169 ramifi-

323 5199 642 5264 hominem
669 5203 840 5266 bona
867 5200 1032 5265 velle
1057 5219 1074 5280 ;
1105 5201 1315 5276 tertio,
1347 5201 1570 5264 eadem
1603 5220 1814 5284 prose·

1918 5221 2062 5265 care
2091 5202 2467 5285 perhibetur
2498 5203 2563 5265 in
2608 5201 2863 5264 habitus
2895 5203 3203 5266 virtutum
3237 5212 3428 5286 atque

324 5299 430 5381 qui
471 5307 538 5363 et
579 5300 890 5385 implere3
921 5307 1170 5384 quarto,
1205 5300 1358 5364 facit
1401 5319 1808 5384 perseverare
1919 5302 2233 5366 donorum
2270 5318 2283 5364 :
2318 5320 2445 5366 non
2478 5301 2649 5386 quod
2678 5301 2881 5384 gratia
2910 5301 3163 5365 realiter
3192 5311 3299 5366 aut
3338 5303 3428 5366 ef-
