<?xml version="1.0" encoding="UTF-8"?>
<!DOCTYPE html PUBLIC "-//W3C//DTD XHTML 1.0 Transitional//EN"
    "http://www.w3.org/TR/xhtml1/DTD/xhtml1-transitional.dtd">
<html xmlns="http://www.w3.org/1999/xhtml" xml:lang="en" lang="en">
 <head>
  <title>
</title>
<meta http-equiv="Content-Type" content="text/html;charset=utf-8" />
  <meta name='ocr-system' content='tesseract 3.04.00' />
  <meta name='ocr-capabilities' content='ocr_page ocr_carea ocr_par ocr_line ocrx_word'/>
</head>
<body>
  <div class='ocr_page' id='page_1' title='image "./doctorisecstati05unkngoog_0117.png"; bbox 0 0 4300 6259; ppageno 0'>
   <div class='ocr_carea' id='block_1_1' title="bbox 1050 555 2650 604">
    <p class='ocr_par' dir='ltr' id='par_1_1' title="bbox 1050 555 2650 604">
     <span class='ocr_line' id='line_1_1' title="bbox 1050 555 2650 604; baseline 0 -2"><span class='ocrx_word' id='word_1_1' title='bbox 1050 555 1473 604; x_wconf 70' lang='lat' dir='ltr'><strong>nmmum</strong></span> <span class='ocrx_word' id='word_1_2' title='bbox 1512 555 1969 602; x_wconf 70' lang='lat' dir='ltr'><strong>Pultosormm.</strong></span> <span class='ocrx_word' id='word_1_3' title='bbox 2016 573 2095 584; x_wconf 87' lang='lat'><strong>-··</strong></span> <span class='ocrx_word' id='word_1_4' title='bbox 2138 557 2218 602; x_wconf 72' lang='lat' dir='ltr'><strong>DE</strong></span> <span class='ocrx_word' id='word_1_5' title='bbox 2259 556 2650 602; x_wconf 68' lang='lat' dir='ltr'><strong>Passmrumzs</strong></span> 
     </span>
    </p>
   </div>
   <div class='ocr_carea' id='block_1_2' title="bbox 3287 537 3404 603">
    <p class='ocr_par' dir='ltr' id='par_1_2' title="bbox 3287 537 3404 603">
     <span class='ocr_line' id='line_1_2' title="bbox 3287 537 3404 603; baseline 0.026 -3"><span class='ocrx_word' id='word_1_6' title='bbox 3287 537 3404 603; x_wconf 83' lang='lat'><strong>103</strong></span> 
     </span>
    </p>
   </div>
   <div class='ocr_carea' id='block_1_3' title="bbox 305 726 3400 810">
    <p class='ocr_par' dir='ltr' id='par_1_3' title="bbox 305 726 3400 810">
     <span class='ocr_line' id='line_1_3' title="bbox 305 726 3400 810; baseline 0.001 -22"><span class='ocrx_word' id='word_1_7' title='bbox 305 745 433 800; x_wconf 87' lang='lat' dir='ltr'><strong>sus,</strong></span> <span class='ocrx_word' id='word_1_8' title='bbox 477 727 727 792; x_wconf 83' lang='lat' dir='ltr'><strong>acturis</strong></span> <span class='ocrx_word' id='word_1_9' title='bbox 772 727 1012 792; x_wconf 87' lang='lat' dir='ltr'><strong>ibidem</strong></span> <span class='ocrx_word' id='word_1_10' title='bbox 1060 727 1255 791; x_wconf 88' lang='lat' dir='ltr'><strong>vitam</strong></span> <span class='ocrx_word' id='word_1_11' title='bbox 1302 728 1607 810; x_wconf 81' lang='lat' dir='ltr'><strong>deinceps</strong></span> <span class='ocrx_word' id='word_1_12' title='bbox 1654 726 1801 790; x_wconf 92' lang='lat' dir='ltr'><strong>bea·</strong></span> <span class='ocrx_word' id='word_1_13' title='bbox 1828 727 1881 790; x_wconf 86' lang='grc' dir='ltr'><strong>Α</strong></span> <span class='ocrx_word' id='word_1_14' title='bbox 1910 727 1976 790; x_wconf 92' lang='lat' dir='ltr'><strong>in</strong></span> <span class='ocrx_word' id='word_1_15' title='bbox 2024 745 2226 810; x_wconf 80' lang='lat' dir='ltr'><strong>genus</strong></span> <span class='ocrx_word' id='word_1_16' title='bbox 2273 735 2338 790; x_wconf 89' lang='lat' dir='ltr'><strong>et</strong></span> <span class='ocrx_word' id='word_1_17' title='bbox 2385 728 2751 792; x_wconf 84' lang='lat' dir='ltr'><strong>societatem</strong></span> <span class='ocrx_word' id='word_1_18' title='bbox 2799 727 3049 790; x_wconf 75' lang='lat' dir='ltr'><strong>scandit</strong></span> <span class='ocrx_word' id='word_1_19' title='bbox 3093 728 3400 806; x_wconf 88' lang='lat' dir='ltr'><strong>deorum;</strong></span> 
     </span>
    </p>
   </div>
   <div class='ocr_carea' id='block_1_4' title="bbox 304 825 1801 1106">
    <p class='ocr_par' dir='ltr' id='par_1_4' title="bbox 304 825 1801 1106">
     <span class='ocr_line' id='line_1_4' title="bbox 306 825 1799 908; baseline 0.001 -22"><span class='ocrx_word' id='word_1_20' title='bbox 306 830 455 887; x_wconf 83' lang='lat' dir='ltr'><strong>tam.</strong></span> <span class='ocrx_word' id='word_1_21' title='bbox 500 825 575 888; x_wconf 89' lang='lat' dir='ltr'><strong>In</strong></span> <span class='ocrx_word' id='word_1_22' title='bbox 623 826 937 892; x_wconf 73' lang='lat' dir='ltr'><strong>Phoedone</strong></span> <span class='ocrx_word' id='word_1_23' title='bbox 993 843 1249 908; x_wconf 87' lang='lat' dir='ltr'><strong>quoque</strong></span> <span class='ocrx_word' id='word_1_24' title='bbox 1302 833 1369 889; x_wconf 88' lang='lat' dir='ltr'><strong>et</strong></span> <span class='ocrx_word' id='word_1_25' title='bbox 1414 825 1679 888; x_wconf 81' lang='lat' dir='ltr'><strong>Menone</strong></span> <span class='ocrx_word' id='word_1_26' title='bbox 1726 844 1799 888; x_wconf 90' lang='lat' dir='ltr'><strong>ac</strong></span> 
     </span>
     <span class='ocr_line' id='line_1_5' title="bbox 306 921 1801 1007; baseline 0.002 -25"><span class='ocrx_word' id='word_1_27' title='bbox 306 921 469 986; x_wconf 89' lang='lat' dir='ltr'><strong>libro</strong></span> <span class='ocrx_word' id='word_1_28' title='bbox 526 925 608 988; x_wconf 89' lang='lat' dir='ltr'><strong>de</strong></span> <span class='ocrx_word' id='word_1_29' title='bbox 654 923 1013 1007; x_wconf 71' lang='lat' dir='ltr'><strong>prophetiis</strong></span> <span class='ocrx_word' id='word_1_30' title='bbox 1058 921 1317 998; x_wconf 79' lang='lat' dir='ltr'><strong>fatetur,</strong></span> <span class='ocrx_word' id='word_1_31' title='bbox 1368 925 1537 1006; x_wconf 88' lang='lat' dir='ltr'><strong>quod</strong></span> <span class='ocrx_word' id='word_1_32' title='bbox 1585 923 1801 986; x_wconf 88' lang='lat' dir='ltr'><strong>anima</strong></span> 
     </span>
     <span class='ocr_line' id='line_1_6' title="bbox 304 1022 1797 1106; baseline 0.001 -24"><span class='ocrx_word' id='word_1_33' title='bbox 304 1027 473 1084; x_wconf 79' lang='lat' dir='ltr'><strong>recte</strong></span> <span class='ocrx_word' id='word_1_34' title='bbox 512 1023 963 1106; x_wconf 75' lang='lat' dir='ltr'><strong>philosophata</strong></span> <span class='ocrx_word' id='word_1_35' title='bbox 990 1029 1055 1086; x_wconf 83' lang='lat' dir='ltr'><strong>et</strong></span> <span class='ocrx_word' id='word_1_36' title='bbox 1082 1040 1265 1104; x_wconf 85' lang='lat' dir='ltr'><strong>pure,</strong></span> <span class='ocrx_word' id='word_1_37' title='bbox 1296 1022 1449 1086; x_wconf 91' lang='lat' dir='ltr'><strong>hinc</strong></span> <span class='ocrx_word' id='word_1_38' title='bbox 1495 1023 1797 1104; x_wconf 78' lang='lat' dir='ltr'><strong>migranS,</strong></span> 
     </span>
    </p>
   </div>
   <div class='ocr_carea' id='block_1_5' title="bbox 1908 824 3405 1108">
    <p class='ocr_par' dir='ltr' id='par_1_5' title="bbox 1908 824 3405 1108">
     <span class='ocr_line' id='line_1_7' title="bbox 1908 824 3402 890; baseline -0.001 -1"><span class='ocrx_word' id='word_1_39' title='bbox 1908 826 2091 890; x_wconf 80' lang='lat' dir='ltr'><strong>victae</strong></span> <span class='ocrx_word' id='word_1_40' title='bbox 2120 845 2272 890; x_wconf 86' lang='lat' dir='ltr'><strong>vero</strong></span> <span class='ocrx_word' id='word_1_41' title='bbox 2301 833 2364 889; x_wconf 92' lang='lat' dir='ltr'><strong>et</strong></span> <span class='ocrx_word' id='word_1_42' title='bbox 2394 827 2664 890; x_wconf 81' lang='lat' dir='ltr'><strong>sordidae</strong></span> <span class='ocrx_word' id='word_1_43' title='bbox 2692 826 3088 890; x_wconf 89' lang='lat' dir='ltr'><strong>descendunt</strong></span> <span class='ocrx_word' id='word_1_44' title='bbox 3119 824 3185 888; x_wconf 93' lang='lat' dir='ltr'><strong>in</strong></span> <span class='ocrx_word' id='word_1_45' title='bbox 3223 824 3402 889; x_wconf 89' lang='lat' dir='ltr'><strong>bara-</strong></span> 
     </span>
     <span class='ocr_line' id='line_1_8' title="bbox 1908 924 3405 1008; baseline -0.001 -20"><span class='ocrx_word' id='word_1_46' title='bbox 1908 925 2147 998; x_wconf 92' lang='lat' dir='ltr'><strong>thrum,</strong></span> <span class='ocrx_word' id='word_1_47' title='bbox 2200 926 2578 1008; x_wconf 82' lang='lat' dir='ltr'><strong>disponente</strong></span> <span class='ocrx_word' id='word_1_48' title='bbox 2635 925 2729 988; x_wconf 91' lang='lat' dir='ltr'><strong>sic</strong></span> <span class='ocrx_word' id='word_1_49' title='bbox 2778 927 2907 988; x_wconf 91' lang='lat' dir='ltr'><strong>Deo</strong></span> <span class='ocrx_word' id='word_1_50' title='bbox 2953 924 3242 999; x_wconf 89' lang='lat' dir='ltr'><strong>deorum,</strong></span> <span class='ocrx_word' id='word_1_51' title='bbox 3293 925 3405 1007; x_wconf 91' lang='lat' dir='ltr'><strong>qui</strong></span> 
     </span>
     <span class='ocr_line' id='line_1_9' title="bbox 1908 1024 2918 1108; baseline 0 -22"><span class='ocrx_word' id='word_1_52' title='bbox 1908 1031 2087 1108; x_wconf 88' lang='lat' dir='ltr'><strong>pater</strong></span> <span class='ocrx_word' id='word_1_53' title='bbox 2128 1032 2194 1088; x_wconf 92' lang='lat' dir='ltr'><strong>et</strong></span> <span class='ocrx_word' id='word_1_54' title='bbox 2230 1025 2428 1106; x_wconf 86' lang='lat' dir='ltr'><strong>judex</strong></span> <span class='ocrx_word' id='word_1_55' title='bbox 2471 1032 2567 1088; x_wconf 89' lang='lat' dir='ltr'><strong>est</strong></span> <span class='ocrx_word' id='word_1_56' title='bbox 2607 1024 2918 1088; x_wconf 89' lang='lat' dir='ltr'><strong>omnium.</strong></span> 
     </span>
    </p>
   </div>
   <div class='ocr_carea' id='block_1_6' title="bbox 1369 1465 2354 1558">
    <p class='ocr_par' dir='ltr' id='par_1_6' title="bbox 1369 1465 2354 1558">
     <span class='ocr_line' id='line_1_10' title="bbox 1369 1465 2354 1558; baseline 0.004 -6"><span class='ocrx_word' id='word_1_57' title='bbox 1369 1467 1515 1552; x_wconf 91' lang='lat' dir='ltr'><strong>DE</strong></span> <span class='ocrx_word' id='word_1_58' title='bbox 1598 1465 2354 1558; x_wconf 83' lang='lat' dir='ltr'><strong>PASSIONIBUS</strong></span> 
     </span>
    </p>
   </div>
   <div class='ocr_carea' id='block_1_7' title="bbox 682 1806 1421 1874">
    <p class='ocr_par' dir='ltr' id='par_1_7' title="bbox 682 1806 1421 1874">
     <span class='ocr_line' id='line_1_11' title="bbox 682 1806 1421 1874; baseline -0.005 -2"><span class='ocrx_word' id='word_1_59' title='bbox 682 1806 1203 1874; x_wconf 90' lang='lat' dir='ltr'><strong>PROPOSITIO</strong></span> <span class='ocrx_word' id='word_1_60' title='bbox 1250 1806 1421 1871; x_wconf 83' lang='lat' dir='ltr'><strong>cm.</strong></span> 
     </span>
    </p>
   </div>
   <div class='ocr_carea' id='block_1_8' title="bbox 290 1999 1802 4242">
    <p class='ocr_par' dir='ltr' id='par_1_8' title="bbox 298 1999 1802 2464">
     <span class='ocr_line' id='line_1_12' title="bbox 384 1999 1799 2085; baseline -0.001 -15"><span class='ocrx_word' id='word_1_61' title='bbox 384 2004 663 2072; x_wconf 79' lang='lat' dir='ltr'><strong>Passio</strong></span> <span class='ocrx_word' id='word_1_62' title='bbox 691 1999 1012 2085; x_wconf 80' lang='lat' dir='ltr'><strong>proprie</strong></span> <span class='ocrx_word' id='word_1_63' title='bbox 1050 2001 1175 2066; x_wconf 83' lang='lat' dir='ltr'><strong>est</strong></span> <span class='ocrx_word' id='word_1_64' title='bbox 1216 2001 1481 2066; x_wconf 83' lang='lat' dir='ltr'><strong>motus</strong></span> <span class='ocrx_word' id='word_1_65' title='bbox 1516 2015 1660 2067; x_wconf 82' lang='lat' dir='ltr'><strong>seu</strong></span> <span class='ocrx_word' id='word_1_66' title='bbox 1694 1999 1799 2068; x_wconf 82' lang='lat' dir='ltr'><strong>af-</strong></span> 
     </span>
     <span class='ocr_line' id='line_1_13' title="bbox 303 2099 1800 2180; baseline -0.003 -11"><span class='ocrx_word' id='word_1_67' title='bbox 303 2102 545 2169; x_wconf 78' lang='lat' dir='ltr'><strong>fectio</strong></span> <span class='ocrx_word' id='word_1_68' title='bbox 591 2101 968 2168; x_wconf 80' lang='lat' dir='ltr'><strong>sensitivl</strong></span> <span class='ocrx_word' id='word_1_69' title='bbox 1014 2099 1426 2180; x_wconf 79' lang='lat' dir='ltr'><strong>appetitus</strong></span> <span class='ocrx_word' id='word_1_70' title='bbox 1455 2117 1472 2164; x_wconf 80' lang='lat' dir='ltr'><strong><em>z</em></strong></span> <span class='ocrx_word' id='word_1_71' title='bbox 1499 2114 1673 2180; x_wconf 82' lang='lat' dir='ltr'><strong>quae</strong></span> <span class='ocrx_word' id='word_1_72' title='bbox 1714 2101 1800 2164; x_wconf 80' lang='lat' dir='ltr'><strong>in</strong></span> 
     </span>
     <span class='ocr_line' id='line_1_14' title="bbox 302 2197 1802 2283; baseline -0.003 -15"><span class='ocrx_word' id='word_1_73' title='bbox 302 2202 692 2283; x_wconf 80' lang='lat' dir='ltr'><strong>quantum</strong></span> <span class='ocrx_word' id='word_1_74' title='bbox 731 2200 856 2265; x_wconf 84' lang='lat' dir='ltr'><strong>est</strong></span> <span class='ocrx_word' id='word_1_75' title='bbox 896 2197 1293 2264; x_wconf 77' lang='lat' dir='ltr'><strong>naturalis</strong></span> <span class='ocrx_word' id='word_1_76' title='bbox 1325 2197 1576 2263; x_wconf 79' lang='lat' dir='ltr'><strong>motio</strong></span> <span class='ocrx_word' id='word_1_77' title='bbox 1605 2212 1802 2278; x_wconf 82' lang='lat' dir='ltr'><strong>quae·</strong></span> 
     </span>
     <span class='ocr_line' id='line_1_15' title="bbox 302 2293 1798 2378; baseline -0.002 -13"><span class='ocrx_word' id='word_1_78' title='bbox 302 2300 513 2378; x_wconf 81' lang='lat' dir='ltr'><strong>dam,</strong></span> <span class='ocrx_word' id='word_1_79' title='bbox 562 2312 707 2364; x_wconf 88' lang='lat' dir='ltr'><strong>nec</strong></span> <span class='ocrx_word' id='word_1_80' title='bbox 754 2293 1321 2376; x_wconf 70' lang='lat' dir='ltr'><strong>vituperabilis</strong></span> <span class='ocrx_word' id='word_1_81' title='bbox 1374 2296 1499 2362; x_wconf 81' lang='lat' dir='ltr'><strong>est</strong></span> <span class='ocrx_word' id='word_1_82' title='bbox 1546 2309 1798 2378; x_wconf 84' lang='lat' dir='ltr'><strong>neque</strong></span> 
     </span>
     <span class='ocr_line' id='line_1_16' title="bbox 298 2395 755 2464; baseline -0.004 0"><span class='ocrx_word' id='word_1_83' title='bbox 298 2395 755 2464; x_wconf 72' lang='lat' dir='ltr'><strong>laudabilis.</strong></span> 
     </span>
    </p>

    <p class='ocr_par' dir='ltr' id='par_1_9' title="bbox 290 2491 1801 4242">
     <span class='ocr_line' id='line_1_17' title="bbox 379 2491 1799 2573; baseline -0.001 -19"><span class='ocrx_word' id='word_1_84' title='bbox 379 2494 561 2568; x_wconf 86' lang='lat' dir='ltr'><strong>Quod</strong></span> <span class='ocrx_word' id='word_1_85' title='bbox 600 2500 718 2566; x_wconf 87' lang='lat' dir='ltr'><strong>cst,</strong></span> <span class='ocrx_word' id='word_1_86' title='bbox 751 2491 1057 2573; x_wconf 84' lang='lat' dir='ltr'><strong>quoniam</strong></span> <span class='ocrx_word' id='word_1_87' title='bbox 1102 2499 1363 2573; x_wconf 91' lang='lat' dir='ltr'><strong>propter</strong></span> <span class='ocrx_word' id='word_1_88' title='bbox 1400 2509 1475 2553; x_wconf 90' lang='lat' dir='ltr'><strong>ea</strong></span> <span class='ocrx_word' id='word_1_89' title='bbox 1518 2509 1661 2573; x_wconf 83' lang='lat' dir='ltr'><strong>quae</strong></span> <span class='ocrx_word' id='word_1_90' title='bbox 1706 2491 1799 2552; x_wconf 91' lang='lat' dir='ltr'><strong>in-</strong></span> 
     </span>
     <span class='ocr_line' id='line_1_18' title="bbox 300 2588 1799 2662; baseline -0.002 -8"><span class='ocrx_word' id='word_1_91' title='bbox 300 2600 447 2654; x_wconf 84' lang='lat' dir='ltr'><strong>sunt</strong></span> <span class='ocrx_word' id='word_1_92' title='bbox 507 2591 697 2653; x_wconf 90' lang='lat' dir='ltr'><strong>nobis</strong></span> <span class='ocrx_word' id='word_1_93' title='bbox 742 2610 779 2653; x_wconf 89' lang='lat' dir='ltr'><strong>a</strong></span> <span class='ocrx_word' id='word_1_94' title='bbox 824 2595 1071 2662; x_wconf 87' lang='lat' dir='ltr'><strong>natura,</strong></span> <span class='ocrx_word' id='word_1_95' title='bbox 1123 2606 1251 2651; x_wconf 90' lang='lat' dir='ltr'><strong>non</strong></span> <span class='ocrx_word' id='word_1_96' title='bbox 1302 2588 1637 2650; x_wconf 89' lang='lat' dir='ltr'><strong>laudamur</strong></span> <span class='ocrx_word' id='word_1_97' title='bbox 1682 2607 1799 2651; x_wconf 92' lang='lat' dir='ltr'><strong>nec</strong></span> 
     </span>
     <span class='ocr_line' id='line_1_19' title="bbox 300 2691 1801 2772; baseline -0.002 -20"><span class='ocrx_word' id='word_1_98' title='bbox 300 2691 747 2772; x_wconf 84' lang='lat' dir='ltr'><strong>vituperamur</strong></span> <span class='ocrx_word' id='word_1_99' title='bbox 772 2705 789 2767; x_wconf 92' lang='lat'>;</span> <span class='ocrx_word' id='word_1_100' title='bbox 822 2694 1154 2769; x_wconf 89' lang='lat' dir='ltr'><strong>peccatum</strong></span> <span class='ocrx_word' id='word_1_101' title='bbox 1188 2704 1443 2768; x_wconf 88' lang='lat' dir='ltr'><strong>quoque</strong></span> <span class='ocrx_word' id='word_1_102' title='bbox 1472 2693 1571 2748; x_wconf 90' lang='lat' dir='ltr'><strong>est</strong></span> <span class='ocrx_word' id='word_1_103' title='bbox 1601 2705 1801 2750; x_wconf 91' lang='lat' dir='ltr'><strong>reces-</strong></span> 
     </span>
     <span class='ocr_line' id='line_1_20' title="bbox 300 2785 1795 2869; baseline -0.003 -19"><span class='ocrx_word' id='word_1_104' title='bbox 300 2808 405 2850; x_wconf 88' lang='lat' dir='ltr'><strong>sus</strong></span> <span class='ocrx_word' id='word_1_105' title='bbox 456 2786 543 2849; x_wconf 86' lang='lat' dir='ltr'><strong>ab</strong></span> <span class='ocrx_word' id='word_1_106' title='bbox 592 2804 669 2850; x_wconf 91' lang='lat' dir='ltr'><strong>eo</strong></span> <span class='ocrx_word' id='word_1_107' title='bbox 718 2786 887 2869; x_wconf 90' lang='lat' dir='ltr'><strong>quod</strong></span> <span class='ocrx_word' id='word_1_108' title='bbox 936 2793 1033 2848; x_wconf 90' lang='lat' dir='ltr'><strong>est</strong></span> <span class='ocrx_word' id='word_1_109' title='bbox 1078 2785 1433 2847; x_wconf 90' lang='lat' dir='ltr'><strong>secundum</strong></span> <span class='ocrx_word' id='word_1_110' title='bbox 1484 2794 1795 2848; x_wconf 89' lang='lat' dir='ltr'><strong>naturam.</strong></span> 
     </span>
     <span class='ocr_line' id='line_1_21' title="bbox 296 2881 1801 2965; baseline -0.001 -17"><span class='ocrx_word' id='word_1_111' title='bbox 296 2887 756 2948; x_wconf 80' lang='lat' dir='ltr'><strong>Verumtamen</strong></span> <span class='ocrx_word' id='word_1_112' title='bbox 804 2883 1001 2947; x_wconf 85' lang='lat' dir='ltr'><strong>Stoici</strong></span> <span class='ocrx_word' id='word_1_113' title='bbox 1057 2881 1426 2946; x_wconf 89' lang='lat' dir='ltr'><strong>asserebant</strong></span> <span class='ocrx_word' id='word_1_114' title='bbox 1474 2883 1801 2965; x_wconf 81' lang='lat' dir='ltr'><strong>passiones</strong></span> 
     </span>
     <span class='ocr_line' id='line_1_22' title="bbox 300 2980 1799 3063; baseline -0.001 -17"><span class='ocrx_word' id='word_1_115' title='bbox 300 2985 433 3058; x_wconf 90' lang='lat' dir='ltr'><strong>has,</strong></span> <span class='ocrx_word' id='word_1_116' title='bbox 472 2985 707 3046; x_wconf 82' lang='lat' dir='ltr'><strong>animae</strong></span> <span class='ocrx_word' id='word_1_117' title='bbox 751 2982 1031 3056; x_wconf 81' lang='lat' dir='ltr'><strong>morbOS,</strong></span> <span class='ocrx_word' id='word_1_118' title='bbox 1064 2989 1129 3044; x_wconf 90' lang='lat' dir='ltr'><strong>et</strong></span> <span class='ocrx_word' id='word_1_119' title='bbox 1156 2980 1615 3063; x_wconf 80' lang='lat' dir='ltr'><strong>vituperabiles</strong></span> <span class='ocrx_word' id='word_1_120' title='bbox 1659 3000 1799 3044; x_wconf 88' lang='lat' dir='ltr'><strong>esse</strong></span> 
     </span>
     <span class='ocr_line' id='line_1_23' title="bbox 298 3078 1801 3162; baseline -0.003 -17"><span class='ocrx_word' id='word_1_121' title='bbox 298 3101 367 3145; x_wconf 90' lang='lat' dir='ltr'><strong>ac</strong></span> <span class='ocrx_word' id='word_1_122' title='bbox 400 3081 609 3144; x_wconf 88' lang='lat' dir='ltr'><strong>malas</strong></span> <span class='ocrx_word' id='word_1_123' title='bbox 634 3099 649 3142; x_wconf 89' lang='lat'>:</span> <span class='ocrx_word' id='word_1_124' title='bbox 674 3081 825 3162; x_wconf 91' lang='lat' dir='ltr'><strong>quia</strong></span> <span class='ocrx_word' id='word_1_125' title='bbox 854 3098 969 3162; x_wconf 91' lang='lat' dir='ltr'><strong>per</strong></span> <span class='ocrx_word' id='word_1_126' title='bbox 1000 3079 1327 3161; x_wconf 82' lang='lat' dir='ltr'><strong>passiones</strong></span> <span class='ocrx_word' id='word_1_127' title='bbox 1358 3078 1801 3159; x_wconf 84' lang='lat' dir='ltr'><strong>intelligebant</strong></span> 
     </span>
     <span class='ocr_line' id='line_1_24' title="bbox 298 3177 1801 3259; baseline -0.003 -16"><span class='ocrx_word' id='word_1_128' title='bbox 298 3179 773 3244; x_wconf 83' lang='lat' dir='ltr'><strong>irrationabiles</strong></span> <span class='ocrx_word' id='word_1_129' title='bbox 804 3185 1010 3240; x_wconf 91' lang='lat' dir='ltr'><strong>motus</strong></span> <span class='ocrx_word' id='word_1_130' title='bbox 1039 3185 1223 3259; x_wconf 89' lang='lat' dir='ltr'><strong>atque</strong></span> <span class='ocrx_word' id='word_1_131' title='bbox 1253 3177 1639 3240; x_wconf 86' lang='lat' dir='ltr'><strong>inordinatas</strong></span> <span class='ocrx_word' id='word_1_132' title='bbox 1669 3196 1801 3239; x_wconf 88' lang='lat' dir='ltr'><strong>sen-</strong></span> 
     </span>
     <span class='ocr_line' id='line_1_25' title="bbox 296 3275 1799 3361; baseline -0.003 -19"><span class='ocrx_word' id='word_1_133' title='bbox 296 3281 507 3343; x_wconf 81' lang='lat' dir='ltr'><strong>sitivae</strong></span> <span class='ocrx_word' id='word_1_134' title='bbox 554 3277 751 3361; x_wconf 88' lang='lat' dir='ltr'><strong>partis</strong></span> <span class='ocrx_word' id='word_1_135' title='bbox 787 3275 1163 3339; x_wconf 80' lang='lat' dir='ltr'><strong>affectiones</strong></span> <span class='ocrx_word' id='word_1_136' title='bbox 1198 3293 1211 3338; x_wconf 90' lang='lat'>:</span> <span class='ocrx_word' id='word_1_137' title='bbox 1248 3275 1415 3338; x_wconf 90' lang='lat' dir='ltr'><strong>unde</strong></span> <span class='ocrx_word' id='word_1_138' title='bbox 1452 3283 1517 3338; x_wconf 91' lang='lat' dir='ltr'><strong>et</strong></span> <span class='ocrx_word' id='word_1_139' title='bbox 1552 3275 1627 3337; x_wconf 88' lang='lat' dir='ltr'><strong>ad</strong></span> <span class='ocrx_word' id='word_1_140' title='bbox 1632 3275 1799 3355; x_wconf 85' lang='lat' dir='ltr'><strong>jece-</strong></span> 
     </span>
     <span class='ocr_line' id='line_1_26' title="bbox 298 3373 1800 3459; baseline -0.004 -19"><span class='ocrx_word' id='word_1_141' title='bbox 298 3385 471 3451; x_wconf 89' lang='lat' dir='ltr'><strong>runt,</strong></span> <span class='ocrx_word' id='word_1_142' title='bbox 522 3376 691 3459; x_wconf 91' lang='lat' dir='ltr'><strong>quod</strong></span> <span class='ocrx_word' id='word_1_143' title='bbox 737 3391 866 3438; x_wconf 91' lang='lat' dir='ltr'><strong>non</strong></span> <span class='ocrx_word' id='word_1_144' title='bbox 906 3374 1143 3436; x_wconf 90' lang='lat' dir='ltr'><strong>cadunt</strong></span> <span class='ocrx_word' id='word_1_145' title='bbox 1190 3373 1255 3435; x_wconf 94' lang='lat' dir='ltr'><strong>in</strong></span> <span class='ocrx_word' id='word_1_146' title='bbox 1306 3373 1679 3455; x_wconf 85' lang='lat' dir='ltr'><strong>sapientem.</strong></span> <span class='ocrx_word' id='word_1_147' title='bbox 1726 3373 1800 3434; x_wconf 87' lang='lat' dir='ltr'><strong>Et</strong></span> 
     </span>
     <span class='ocr_line' id='line_1_27' title="bbox 290 3469 1796 3558; baseline -0.005 -19"><span class='ocrx_word' id='word_1_148' title='bbox 290 3477 474 3558; x_wconf 85' lang='lat' dir='ltr'><strong>juxta</strong></span> <span class='ocrx_word' id='word_1_149' title='bbox 506 3477 681 3538; x_wconf 91' lang='lat' dir='ltr'><strong>hunc</strong></span> <span class='ocrx_word' id='word_1_150' title='bbox 713 3473 975 3536; x_wconf 90' lang='lat' dir='ltr'><strong>modum</strong></span> <span class='ocrx_word' id='word_1_151' title='bbox 1004 3473 1197 3535; x_wconf 91' lang='lat' dir='ltr'><strong>etiam</strong></span> <span class='ocrx_word' id='word_1_152' title='bbox 1230 3469 1491 3554; x_wconf 90' lang='lat' dir='ltr'><strong>quidam</strong></span> <span class='ocrx_word' id='word_1_153' title='bbox 1523 3471 1796 3552; x_wconf 79' lang='lat' dir='ltr'><strong>theologi</strong></span> 
     </span>
     <span class='ocr_line' id='line_1_28' title="bbox 294 3569 1797 3658; baseline -0.005 -20"><span class='ocrx_word' id='word_1_154' title='bbox 294 3576 369 3638; x_wconf 88' lang='lat' dir='ltr'><strong>de</strong></span> <span class='ocrx_word' id='word_1_155' title='bbox 408 3571 827 3658; x_wconf 83' lang='lat' dir='ltr'><strong>passionibus</strong></span> <span class='ocrx_word' id='word_1_156' title='bbox 857 3578 1007 3634; x_wconf 90' lang='lat' dir='ltr'><strong>sunt</strong></span> <span class='ocrx_word' id='word_1_157' title='bbox 1042 3569 1261 3643; x_wconf 89' lang='lat' dir='ltr'><strong>locuti,</strong></span> <span class='ocrx_word' id='word_1_158' title='bbox 1296 3569 1647 3652; x_wconf 83' lang='lat' dir='ltr'><strong>praesertim</strong></span> <span class='ocrx_word' id='word_1_159' title='bbox 1686 3571 1797 3651; x_wconf 91' lang='lat' dir='ltr'><strong>qui</strong></span> 
     </span>
     <span class='ocr_line' id='line_1_29' title="bbox 296 3668 1797 3755; baseline -0.003 -20"><span class='ocrx_word' id='word_1_160' title='bbox 296 3675 359 3735; x_wconf 89' lang='lat' dir='ltr'><strong>in</strong></span> <span class='ocrx_word' id='word_1_161' title='bbox 398 3671 816 3755; x_wconf 86' lang='lat' dir='ltr'><strong>philosophia</strong></span> <span class='ocrx_word' id='word_1_162' title='bbox 854 3669 1322 3732; x_wconf 85' lang='lat' dir='ltr'><strong>Platonicorum</strong></span> <span class='ocrx_word' id='word_1_163' title='bbox 1367 3668 1661 3730; x_wconf 89' lang='lat' dir='ltr'><strong>instructi</strong></span> <span class='ocrx_word' id='word_1_164' title='bbox 1700 3669 1797 3731; x_wconf 88' lang='lat' dir='ltr'><strong>l&#39;u·</strong></span> 
     </span>
     <span class='ocr_line' id='line_1_30' title="bbox 294 3764 1795 3850; baseline -0.004 -16"><span class='ocrx_word' id='word_1_165' title='bbox 294 3779 505 3834; x_wconf 87' lang='lat' dir='ltr'><strong>erunt.</strong></span> <span class='ocrx_word' id='word_1_166' title='bbox 550 3767 954 3850; x_wconf 89' lang='lat' dir='ltr'><strong>Peripatetici</strong></span> <span class='ocrx_word' id='word_1_167' title='bbox 992 3784 1146 3829; x_wconf 87' lang='lat' dir='ltr'><strong>vero</strong></span> <span class='ocrx_word' id='word_1_168' title='bbox 1187 3764 1486 3828; x_wconf 86' lang='lat' dir='ltr'><strong>dixerunt</strong></span> <span class='ocrx_word' id='word_1_169' title='bbox 1526 3765 1691 3827; x_wconf 90' lang='lat' dir='ltr'><strong>sicut</strong></span> <span class='ocrx_word' id='word_1_170' title='bbox 1730 3764 1795 3828; x_wconf 86' lang='lat' dir='ltr'><strong>in</strong></span> 
     </span>
     <span class='ocr_line' id='line_1_31' title="bbox 294 3863 1796 3951; baseline -0.003 -20"><span class='ocrx_word' id='word_1_171' title='bbox 294 3868 739 3951; x_wconf 85' lang='lat' dir='ltr'><strong>propositione</strong></span> <span class='ocrx_word' id='word_1_172' title='bbox 783 3865 901 3928; x_wconf 91' lang='lat' dir='ltr'><strong>hac</strong></span> <span class='ocrx_word' id='word_1_173' title='bbox 950 3865 1195 3927; x_wconf 90' lang='lat' dir='ltr'><strong>dictum</strong></span> <span class='ocrx_word' id='word_1_174' title='bbox 1244 3869 1357 3926; x_wconf 90' lang='lat' dir='ltr'><strong>est.</strong></span> <span class='ocrx_word' id='word_1_175' title='bbox 1405 3863 1637 3925; x_wconf 78' lang='lat' dir='ltr'><strong>Verum</strong></span> <span class='ocrx_word' id='word_1_176' title='bbox 1687 3863 1796 3926; x_wconf 90' lang='lat' dir='ltr'><strong>ho-</strong></span> 
     </span>
     <span class='ocr_line' id='line_1_32' title="bbox 298 3962 1794 4044; baseline -0.005 -13"><span class='ocrx_word' id='word_1_177' title='bbox 298 3988 439 4031; x_wconf 89' lang='lat' dir='ltr'><strong>rum</strong></span> <span class='ocrx_word' id='word_1_178' title='bbox 470 3967 649 4030; x_wconf 90' lang='lat' dir='ltr'><strong>dicta</strong></span> <span class='ocrx_word' id='word_1_179' title='bbox 680 3965 955 4028; x_wconf 75' lang='lat' dir='ltr'><strong>faciliter</strong></span> <span class='ocrx_word' id='word_1_180' title='bbox 984 3963 1471 4037; x_wconf 88' lang='lat' dir='ltr'><strong>concordantur,</strong></span> <span class='ocrx_word' id='word_1_181' title='bbox 1494 3962 1794 4044; x_wconf 90' lang='lat' dir='ltr'><strong>quoniam</strong></span> 
     </span>
     <span class='ocr_line' id='line_1_33' title="bbox 295 4060 1791 4146; baseline -0.004 -18"><span class='ocrx_word' id='word_1_182' title='bbox 295 4066 561 4130; x_wconf 88' lang='lat' dir='ltr'><strong>nomine</strong></span> <span class='ocrx_word' id='word_1_183' title='bbox 612 4061 925 4146; x_wconf 89' lang='lat' dir='ltr'><strong>passionis</strong></span> <span class='ocrx_word' id='word_1_184' title='bbox 981 4060 1411 4125; x_wconf 88' lang='lat' dir='ltr'><strong>diversimode</strong></span> <span class='ocrx_word' id='word_1_185' title='bbox 1468 4061 1565 4122; x_wconf 90' lang='lat' dir='ltr'><strong>usi</strong></span> <span class='ocrx_word' id='word_1_186' title='bbox 1624 4068 1791 4123; x_wconf 90' lang='lat' dir='ltr'><strong>sunt.</strong></span> 
     </span>
     <span class='ocr_line' id='line_1_34' title="bbox 300 4158 1795 4242; baseline -0.005 -14"><span class='ocrx_word' id='word_1_187' title='bbox 300 4167 561 4229; x_wconf 83' lang='lat' dir='ltr'><strong>Certum</strong></span> <span class='ocrx_word' id='word_1_188' title='bbox 595 4169 693 4226; x_wconf 89' lang='lat' dir='ltr'><strong>est</strong></span> <span class='ocrx_word' id='word_1_189' title='bbox 722 4169 959 4236; x_wconf 90' lang='lat' dir='ltr'><strong>autem,</strong></span> <span class='ocrx_word' id='word_1_190' title='bbox 992 4160 1164 4242; x_wconf 89' lang='lat' dir='ltr'><strong>quod</strong></span> <span class='ocrx_word' id='word_1_191' title='bbox 1203 4158 1423 4221; x_wconf 90' lang='lat' dir='ltr'><strong>cibum</strong></span> <span class='ocrx_word' id='word_1_192' title='bbox 1466 4167 1530 4222; x_wconf 89' lang='lat' dir='ltr'><strong>et</strong></span> <span class='ocrx_word' id='word_1_193' title='bbox 1576 4167 1795 4241; x_wconf 87' lang='lat' dir='ltr'><strong>potum</strong></span> 
     </span>
    </p>
   </div>
   <div class='ocr_carea' id='block_1_9' title="bbox 294 4257 3404 4346">
    <p class='ocr_par' dir='ltr' id='par_1_10' title="bbox 294 4257 3404 4346">
     <span class='ocr_line' id='line_1_35' title="bbox 294 4257 3404 4346; baseline -0.002 -20"><span class='ocrx_word' id='word_1_194' title='bbox 294 4273 625 4346; x_wconf 86' lang='lat' dir='ltr'><strong>appetere,</strong></span> <span class='ocrx_word' id='word_1_195' title='bbox 675 4258 1051 4342; x_wconf 86' lang='lat' dir='ltr'><strong>temporalia</strong></span> <span class='ocrx_word' id='word_1_196' title='bbox 1106 4257 1431 4332; x_wconf 83' lang='lat' dir='ltr'><strong>affectare,</strong></span> <span class='ocrx_word' id='word_1_197' title='bbox 1490 4258 1795 4320; x_wconf 88' lang='lat' dir='ltr'><strong>honorem</strong></span> <span class='ocrx_word' id='word_1_198' title='bbox 1830 4259 1877 4321; x_wconf 93' lang='lat' dir='ltr'>D</span> <span class='ocrx_word' id='word_1_199' title='bbox 1908 4261 1985 4322; x_wconf 89' lang='lat' dir='ltr'><strong>Et</strong></span> <span class='ocrx_word' id='word_1_200' title='bbox 2029 4279 2249 4320; x_wconf 89' lang='lat' dir='ltr'><strong>rursus</strong></span> <span class='ocrx_word' id='word_1_201' title='bbox 2299 4275 2312 4320; x_wconf 77' lang='lat' dir='ltr'><strong>t</strong></span> <span class='ocrx_word' id='word_1_202' title='bbox 2358 4257 2888 4338; x_wconf 86' lang='lat' dir='ltr'><strong>Concupiscentia</strong></span> <span class='ocrx_word' id='word_1_203' title='bbox 2933 4258 3249 4322; x_wconf 89' lang='lat' dir='ltr'><strong>subvertit</strong></span> <span class='ocrx_word' id='word_1_204' title='bbox 3295 4277 3404 4323; x_wconf 89' lang='lat' dir='ltr'><strong>cor</strong></span> 
     </span>
    </p>
   </div>
   <div class='ocr_carea' id='block_1_10' title="bbox 295 4355 1803 4918">
    <p class='ocr_par' dir='ltr' id='par_1_11' title="bbox 295 4355 1803 4918">
     <span class='ocr_line' id='line_1_36' title="bbox 295 4355 1796 4440; baseline -0.005 -15"><span class='ocrx_word' id='word_1_205' title='bbox 295 4355 669 4425; x_wconf 80' lang='lat' dir='ltr'><strong>a’subditis</strong></span> <span class='ocrx_word' id='word_1_206' title='bbox 716 4358 1063 4440; x_wconf 87' lang='lat' dir='ltr'><strong>requirere,</strong></span> <span class='ocrx_word' id='word_1_207' title='bbox 1118 4356 1503 4420; x_wconf 90' lang='lat' dir='ltr'><strong>contoralem</strong></span> <span class='ocrx_word' id='word_1_208' title='bbox 1560 4375 1796 4429; x_wconf 88' lang='lat' dir='ltr'><strong>amare,</strong></span> 
     </span>
     <span class='ocr_line' id='line_1_37' title="bbox 296 4455 1800 4536; baseline -0.005 -13"><span class='ocrx_word' id='word_1_209' title='bbox 296 4480 421 4525; x_wconf 92' lang='lat' dir='ltr'><strong>non</strong></span> <span class='ocrx_word' id='word_1_210' title='bbox 453 4462 541 4523; x_wconf 90' lang='lat' dir='ltr'><strong>sit</strong></span> <span class='ocrx_word' id='word_1_211' title='bbox 573 4456 817 4520; x_wconf 91' lang='lat' dir='ltr'><strong>malum</strong></span> <span class='ocrx_word' id='word_1_212' title='bbox 848 4457 914 4518; x_wconf 93' lang='lat' dir='ltr'><strong>in</strong></span> <span class='ocrx_word' id='word_1_213' title='bbox 944 4473 1169 4528; x_wconf 86' lang='lat' dir='ltr'><strong>se,nec</strong></span> <span class='ocrx_word' id='word_1_214' title='bbox 1198 4455 1578 4536; x_wconf 90' lang='lat' dir='ltr'><strong>simpliciter</strong></span> <span class='ocrx_word' id='word_1_215' title='bbox 1607 4455 1800 4516; x_wconf 89' lang='lat' dir='ltr'><strong>virtu-</strong></span> 
     </span>
     <span class='ocr_line' id='line_1_38' title="bbox 297 4552 1801 4636; baseline -0.006 -13"><span class='ocrx_word' id='word_1_216' title='bbox 297 4578 505 4632; x_wconf 90' lang='lat' dir='ltr'><strong>osum,</strong></span> <span class='ocrx_word' id='word_1_217' title='bbox 540 4559 655 4621; x_wconf 87' lang='lat' dir='ltr'><strong>sed</strong></span> <span class='ocrx_word' id='word_1_218' title='bbox 687 4563 991 4636; x_wconf 84' lang='lat' dir='ltr'><strong>tanquam</strong></span> <span class='ocrx_word' id='word_1_219' title='bbox 1025 4552 1405 4615; x_wconf 75' lang='lat' dir='ltr'><strong>indifferens</strong></span> <span class='ocrx_word' id='word_1_220' title='bbox 1438 4569 1451 4614; x_wconf 93' lang='lat'>:</span> <span class='ocrx_word' id='word_1_221' title='bbox 1486 4553 1657 4635; x_wconf 88' lang='lat' dir='ltr'><strong>quod</strong></span> <span class='ocrx_word' id='word_1_222' title='bbox 1690 4571 1801 4634; x_wconf 91' lang='lat' dir='ltr'><strong>per</strong></span> 
     </span>
     <span class='ocr_line' id='line_1_39' title="bbox 298 4649 1799 4734; baseline -0.005 -15"><span class='ocrx_word' id='word_1_223' title='bbox 298 4657 563 4720; x_wconf 87' lang='lat' dir='ltr'><strong>rationis</strong></span> <span class='ocrx_word' id='word_1_224' title='bbox 595 4653 995 4734; x_wconf 82' lang='lat' dir='ltr'><strong>diligentiam</strong></span> <span class='ocrx_word' id='word_1_225' title='bbox 1036 4649 1440 4713; x_wconf 88' lang='lat' dir='ltr'><strong>laudabiliter</strong></span> <span class='ocrx_word' id='word_1_226' title='bbox 1481 4649 1623 4712; x_wconf 75' lang='lat' dir='ltr'><strong>fieri</strong></span> <span class='ocrx_word' id='word_1_227' title='bbox 1665 4658 1799 4731; x_wconf 89' lang='lat' dir='ltr'><strong>pot-</strong></span> 
     </span>
     <span class='ocr_line' id='line_1_40' title="bbox 300 4748 1803 4834; baseline -0.005 -16"><span class='ocrx_word' id='word_1_228' title='bbox 300 4763 433 4834; x_wconf 83' lang='lat' dir='ltr'><strong>cst3</strong></span> <span class='ocrx_word' id='word_1_229' title='bbox 465 4762 531 4818; x_wconf 85' lang='lat' dir='ltr'><strong>et</strong></span> <span class='ocrx_word' id='word_1_230' title='bbox 579 4755 736 4816; x_wconf 89' lang='lat' dir='ltr'><strong>item</strong></span> <span class='ocrx_word' id='word_1_231' title='bbox 781 4750 1220 4823; x_wconf 86' lang='lat' dir='ltr'><strong>immoderate,</strong></span> <span class='ocrx_word' id='word_1_232' title='bbox 1254 4749 1308 4811; x_wconf 88' lang='lat' dir='ltr'><strong>si</strong></span> <span class='ocrx_word' id='word_1_233' title='bbox 1350 4748 1611 4812; x_wconf 90' lang='lat' dir='ltr'><strong>rationis</strong></span> <span class='ocrx_word' id='word_1_234' title='bbox 1650 4749 1803 4829; x_wconf 84' lang='lat' dir='ltr'><strong>vigi-</strong></span> 
     </span>
     <span class='ocr_line' id='line_1_41' title="bbox 302 4853 725 4918; baseline -0.012 -1"><span class='ocrx_word' id='word_1_235' title='bbox 302 4854 495 4918; x_wconf 88' lang='lat' dir='ltr'><strong>lantia</strong></span> <span class='ocrx_word' id='word_1_236' title='bbox 536 4853 725 4916; x_wconf 87' lang='lat' dir='ltr'><strong>desit.</strong></span> 
     </span>
    </p>
   </div>
   <div class='ocr_carea' id='block_1_11' title="bbox 682 5057 1419 5124">
    <p class='ocr_par' dir='ltr' id='par_1_12' title="bbox 682 5057 1419 5124">
     <span class='ocr_line' id='line_1_42' title="bbox 682 5057 1419 5124; baseline -0.005 0"><span class='ocrx_word' id='word_1_237' title='bbox 682 5058 1203 5124; x_wconf 87' lang='lat' dir='ltr'><strong>PROPOSITIO</strong></span> <span class='ocrx_word' id='word_1_238' title='bbox 1251 5057 1419 5122; x_wconf 86' lang='lat' dir='ltr'>CIV.</span> 
     </span>
    </p>
   </div>
   <div class='ocr_carea' id='block_1_12' title="bbox 1834 1804 3696 4145">
    <p class='ocr_par' dir='ltr' id='par_1_13' title="bbox 1834 1804 3696 4145">
     <span class='ocr_line' id='line_1_43' title="bbox 1993 1804 3410 1891; baseline 0.004 -24"><span class='ocrx_word' id='word_1_239' title='bbox 1993 1804 2169 1878; x_wconf 86' lang='lat' dir='ltr'><strong>Quod</strong></span> <span class='ocrx_word' id='word_1_240' title='bbox 2220 1811 2337 1879; x_wconf 90' lang='lat' dir='ltr'><strong>est,</strong></span> <span class='ocrx_word' id='word_1_241' title='bbox 2385 1805 2692 1888; x_wconf 88' lang='lat' dir='ltr'><strong>quoniam</strong></span> <span class='ocrx_word' id='word_1_242' title='bbox 2734 1806 2996 1870; x_wconf 89' lang='lat' dir='ltr'><strong>nomina</strong></span> <span class='ocrx_word' id='word_1_243' title='bbox 3041 1809 3410 1891; x_wconf 90' lang='lat' dir='ltr'><strong>passionum</strong></span> 
     </span>
     <span class='ocr_line' id='line_1_44' title="bbox 1834 1901 3413 1990; baseline 0.004 -26"><span class='ocrx_word' id='word_1_244' title='bbox 1834 1901 1881 1964; x_wconf 90' lang='lat' dir='ltr'>B</span> <span class='ocrx_word' id='word_1_245' title='bbox 1910 1911 2060 1965; x_wconf 89' lang='lat' dir='ltr'><strong>sunt</strong></span> <span class='ocrx_word' id='word_1_246' title='bbox 2088 1902 2264 1966; x_wconf 80' lang='lat' dir='ltr'><strong>haec:</strong></span> <span class='ocrx_word' id='word_1_247' title='bbox 2299 1921 2498 1976; x_wconf 89' lang='lat' dir='ltr'><strong>amor,</strong></span> <span class='ocrx_word' id='word_1_248' title='bbox 2533 1905 3072 1986; x_wconf 88' lang='lat' dir='ltr'><strong>concupiscentia,</strong></span> <span class='ocrx_word' id='word_1_249' title='bbox 3106 1926 3276 1990; x_wconf 88' lang='lat' dir='ltr'><strong>spes,</strong></span> <span class='ocrx_word' id='word_1_250' title='bbox 3307 1908 3413 1971; x_wconf 92' lang='lat' dir='ltr'><strong>de-</strong></span> 
     </span>
     <span class='ocr_line' id='line_1_45' title="bbox 1912 2001 3412 2079; baseline 0.005 -17"><span class='ocrx_word' id='word_1_251' title='bbox 1912 2001 2189 2076; x_wconf 88' lang='lat' dir='ltr'><strong>lectatio,</strong></span> <span class='ocrx_word' id='word_1_252' title='bbox 2225 2001 2339 2075; x_wconf 87' lang='lat' dir='ltr'><strong>ira,</strong></span> <span class='ocrx_word' id='word_1_253' title='bbox 2371 2001 2584 2075; x_wconf 90' lang='lat' dir='ltr'><strong>timor,</strong></span> <span class='ocrx_word' id='word_1_254' title='bbox 2618 2003 2897 2076; x_wconf 89' lang='lat' dir='ltr'><strong>tristitia,</strong></span> <span class='ocrx_word' id='word_1_255' title='bbox 2933 2003 3262 2079; x_wconf 88' lang='lat' dir='ltr'><strong>timiditas,</strong></span> <span class='ocrx_word' id='word_1_256' title='bbox 3305 2025 3412 2070; x_wconf 91' lang='lat' dir='ltr'><strong>cu-</strong></span> 
     </span>
     <span class='ocr_line' id='line_1_46' title="bbox 1913 2099 3414 2185; baseline 0.005 -25"><span class='ocrx_word' id='word_1_257' title='bbox 1913 2099 2084 2182; x_wconf 92' lang='lat' dir='ltr'><strong>pido,</strong></span> <span class='ocrx_word' id='word_1_258' title='bbox 2130 2107 2290 2180; x_wconf 89' lang='lat' dir='ltr'><strong>etc.;</strong></span> <span class='ocrx_word' id='word_1_259' title='bbox 2323 2100 2400 2162; x_wconf 91' lang='lat' dir='ltr'><strong>de</strong></span> <span class='ocrx_word' id='word_1_260' title='bbox 2442 2099 2678 2182; x_wconf 91' lang='lat' dir='ltr'><strong>quibus</strong></span> <span class='ocrx_word' id='word_1_261' title='bbox 2721 2108 2964 2164; x_wconf 91' lang='lat' dir='ltr'><strong>constat</strong></span> <span class='ocrx_word' id='word_1_262' title='bbox 3007 2103 3176 2185; x_wconf 91' lang='lat' dir='ltr'><strong>quod</strong></span> <span class='ocrx_word' id='word_1_263' title='bbox 3218 2105 3414 2168; x_wconf 88' lang='lat' dir='ltr'><strong>variis</strong></span> 
     </span>
     <span class='ocr_line' id='line_1_47' title="bbox 1914 2198 3408 2282; baseline 0.003 -23"><span class='ocrx_word' id='word_1_264' title='bbox 1914 2198 2119 2261; x_wconf 90' lang='lat' dir='ltr'><strong>modis</strong></span> <span class='ocrx_word' id='word_1_265' title='bbox 2150 2204 2505 2261; x_wconf 90' lang='lat' dir='ltr'><strong>sumantur.</strong></span> <span class='ocrx_word' id='word_1_266' title='bbox 2541 2198 2736 2262; x_wconf 86' lang='lat' dir='ltr'><strong>Amor</strong></span> <span class='ocrx_word' id='word_1_267' title='bbox 2766 2218 3044 2282; x_wconf 88' lang='lat' dir='ltr'><strong>namque</strong></span> <span class='ocrx_word' id='word_1_268' title='bbox 3088 2201 3408 2265; x_wconf 86' lang='lat' dir='ltr'><strong>interdum</strong></span> 
     </span>
     <span class='ocr_line' id='line_1_48' title="bbox 1913 2296 3413 2378; baseline 0.003 -20"><span class='ocrx_word' id='word_1_269' title='bbox 1913 2315 2030 2378; x_wconf 89' lang='lat' dir='ltr'><strong>pro</strong></span> <span class='ocrx_word' id='word_1_270' title='bbox 2060 2296 2322 2359; x_wconf 88' lang='lat' dir='ltr'><strong>caritate</strong></span> <span class='ocrx_word' id='word_1_271' title='bbox 2352 2316 2465 2359; x_wconf 91' lang='lat' dir='ltr'><strong>seu</strong></span> <span class='ocrx_word' id='word_1_272' title='bbox 2499 2296 2915 2360; x_wconf 87' lang='lat' dir='ltr'><strong>intellectuali</strong></span> <span class='ocrx_word' id='word_1_273' title='bbox 2953 2316 3170 2363; x_wconf 88' lang='lat' dir='ltr'><strong>amore</strong></span> <span class='ocrx_word' id='word_1_274' title='bbox 3215 2301 3413 2362; x_wconf 90' lang='lat' dir='ltr'><strong>susci-</strong></span> 
     </span>
     <span class='ocr_line' id='line_1_49' title="bbox 1911 2395 3415 2480; baseline 0.004 -24"><span class='ocrx_word' id='word_1_275' title='bbox 1911 2395 2107 2477; x_wconf 88' lang='lat' dir='ltr'><strong>pitur,</strong></span> <span class='ocrx_word' id='word_1_276' title='bbox 2141 2396 2312 2458; x_wconf 88' lang='lat' dir='ltr'><strong>unde</strong></span> <span class='ocrx_word' id='word_1_277' title='bbox 2342 2404 2406 2457; x_wconf 91' lang='lat' dir='ltr'><strong>et</strong></span> <span class='ocrx_word' id='word_1_278' title='bbox 2437 2395 2840 2479; x_wconf 89' lang='lat' dir='ltr'><strong>philosophia</strong></span> <span class='ocrx_word' id='word_1_279' title='bbox 2877 2414 3056 2460; x_wconf 91' lang='lat' dir='ltr'><strong>amor</strong></span> <span class='ocrx_word' id='word_1_280' title='bbox 3085 2398 3415 2480; x_wconf 83' lang='lat' dir='ltr'><strong>sapientiae</strong></span> 
     </span>
     <span class='ocr_line' id='line_1_50' title="bbox 1911 2493 3418 2577; baseline 0.003 -22"><span class='ocrx_word' id='word_1_281' title='bbox 1911 2493 2274 2576; x_wconf 87' lang='lat' dir='ltr'><strong>appellatur</strong></span> <span class='ocrx_word' id='word_1_282' title='bbox 2287 2511 2304 2572; x_wconf 91' lang='lat'>;</span> <span class='ocrx_word' id='word_1_283' title='bbox 2324 2493 2705 2576; x_wconf 89' lang='lat' dir='ltr'><strong>quandoque</strong></span> <span class='ocrx_word' id='word_1_284' title='bbox 2735 2512 2889 2558; x_wconf 87' lang='lat' dir='ltr'><strong>vero</strong></span> <span class='ocrx_word' id='word_1_285' title='bbox 2913 2514 3030 2577; x_wconf 91' lang='lat' dir='ltr'><strong>pro</strong></span> <span class='ocrx_word' id='word_1_286' title='bbox 3060 2495 3418 2560; x_wconf 89' lang='lat' dir='ltr'><strong>inordinato</strong></span> 
     </span>
     <span class='ocr_line' id='line_1_51' title="bbox 1910 2591 3417 2677; baseline 0.003 -25"><span class='ocrx_word' id='word_1_287' title='bbox 1910 2591 2172 2666; x_wconf 82' lang='lat' dir='ltr'><strong>affectu,</strong></span> <span class='ocrx_word' id='word_1_288' title='bbox 2214 2591 2395 2672; x_wconf 84' lang='lat' dir='ltr'><strong>juxta</strong></span> <span class='ocrx_word' id='word_1_289' title='bbox 2439 2591 2596 2653; x_wconf 92' lang='lat' dir='ltr'><strong>illud</strong></span> <span class='ocrx_word' id='word_1_290' title='bbox 2631 2593 2872 2655; x_wconf 83' lang='lat' dir='ltr'><strong>:Amor</strong></span> <span class='ocrx_word' id='word_1_291' title='bbox 2905 2600 2970 2655; x_wconf 91' lang='lat' dir='ltr'><strong>et</strong></span> <span class='ocrx_word' id='word_1_292' title='bbox 3011 2593 3230 2656; x_wconf 91' lang='lat' dir='ltr'><strong>odium</strong></span> <span class='ocrx_word' id='word_1_293' title='bbox 3276 2614 3417 2677; x_wconf 89' lang='lat' dir='ltr'><strong>per-</strong></span> 
     </span>
     <span class='ocr_line' id='line_1_52' title="bbox 1911 2690 3412 2774; baseline 0.003 -23"><span class='ocrx_word' id='word_1_294' title='bbox 1911 2697 2170 2752; x_wconf 86' lang='lat' dir='ltr'><strong>vertunt</strong></span> <span class='ocrx_word' id='word_1_295' title='bbox 2206 2690 2522 2770; x_wconf 89' lang='lat' dir='ltr'><strong>judicium</strong></span> <span class='ocrx_word' id='word_1_296' title='bbox 2549 2707 2564 2768; x_wconf 92' lang='lat'>;</span> <span class='ocrx_word' id='word_1_297' title='bbox 2596 2690 2942 2772; x_wconf 89' lang='lat' dir='ltr'><strong>aliquando</strong></span> <span class='ocrx_word' id='word_1_298' title='bbox 2984 2709 3100 2774; x_wconf 91' lang='lat' dir='ltr'><strong>pro</strong></span> <span class='ocrx_word' id='word_1_299' title='bbox 3139 2693 3412 2755; x_wconf 88' lang='lat' dir='ltr'><strong>naturali</strong></span> 
     </span>
     <span class='ocr_line' id='line_1_53' title="bbox 1912 2787 3416 2871; baseline 0.002 -22"><span class='ocrx_word' id='word_1_300' title='bbox 1912 2787 2376 2870; x_wconf 83' lang='lat' dir='ltr'><strong>complacentia</strong></span> <span class='ocrx_word' id='word_1_301' title='bbox 2419 2787 2571 2850; x_wconf 90' lang='lat' dir='ltr'><strong>boni</strong></span> <span class='ocrx_word' id='word_1_302' title='bbox 2610 2789 2924 2851; x_wconf 90' lang='lat' dir='ltr'><strong>sensualis</strong></span> <span class='ocrx_word' id='word_1_303' title='bbox 2964 2791 3317 2871; x_wconf 79' lang='lat' dir='ltr'><strong>praesentiS‚</strong></span> <span class='ocrx_word' id='word_1_304' title='bbox 3351 2799 3416 2854; x_wconf 87' lang='lat' dir='ltr'><strong>et</strong></span> 
     </span>
     <span class='ocr_line' id='line_1_54' title="bbox 1913 2886 3414 2969; baseline 0.001 -21"><span class='ocrx_word' id='word_1_305' title='bbox 1913 2887 2001 2948; x_wconf 89' lang='lat' dir='ltr'><strong>ita</strong></span> <span class='ocrx_word' id='word_1_306' title='bbox 2029 2895 2127 2949; x_wconf 90' lang='lat' dir='ltr'><strong>est</strong></span> <span class='ocrx_word' id='word_1_307' title='bbox 2157 2887 2366 2969; x_wconf 86' lang='lat' dir='ltr'><strong>passio</strong></span> <span class='ocrx_word' id='word_1_308' title='bbox 2399 2886 2606 2968; x_wconf 88' lang='lat' dir='ltr'><strong>prima</strong></span> <span class='ocrx_word' id='word_1_309' title='bbox 2633 2905 2708 2948; x_wconf 88' lang='lat' dir='ltr'><strong>ac</strong></span> <span class='ocrx_word' id='word_1_310' title='bbox 2749 2887 3023 2968; x_wconf 87' lang='lat' dir='ltr'><strong>propria.</strong></span> <span class='ocrx_word' id='word_1_311' title='bbox 3061 2887 3414 2951; x_wconf 75' lang='lat' dir='ltr'><strong>Consormi-</strong></span> 
     </span>
     <span class='ocr_line' id='line_1_55' title="bbox 1914 2984 3414 3067; baseline 0.003 -21"><span class='ocrx_word' id='word_1_312' title='bbox 1914 2993 2033 3056; x_wconf 90' lang='lat' dir='ltr'><strong>ter,</strong></span> <span class='ocrx_word' id='word_1_313' title='bbox 2067 3003 2214 3067; x_wconf 92' lang='lat' dir='ltr'><strong>spes</strong></span> <span class='ocrx_word' id='word_1_314' title='bbox 2254 2984 2684 3046; x_wconf 88' lang='lat' dir='ltr'><strong>communiter</strong></span> <span class='ocrx_word' id='word_1_315' title='bbox 2726 2985 2962 3047; x_wconf 88' lang='lat' dir='ltr'><strong>dicitur</strong></span> <span class='ocrx_word' id='word_1_316' title='bbox 3003 3003 3144 3048; x_wconf 90' lang='lat' dir='ltr'><strong>esse</strong></span> <span class='ocrx_word' id='word_1_317' title='bbox 3176 2986 3414 3050; x_wconf 89' lang='lat' dir='ltr'><strong>theolo-</strong></span> 
     </span>
     <span class='ocr_line' id='line_1_56' title="bbox 1839 3081 3415 3165; baseline -0.001 -19"><span class='ocrx_word' id='word_1_318' title='bbox 1839 3083 1883 3146; x_wconf 87' lang='lat' dir='ltr'>C</span> <span class='ocrx_word' id='word_1_319' title='bbox 1912 3083 2053 3163; x_wconf 79' lang='lat' dir='ltr'><strong>gica</strong></span> <span class='ocrx_word' id='word_1_320' title='bbox 2093 3083 2339 3158; x_wconf 87' lang='lat' dir='ltr'><strong>virtus;</strong></span> <span class='ocrx_word' id='word_1_321' title='bbox 2373 3100 2490 3144; x_wconf 90' lang='lat' dir='ltr'><strong>nec</strong></span> <span class='ocrx_word' id='word_1_322' title='bbox 2535 3081 2620 3144; x_wconf 89' lang='lat' dir='ltr'><strong>ita</strong></span> <span class='ocrx_word' id='word_1_323' title='bbox 2662 3089 2760 3144; x_wconf 88' lang='lat' dir='ltr'><strong>est</strong></span> <span class='ocrx_word' id='word_1_324' title='bbox 2801 3081 3033 3164; x_wconf 89' lang='lat' dir='ltr'><strong>passi0,</strong></span> <span class='ocrx_word' id='word_1_325' title='bbox 3071 3082 3183 3146; x_wconf 90' lang='lat' dir='ltr'><strong>sed</strong></span> <span class='ocrx_word' id='word_1_326' title='bbox 3225 3092 3415 3165; x_wconf 90' lang='lat' dir='ltr'><strong>prout</strong></span> 
     </span>
     <span class='ocr_line' id='line_1_57' title="bbox 1911 3179 3411 3262; baseline 0.001 -19"><span class='ocrx_word' id='word_1_327' title='bbox 1911 3179 2202 3260; x_wconf 83' lang='lat' dir='ltr'><strong>designat</strong></span> <span class='ocrx_word' id='word_1_328' title='bbox 2239 3179 2631 3242; x_wconf 87' lang='lat' dir='ltr'><strong>tendentiam</strong></span> <span class='ocrx_word' id='word_1_329' title='bbox 2663 3180 2986 3262; x_wconf 90' lang='lat' dir='ltr'><strong>appetitus</strong></span> <span class='ocrx_word' id='word_1_330' title='bbox 3017 3181 3308 3244; x_wconf 89' lang='lat' dir='ltr'><strong>sensitivi</strong></span> <span class='ocrx_word' id='word_1_331' title='bbox 3346 3181 3411 3244; x_wconf 90' lang='lat' dir='ltr'><strong>in</strong></span> 
     </span>
     <span class='ocr_line' id='line_1_58' title="bbox 1910 3276 3413 3342; baseline 0 -2"><span class='ocrx_word' id='word_1_332' title='bbox 1910 3277 2149 3340; x_wconf 89' lang='lat' dir='ltr'><strong>bonum</strong></span> <span class='ocrx_word' id='word_1_333' title='bbox 2185 3276 2489 3339; x_wconf 89' lang='lat' dir='ltr'><strong>sensibile</strong></span> <span class='ocrx_word' id='word_1_334' title='bbox 2529 3278 2814 3340; x_wconf 90' lang='lat' dir='ltr'><strong>nondum</strong></span> <span class='ocrx_word' id='word_1_335' title='bbox 2855 3277 3208 3340; x_wconf 87' lang='lat' dir='ltr'><strong>obtentum.</strong></span> <span class='ocrx_word' id='word_1_336' title='bbox 3245 3278 3413 3342; x_wconf 91' lang='lat' dir='ltr'><strong>Desi-</strong></span> 
     </span>
     <span class='ocr_line' id='line_1_59' title="bbox 1909 3375 3409 3459; baseline 0.002 -21"><span class='ocrx_word' id='word_1_337' title='bbox 1909 3377 2160 3438; x_wconf 84' lang='lat' dir='ltr'><strong>derium</strong></span> <span class='ocrx_word' id='word_1_338' title='bbox 2192 3393 2446 3457; x_wconf 91' lang='lat' dir='ltr'><strong>quoque</strong></span> <span class='ocrx_word' id='word_1_339' title='bbox 2477 3394 2590 3438; x_wconf 89' lang='lat' dir='ltr'><strong>seu</strong></span> <span class='ocrx_word' id='word_1_340' title='bbox 2621 3375 3141 3457; x_wconf 90' lang='lat' dir='ltr'><strong>concupiscentia</strong></span> <span class='ocrx_word' id='word_1_341' title='bbox 3171 3377 3409 3459; x_wconf 84' lang='lat' dir='ltr'><strong>duplex</strong></span> 
     </span>
     <span class='ocr_line' id='line_1_60' title="bbox 1908 3473 3400 3555; baseline 0.001 -19"><span class='ocrx_word' id='word_1_342' title='bbox 1908 3482 2025 3547; x_wconf 91' lang='lat' dir='ltr'><strong>est,</strong></span> <span class='ocrx_word' id='word_1_343' title='bbox 2080 3481 2300 3555; x_wconf 84' lang='lat' dir='ltr'><strong>utpote</strong></span> <span class='ocrx_word' id='word_1_344' title='bbox 2359 3473 2738 3535; x_wconf 86' lang='lat' dir='ltr'><strong>sensitivum</strong></span> <span class='ocrx_word' id='word_1_345' title='bbox 2797 3481 2863 3536; x_wconf 92' lang='lat' dir='ltr'><strong>et</strong></span> <span class='ocrx_word' id='word_1_346' title='bbox 2914 3473 3400 3539; x_wconf 78' lang='lat' dir='ltr'><strong>intellectivam.</strong></span> 
     </span>
     <span class='ocr_line' id='line_1_61' title="bbox 1906 3570 3696 3656; baseline 0.001 -22"><span class='ocrx_word' id='word_1_347' title='bbox 1906 3571 2064 3634; x_wconf 89' lang='lat' dir='ltr'><strong>Nam</strong></span> <span class='ocrx_word' id='word_1_348' title='bbox 2097 3579 2161 3634; x_wconf 89' lang='lat' dir='ltr'><strong>et</strong></span> <span class='ocrx_word' id='word_1_349' title='bbox 2193 3571 2256 3632; x_wconf 92' lang='lat' dir='ltr'><strong>in</strong></span> <span class='ocrx_word' id='word_1_350' title='bbox 2290 3570 2456 3634; x_wconf 89' lang='lat' dir='ltr'><strong>libro</strong></span> <span class='ocrx_word' id='word_1_351' title='bbox 2497 3571 2836 3653; x_wconf 85' lang='lat' dir='ltr'><strong>Sapientiae</strong></span> <span class='ocrx_word' id='word_1_352' title='bbox 2877 3571 3080 3635; x_wconf 80' lang='lat' dir='ltr'><strong>fertur</strong></span> <span class='ocrx_word' id='word_1_353' title='bbox 3114 3590 3128 3635; x_wconf 91' lang='lat'>:</span> <span class='ocrx_word' id='word_1_354' title='bbox 3163 3573 3406 3636; x_wconf 89' lang='lat' dir='ltr'><strong>Concu·</strong></span> <span class='ocrx_word' id='word_1_355' title='bbox 3431 3598 3696 3656; x_wconf 50' lang='lat' dir='ltr'><strong>smffim,</strong></span> 
     </span>
     <span class='ocr_line' id='line_1_62' title="bbox 1907 3667 3401 3752; baseline 0.002 -22"><span class='ocrx_word' id='word_1_356' title='bbox 1907 3669 2220 3751; x_wconf 91' lang='lat' dir='ltr'><strong>piscentia</strong></span> <span class='ocrx_word' id='word_1_357' title='bbox 2277 3667 2603 3750; x_wconf 81' lang='lat' dir='ltr'><strong>sapientiae</strong></span> <span class='ocrx_word' id='word_1_358' title='bbox 2670 3669 2943 3732; x_wconf 91' lang='lat' dir='ltr'><strong>deducet</strong></span> <span class='ocrx_word' id='word_1_359' title='bbox 2996 3671 3077 3732; x_wconf 89' lang='lat' dir='ltr'><strong>ad</strong></span> <span class='ocrx_word' id='word_1_360' title='bbox 3135 3689 3401 3752; x_wconf 82' lang='lat' dir='ltr'><strong>regnum</strong></span> 
     </span>
     <span class='ocr_line' id='line_1_63' title="bbox 1907 3767 3398 3849; baseline 0.003 -21"><span class='ocrx_word' id='word_1_361' title='bbox 1907 3773 2331 3849; x_wconf 90' lang='lat' dir='ltr'><strong>perpetuum;</strong></span> <span class='ocrx_word' id='word_1_362' title='bbox 2381 3775 2571 3848; x_wconf 86' lang='lat' dir='ltr'><strong>atque</strong></span> <span class='ocrx_word' id='word_1_363' title='bbox 2621 3767 2686 3828; x_wconf 94' lang='lat' dir='ltr'><strong>in</strong></span> <span class='ocrx_word' id='word_1_364' title='bbox 2737 3767 2902 3830; x_wconf 89' lang='lat' dir='ltr'><strong>libro</strong></span> <span class='ocrx_word' id='word_1_365' title='bbox 2947 3767 3342 3832; x_wconf 88' lang='lat' dir='ltr'><strong>Psalmorum</strong></span> <span class='ocrx_word' id='word_1_366' title='bbox 3385 3787 3398 3832; x_wconf 92' lang='lat'>:</span> 
     </span>
     <span class='ocr_line' id='line_1_64' title="bbox 1906 3864 3696 3947; baseline 0.001 -19"><span class='ocrx_word' id='word_1_367' title='bbox 1906 3865 2315 3947; x_wconf 89' lang='lat' dir='ltr'><strong>Concupiscit</strong></span> <span class='ocrx_word' id='word_1_368' title='bbox 2345 3872 2408 3927; x_wconf 89' lang='lat' dir='ltr'><strong>et</strong></span> <span class='ocrx_word' id='word_1_369' title='bbox 2437 3864 2661 3926; x_wconf 82' lang='lat' dir='ltr'><strong>deficit</strong></span> <span class='ocrx_word' id='word_1_370' title='bbox 2695 3865 2908 3927; x_wconf 87' lang='lat' dir='ltr'><strong>anima</strong></span> <span class='ocrx_word' id='word_1_371' title='bbox 2952 3884 3093 3928; x_wconf 91' lang='lat' dir='ltr'><strong>mea</strong></span> <span class='ocrx_word' id='word_1_372' title='bbox 3135 3866 3200 3928; x_wconf 89' lang='lat' dir='ltr'><strong>in</strong></span> <span class='ocrx_word' id='word_1_373' title='bbox 3241 3867 3402 3930; x_wconf 89' lang='lat' dir='ltr'><strong>atria</strong></span> <span class='ocrx_word' id='word_1_374' title='bbox 3429 3887 3508 3930; x_wconf 67' lang='grc' dir='ltr'><strong>Ρ..</strong></span> <span class='ocrx_word' id='word_1_375' title='bbox 3530 3898 3696 3937; x_wconf 71' lang='lat' dir='ltr'><strong>uma.</strong></span> 
     </span>
     <span class='ocr_line' id='line_1_65' title="bbox 1906 3953 3470 4045; baseline 0 -18"><span class='ocrx_word' id='word_1_376' title='bbox 1906 3963 2180 4027; x_wconf 89' lang='lat' dir='ltr'><strong>Domini.</strong></span> <span class='ocrx_word' id='word_1_377' title='bbox 2229 3963 2665 4026; x_wconf 75' lang='lat' dir='ltr'><strong>communiter</strong></span> <span class='ocrx_word' id='word_1_378' title='bbox 2705 3970 2918 4025; x_wconf 91' lang='lat' dir='ltr'><strong>tamen</strong></span> <span class='ocrx_word' id='word_1_379' title='bbox 2963 3981 3078 4045; x_wconf 89' lang='lat' dir='ltr'><strong>pro</strong></span> <span class='ocrx_word' id='word_1_380' title='bbox 3121 3965 3400 4027; x_wconf 87' lang='lat' dir='ltr'><strong>sensuali</strong></span> <span class='ocrx_word' id='word_1_381' title='bbox 3431 3953 3470 3992; x_wconf 80' lang='lat'><strong>³·</strong></span> 
     </span>
     <span class='ocr_line' id='line_1_66' title="bbox 1908 4061 3402 4145; baseline 0 -19"><span class='ocrx_word' id='word_1_382' title='bbox 1908 4071 1972 4126; x_wconf 86' lang='lat' dir='ltr'><strong>et</strong></span> <span class='ocrx_word' id='word_1_383' title='bbox 2030 4063 2392 4126; x_wconf 88' lang='lat' dir='ltr'><strong>inordinata</strong></span> <span class='ocrx_word' id='word_1_384' title='bbox 2446 4061 2790 4124; x_wconf 82' lang='lat' dir='ltr'><strong>affectione</strong></span> <span class='ocrx_word' id='word_1_385' title='bbox 2836 4062 3171 4145; x_wconf 88' lang='lat' dir='ltr'><strong>accipitur,</strong></span> <span class='ocrx_word' id='word_1_386' title='bbox 3219 4063 3402 4144; x_wconf 82' lang='lat' dir='ltr'><strong>juxta</strong></span> 
     </span>
    </p>
   </div>
   <div class='ocr_carea' id='block_1_13' title="bbox 1909 4159 3698 4360">
    <p class='ocr_par' dir='ltr' id='par_1_14' title="bbox 1909 4159 3698 4360">
     <span class='ocr_line' id='line_1_67' title="bbox 1909 4159 3628 4241; baseline 0.001 -17"><span class='ocrx_word' id='word_1_387' title='bbox 1909 4161 2067 4225; x_wconf 91' lang='lat' dir='ltr'><strong>illud</strong></span> <span class='ocrx_word' id='word_1_388' title='bbox 2105 4177 2119 4223; x_wconf 78' lang='lat' dir='ltr'><strong><em>z</em></strong></span> <span class='ocrx_word' id='word_1_389' title='bbox 2155 4159 2297 4223; x_wconf 89' lang='lat' dir='ltr'><strong>Post</strong></span> <span class='ocrx_word' id='word_1_390' title='bbox 2325 4159 2878 4241; x_wconf 88' lang='lat' dir='ltr'><strong>concupiscentias</strong></span> <span class='ocrx_word' id='word_1_391' title='bbox 2924 4167 3062 4222; x_wconf 90' lang='lat' dir='ltr'><strong>tuas</strong></span> <span class='ocrx_word' id='word_1_392' title='bbox 3105 4178 3233 4224; x_wconf 89' lang='lat' dir='ltr'><strong>non</strong></span> <span class='ocrx_word' id='word_1_393' title='bbox 3270 4179 3396 4224; x_wconf 88' lang='lat' dir='ltr'><strong>eas.</strong></span> <span class='ocrx_word' id='word_1_394' title='bbox 3484 4183 3628 4226; x_wconf 69' lang='grc' dir='ltr'><em>Εοειε.</em></span> 
     </span>
     <span class='ocr_line' id='line_1_68' title="bbox 3431 4249 3698 4360; baseline -0.007 -7"><span class='ocrx_word' id='word_1_395' title='bbox 3431 4249 3698 4360; x_wconf 48' lang='lat' dir='ltr'><strong>wat..</strong></span> 
     </span>
    </p>
   </div>
   <div class='ocr_carea' id='block_1_14' title="bbox 1908 4355 3502 5230">
    <p class='ocr_par' dir='ltr' id='par_1_15' title="bbox 1908 4355 3502 5230">
     <span class='ocr_line' id='line_1_69' title="bbox 1908 4355 3502 4441; baseline -0.003 -21"><span class='ocrx_word' id='word_1_396' title='bbox 1908 4365 2109 4420; x_wconf 89' lang='lat' dir='ltr'><strong>tuum.</strong></span> <span class='ocrx_word' id='word_1_397' title='bbox 2127 4355 2574 4430; x_wconf 89' lang='lat' dir='ltr'><strong>Consimiliter,</strong></span> <span class='ocrx_word' id='word_1_398' title='bbox 2587 4355 2924 4419; x_wconf 89' lang='lat' dir='ltr'><strong>delectatio</strong></span> <span class='ocrx_word' id='word_1_399' title='bbox 2951 4375 3405 4441; x_wconf 88' lang='lat' dir='ltr'><strong>nonnunquam</strong></span> <span class='ocrx_word' id='word_1_400' title='bbox 3433 4375 3502 4416; x_wconf 73' lang='lat'><strong>50.</strong></span> 
     </span>
     <span class='ocr_line' id='line_1_70' title="bbox 1912 4454 3400 4539; baseline 0.001 -20"><span class='ocrx_word' id='word_1_401' title='bbox 1912 4457 1977 4518; x_wconf 93' lang='lat' dir='ltr'><strong>in</strong></span> <span class='ocrx_word' id='word_1_402' title='bbox 2010 4456 2179 4519; x_wconf 91' lang='lat' dir='ltr'><strong>bono</strong></span> <span class='ocrx_word' id='word_1_403' title='bbox 2215 4455 2421 4537; x_wconf 89' lang='lat' dir='ltr'><strong>accipi</strong></span> <span class='ocrx_word' id='word_1_404' title='bbox 2463 4455 2644 4529; x_wconf 90' lang='lat' dir='ltr'><strong>solet,</strong></span> <span class='ocrx_word' id='word_1_405' title='bbox 2679 4454 2931 4518; x_wconf 89' lang='lat' dir='ltr'><strong>dicente</strong></span> <span class='ocrx_word' id='word_1_406' title='bbox 2964 4455 3345 4539; x_wconf 88' lang='lat' dir='ltr'><strong>Philosopho</strong></span> <span class='ocrx_word' id='word_1_407' title='bbox 3385 4475 3400 4520; x_wconf 84' lang='lat'>:</span> 
     </span>
     <span class='ocr_line' id='line_1_71' title="bbox 1910 4552 3407 4635; baseline 0.001 -19"><span class='ocrx_word' id='word_1_408' title='bbox 1910 4553 2316 4635; x_wconf 84' lang='lat' dir='ltr'><strong>Philosophia</strong></span> <span class='ocrx_word' id='word_1_409' title='bbox 2360 4552 2686 4615; x_wconf 88' lang='lat' dir='ltr'><strong>mirabiles</strong></span> <span class='ocrx_word' id='word_1_410' title='bbox 2725 4553 3178 4618; x_wconf 84' lang='lat' dir='ltr'><strong>delectationes</strong></span> <span class='ocrx_word' id='word_1_411' title='bbox 3214 4554 3407 4620; x_wconf 89' lang='lat' dir='ltr'><strong>habet</strong></span> 
     </span>
     <span class='ocr_line' id='line_1_72' title="bbox 1910 4651 3438 4733; baseline -0.003 -18"><span class='ocrx_word' id='word_1_412' title='bbox 1910 4653 2033 4715; x_wconf 90' lang='lat' dir='ltr'><strong>sibi</strong></span> <span class='ocrx_word' id='word_1_413' title='bbox 2064 4653 2407 4729; x_wconf 84' lang='lat' dir='ltr'><strong>admixtas;</strong></span> <span class='ocrx_word' id='word_1_414' title='bbox 2433 4651 2709 4733; x_wconf 88' lang='lat' dir='ltr'><strong>itemque</strong></span> <span class='ocrx_word' id='word_1_415' title='bbox 2728 4652 3018 4732; x_wconf 85' lang='lat' dir='ltr'><strong>:Signum</strong></span> <span class='ocrx_word' id='word_1_416' title='bbox 3039 4653 3292 4716; x_wconf 91' lang='lat' dir='ltr'><strong>virtutis</strong></span> <span class='ocrx_word' id='word_1_417' title='bbox 3311 4661 3408 4716; x_wconf 90' lang='lat' dir='ltr'><strong>est</strong></span> <span class='ocrx_word' id='word_1_418' title='bbox 3435 4705 3438 4710; x_wconf 91' lang='lat'><strong>.</strong></span> 
     </span>
     <span class='ocr_line' id='line_1_73' title="bbox 1912 4749 3408 4831; baseline -0.001 -17"><span class='ocrx_word' id='word_1_419' title='bbox 1912 4751 2252 4814; x_wconf 89' lang='lat' dir='ltr'><strong>delectatio</strong></span> <span class='ocrx_word' id='word_1_420' title='bbox 2285 4749 2448 4812; x_wconf 88' lang='lat' dir='ltr'><strong>siens</strong></span> <span class='ocrx_word' id='word_1_421' title='bbox 2483 4749 2545 4811; x_wconf 92' lang='lat' dir='ltr'><strong>in</strong></span> <span class='ocrx_word' id='word_1_422' title='bbox 2578 4767 2788 4831; x_wconf 87' lang='lat' dir='ltr'><strong>opere.</strong></span> <span class='ocrx_word' id='word_1_423' title='bbox 2825 4750 3150 4813; x_wconf 88' lang='lat' dir='ltr'><strong>Interdum</strong></span> <span class='ocrx_word' id='word_1_424' title='bbox 3183 4751 3249 4812; x_wconf 93' lang='lat' dir='ltr'><strong>in</strong></span> <span class='ocrx_word' id='word_1_425' title='bbox 3280 4770 3408 4813; x_wconf 88' lang='lat' dir='ltr'><strong>ma-</strong></span> 
     </span>
     <span class='ocr_line' id='line_1_74' title="bbox 1912 4847 3406 4930; baseline 0.001 -19"><span class='ocrx_word' id='word_1_426' title='bbox 1912 4850 2013 4913; x_wconf 92' lang='lat' dir='ltr'><strong>lo:</strong></span> <span class='ocrx_word' id='word_1_427' title='bbox 2049 4858 2120 4911; x_wconf 87' lang='lat' dir='ltr'><strong>ut</strong></span> <span class='ocrx_word' id='word_1_428' title='bbox 2149 4867 2348 4930; x_wconf 91' lang='lat' dir='ltr'><strong>quum</strong></span> <span class='ocrx_word' id='word_1_429' title='bbox 2382 4848 2512 4910; x_wconf 89' lang='lat' dir='ltr'><strong>vita</strong></span> <span class='ocrx_word' id='word_1_430' title='bbox 2541 4847 2906 4910; x_wconf 89' lang='lat' dir='ltr'><strong>bestialium</strong></span> <span class='ocrx_word' id='word_1_431' title='bbox 2939 4847 3267 4912; x_wconf 90' lang='lat' dir='ltr'><strong>hominum</strong></span> <span class='ocrx_word' id='word_1_432' title='bbox 3301 4866 3406 4913; x_wconf 89' lang='lat' dir='ltr'><strong>no-</strong></span> 
     </span>
     <span class='ocr_line' id='line_1_75' title="bbox 1916 4945 3406 5028; baseline 0 -18"><span class='ocrx_word' id='word_1_433' title='bbox 1916 4947 2196 5010; x_wconf 87' lang='lat' dir='ltr'><strong>minatur</strong></span> <span class='ocrx_word' id='word_1_434' title='bbox 2226 4945 2638 5027; x_wconf 84' lang='lat' dir='ltr'><strong>voluptuosa3</strong></span> <span class='ocrx_word' id='word_1_435' title='bbox 2661 4953 2724 5008; x_wconf 91' lang='lat' dir='ltr'><strong>et</strong></span> <span class='ocrx_word' id='word_1_436' title='bbox 2755 4963 2975 5007; x_wconf 88' lang='lat' dir='ltr'><strong>rursus</strong></span> <span class='ocrx_word' id='word_1_437' title='bbox 3002 4946 3406 5028; x_wconf 87' lang='lat' dir='ltr'><strong>:Temporale</strong></span> 
     </span>
     <span class='ocr_line' id='line_1_76' title="bbox 1914 5044 3403 5126; baseline 0.001 -19"><span class='ocrx_word' id='word_1_438' title='bbox 1914 5053 2011 5108; x_wconf 89' lang='lat' dir='ltr'><strong>est</strong></span> <span class='ocrx_word' id='word_1_439' title='bbox 2052 5045 2221 5126; x_wconf 92' lang='lat' dir='ltr'><strong>quod</strong></span> <span class='ocrx_word' id='word_1_440' title='bbox 2255 5044 2547 5117; x_wconf 89' lang='lat' dir='ltr'><strong>delectat,</strong></span> <span class='ocrx_word' id='word_1_441' title='bbox 2581 5049 2889 5106; x_wconf 83' lang='lat' dir='ltr'><strong>aeternum</strong></span> <span class='ocrx_word' id='word_1_442' title='bbox 2933 5044 3103 5126; x_wconf 90' lang='lat' dir='ltr'><strong>quod</strong></span> <span class='ocrx_word' id='word_1_443' title='bbox 3141 5045 3403 5108; x_wconf 88' lang='lat' dir='ltr'><strong>cruciat.</strong></span> 
     </span>
     <span class='ocr_line' id='line_1_77' title="bbox 1994 5140 3410 5230; baseline 0.001 -25"><span class='ocrx_word' id='word_1_444' title='bbox 1994 5144 2075 5205; x_wconf 84' lang='lat' dir='ltr'><strong>At</strong></span> <span class='ocrx_word' id='word_1_445' title='bbox 2105 5158 2258 5205; x_wconf 91' lang='lat' dir='ltr'><strong>vero</strong></span> <span class='ocrx_word' id='word_1_446' title='bbox 2289 5141 2382 5204; x_wconf 91' lang='lat' dir='ltr'><strong>ira</strong></span> <span class='ocrx_word' id='word_1_447' title='bbox 2409 5140 2810 5222; x_wconf 81' lang='lat' dir='ltr'><strong>frequentius</strong></span> <span class='ocrx_word' id='word_1_448' title='bbox 2853 5141 2918 5202; x_wconf 87' lang='lat' dir='ltr'><strong>in</strong></span> <span class='ocrx_word' id='word_1_449' title='bbox 2967 5142 3135 5205; x_wconf 89' lang='lat' dir='ltr'><strong>malo</strong></span> <span class='ocrx_word' id='word_1_450' title='bbox 3175 5144 3410 5230; x_wconf 68' lang='lat' dir='ltr'><strong>accipi-⁴</strong></span> 
     </span>
    </p>
   </div>
   <div class='ocr_carea' id='block_1_15' title="bbox 377 5237 3411 5325">
    <p class='ocr_par' dir='ltr' id='par_1_16' title="bbox 377 5237 3411 5325">
     <span class='ocr_line' id='line_1_78' title="bbox 377 5237 3411 5325; baseline -0.003 -12"><span class='ocrx_word' id='word_1_451' title='bbox 377 5244 729 5313; x_wconf 76' lang='lat' dir='ltr'><strong>Nomina</strong></span> <span class='ocrx_word' id='word_1_452' title='bbox 756 5243 1211 5325; x_wconf 74' lang='lat' dir='ltr'><strong>passionum</strong></span> <span class='ocrx_word' id='word_1_453' title='bbox 1240 5239 1809 5322; x_wconf 71' lang='lat' dir='ltr'><strong>multiplieiter</strong></span> <span class='ocrx_word' id='word_1_454' title='bbox 1917 5249 2042 5314; x_wconf 90' lang='lat' dir='ltr'><strong>tur,</strong></span> <span class='ocrx_word' id='word_1_455' title='bbox 2086 5247 2149 5302; x_wconf 93' lang='lat' dir='ltr'><strong>et</strong></span> <span class='ocrx_word' id='word_1_456' title='bbox 2195 5259 2396 5302; x_wconf 92' lang='lat' dir='ltr'><strong>unum</strong></span> <span class='ocrx_word' id='word_1_457' title='bbox 2426 5240 2504 5302; x_wconf 90' lang='lat' dir='ltr'><strong>de</strong></span> <span class='ocrx_word' id='word_1_458' title='bbox 2534 5237 2812 5321; x_wconf 88' lang='lat' dir='ltr'><strong>peccatis</strong></span> <span class='ocrx_word' id='word_1_459' title='bbox 2855 5240 3232 5304; x_wconf 89' lang='lat' dir='ltr'><strong>mortalibus</strong></span> <span class='ocrx_word' id='word_1_460' title='bbox 3270 5260 3411 5324; x_wconf 90' lang='lat' dir='ltr'><strong>per-</strong></span> 
     </span>
    </p>
   </div>
   <div class='ocr_carea' id='block_1_16' title="bbox 308 5343 765 5427">
    <p class='ocr_par' dir='ltr' id='par_1_17' title="bbox 308 5343 765 5427">
     <span class='ocr_line' id='line_1_79' title="bbox 308 5343 765 5427; baseline -0.02 -14"><span class='ocrx_word' id='word_1_461' title='bbox 308 5343 765 5427; x_wconf 69' lang='lat' dir='ltr'><strong>capiuntur.</strong></span> 
     </span>
    </p>
   </div>
   <div class='ocr_carea' id='block_1_17' title="bbox 1918 5337 3414 5420">
    <p class='ocr_par' dir='ltr' id='par_1_18' title="bbox 1918 5337 3414 5420">
     <span class='ocr_line' id='line_1_80' title="bbox 1918 5337 3414 5420; baseline 0.001 -19"><span class='ocrx_word' id='word_1_462' title='bbox 1918 5339 2212 5417; x_wconf 84' lang='lat' dir='ltr'><strong>hibetur3</strong></span> <span class='ocrx_word' id='word_1_463' title='bbox 2245 5356 2470 5400; x_wconf 82' lang='lat' dir='ltr'><strong>verum</strong></span> <span class='ocrx_word' id='word_1_464' title='bbox 2515 5337 2582 5398; x_wconf 92' lang='lat' dir='ltr'><strong>in</strong></span> <span class='ocrx_word' id='word_1_465' title='bbox 2625 5343 2936 5419; x_wconf 85' lang='lat' dir='ltr'><strong>quantum</strong></span> <span class='ocrx_word' id='word_1_466' title='bbox 2983 5338 3215 5420; x_wconf 89' lang='lat' dir='ltr'><strong>passio,</strong></span> <span class='ocrx_word' id='word_1_467' title='bbox 3257 5339 3414 5402; x_wconf 90' lang='lat' dir='ltr'><strong>dicit</strong></span> 
     </span>
    </p>
   </div>
   <div class='ocr_carea' id='block_1_18' title="bbox 4278 2094 4282 5300">
    <p class='ocr_par' dir='ltr' id='par_1_19' title="bbox 4278 2094 4282 5300">
     <span class='ocr_line' id='line_1_81' title="bbox 4278 2094 4282 5300; baseline 0 0"><span class='ocrx_word' id='word_1_468' title='bbox 4278 2094 4282 5300; x_wconf 95' lang='lat' dir='ltr'><strong> </strong></span> 
     </span>
    </p>
   </div>
   <div class='ocr_carea' id='block_1_19' title="bbox 4280 5443 4282 5950">
    <p class='ocr_par' dir='ltr' id='par_1_20' title="bbox 4280 5443 4282 5950">
     <span class='ocr_line' id='line_1_82' title="bbox 4280 5443 4282 5950; baseline 0 0"><span class='ocrx_word' id='word_1_469' title='bbox 4280 5443 4282 5950; x_wconf 95' lang='lat' dir='ltr'><strong> </strong></span> 
     </span>
    </p>
   </div>
  </div>
 </body>
</html>
