4300 6259
103 2962 124 3004 1
153 2961 296 3003 Tim.
318 2972 362 3012 ι,
385 2961 443 3000 5.

1300 499 1724 546 maxumum
1761 497 2163 546 Tnssotooma.
2208 515 2285 530 -··
2328 501 2409 547 DE
2450 502 2803 552 vmrmlnus

3482 483 3604 548 225

483 665 778 748 ligenter
822 668 1166 744 abstinere,
1216 675 1408 752 atque
1457 687 1574 752 pro
1631 669 1790 752 ipsis
1846 685 2000 752 quo-
2029 666 2080 731 A
2111 687 2225 732 seu
2276 671 2521 746 civileS,
2574 673 2639 734 in
2688 673 2959 738 virtutes
3005 689 3259 755 quoque
3318 677 3607 754 purgato-

483 765 762 828 tidianis
821 767 1108 848 quotidie
1163 768 1568 848 satisfacere3
1615 767 1680 830 in
1740 767 2002 830 Deitatis
2109 768 2259 842 rias,
2290 776 2353 831 et
2394 770 2457 832 in
2498 771 2766 834 virtutes
2806 771 3059 854 purgati
3101 769 3321 832 animi.
3355 769 3607 832 Etenim

481 863 866 944 cognitione
921 864 1193 928 formata
1241 865 1578 948 proficere,
1632 865 1826 927 Deum
1887 881 2002 946 pro

477 979 634 1024 suae
673 961 954 1026 caritatis
988 970 1332 1045 augmento
1368 963 1558 1026 anxie
1595 981 1670 1024 ac
1708 962 2004 1044 frequen-

472 1058 750 1122 tissime
798 1060 1118 1136 invocare,
1166 1062 1244 1124 ad
1294 1062 1510 1144 ipsum
1559 1061 1880 1144 suspirare
1929 1079 2002 1122 ac

473 1175 780 1238 gemere,
812 1159 871 1222 ei
903 1159 970 1223 in
1001 1160 1302 1223 omnibus
1339 1159 1832 1241 vigilantissime
1860 1159 2006 1222 obe-

477 1255 666 1330 dire,
705 1265 770 1320 et
811 1257 1127 1340 quidquid
1171 1258 1236 1320 in
1281 1257 1590 1322 creaturis
1635 1257 2002 1340 pulchrum,

473 1352 718 1428 dulce,
748 1354 1026 1418 amabile
1063 1356 1364 1430 occurrit,
1404 1356 1484 1418 ad
1527 1355 1730 1438 ipsius
1769 1353 2006 1418 referre

473 1470 574 1514 ac
607 1453 904 1516 ordinare
941 1472 1244 1518 amorem.
1277 1489 1360 1500 --
1387 1455 1674 1526 Interim,
1707 1453 1846 1516 sine
1886 1453 2006 1515 hac

477 1551 772 1614 caritate
817 1559 1046 1616 cetera>
1093 1552 1362 1616 virtutes
1411 1559 1754 1614 censentur
1813 1550 2008 1614 infor-

479 1667 648 1711 mes
673 1667 692 1728 ;
741 1649 1156 1712 vivificantur
1199 1657 1439 1725 autem,
1490 1649 1850 1713 excitantur
1899 1649 2011 1711 im-

479 1748 966 1830 perialiterque
1034 1757 1373 1812 moventur
1427 1768 1466 1811 a
1523 1748 1808 1820 caritate,
1867 1766 2010 1830 quae

2112 864 2429 930 universae
2492 867 2763 931 virtutes
2830 870 2896 931 in
2964 868 3091 931 Deo
3158 866 3611 948 exemplariter

2111 961 2529 1045 idealiterque
2574 965 2980 1028 consistunt:
3015 972 3080 1027 et
3122 971 3313 1047 prout
3357 963 3423 1026 in
3470 962 3611 1044 ipso

2111 1068 2283 1135 sunt,
2316 1063 2715 1145 exemplares
2753 1070 3081 1138 vocantur,
3117 1064 3203 1125 ita
3239 1062 3411 1144 quod
3453 1061 3613 1124 ratio

2113 1158 2337 1222 idealis
2395 1177 2661 1243 operum
2712 1162 2823 1225 Dei
2882 1162 2947 1223 in
3004 1169 3219 1224 mente
3268 1160 3613 1243 splendens

2114 1256 2351 1334 divina,
2383 1266 2793 1342 nuncupatur
2830 1258 3215 1342 exemplaris
3248 1256 3610 1340 prudentia,

2115 1374 2309 1437 quam
2340 1355 2628 1419 imitatur
2666 1357 2877 1421 omnis
2912 1365 3217 1420 creaturae
3258 1355 3615 1419 intellectu-

2115 1453 2235 1518 alis
2278 1454 2639 1537 prudentia,
2671 1455 2726 1518 si
2773 1454 2967 1518 fuerit
3008 1455 3215 1518 virtus
3253 1473 3403 1518 vera
3435 1472 3449 1516 ε
3486 1454 3616 1516 imo

2117 1553 2431 1636 quidquid
2490 1555 2883 1638 participatae
2939 1553 3299 1637 prudentiae
3354 1559 3619 1636 apparet

2119 1653 2185 1714 in
2245 1650 2473 1726 brutiS,
2524 1671 2562 1714 a
2608 1652 2869 1716 fontana
2928 1652 3039 1714 illa
3086 1652 3473 1734 impressum
3524 1657 3621 1714 est

2117 1756 2183 1812 et
2238 1749 2550 1832 profluxit
2606 1752 2963 1834 prudentia.
3016 1751 3461 1834 Temperantia
3518 1750 3623 1812 de·

473 1846 802 1909 omnium
833 1853 930 1909 est
960 1846 1196 1928 regina.
1229 1847 1682 1910 Verumtamen
1714 1853 1888 1908 tanta
1913 1853 2011 1908 est
2044 1843 2093 1908 B
2121 1867 2301 1912 mum
2358 1849 2423 1911 in
2482 1849 2631 1923 Deo,
2686 1857 2785 1912 est
2844 1849 3232 1912 moderatrix
3286 1857 3351 1912 et
3407 1849 3621 1912 mode·

471 1944 866 2008 similitudo
922 1944 1228 2008 naturalis
1285 1945 1520 2008 amoris
1567 1944 1647 2006 ad
1697 1943 2008 2018 infusum,

477 2044 686 2126 quod
715 2044 880 2106 inter
907 2061 1016 2106 eos
1047 2043 1410 2106 discernere
1439 2061 1569 2106 non
1599 2043 1907 2106 valemus.

579 2142 934 2216 Postremo,
979 2142 1060 2205 ad
1117 2141 1470 2216 caritatem,
1521 2141 1876 2224 praesertim
1932 2140 2012 2202 ad

469 2240 650 2320 ejus
685 2237 1044 2322 profectum
1079 2248 1142 2302 et
1171 2240 1657 2322 perfectionem,
1681 2257 1874 2303 omne
1905 2238 2012 2302 bo-

471 2357 668 2402 num
701 2338 870 2420 quod
898 2337 1170 2419 agimuS,
1201 2346 1266 2400 et
1295 2346 1528 2400 cuncta
1556 2356 1698 2419 quae
1729 2335 2012 2399 laudabi-

473 2437 656 2499 liter
689 2436 990 2518 patimur,
1027 2436 1320 2499 ordinare
1359 2436 1670 2498 debemus
1707 2443 2012 2518 tanquam

469 2538 576 2600 ad
621 2536 874 2615 finem3
904 2537 1121 2600 omnia
1159 2537 1312 2599 item
1355 2554 1594 2618 ponere
1633 2536 1755 2599 sub
1792 2537 2014 2599 ordine

475 2634 719 2698 divini
748 2634 1006 2708 amoris,
1032 2635 1117 2696 ita
1147 2643 1218 2696 ut
1247 2633 1410 2697 nihil
1439 2653 1823 2716 quaeramus,
1846 2641 2018 2716 opte-

481 2755 660 2798 mus
705 2742 815 2797 aut
854 2735 1220 2810 timeamus,
1266 2735 1391 2796 nisi
1439 2735 1504 2796 in
1549 2743 1860 2816 quantum
1905 2752 2020 2816 per

481 2835 682 2898 illud
732 2833 797 2896 in
845 2834 956 2897 Dei
1006 2851 1224 2897 amore
1271 2833 1588 2916 proficere
1647 2851 2013 2916 possumus,

479 2934 664 2996 Ideo
706 2932 866 2994 dixit
908 2932 1248 3014 Apostolus
1295 2949 1308 2994 :
1357 2931 1528 2994 Finis
1579 2931 1880 3013 praecepti
1923 2938 2021 2993 est

2117 1947 2485 2010 rantissima
2539 1947 2651 2010 illa
2706 1947 3231 2030 concupiscibilis
3290 1945 3623 2010 conversio

2121 2045 2494 2108 intentionis
2552 2045 2785 2108 divinae
2840 2045 2919 2108 ad
2977 2063 3045 2108 se
3102 2045 3309 2127 ipsam
3358 2044 3618 2107 reflexa.

2121 2141 2447 2206 Fortitudo
2492 2151 2707 2206 autem
2757 2143 2823 2205 in
2870 2143 3019 2218 Deo,
3058 2151 3157 2206 est
3202 2143 3621 2206 incommuta·

2125 2240 2277 2304 bilis
2332 2241 2801 2324 omnipotentia
2856 2239 2998 2322 ejus
3058 2240 3123 2302 in
3183 2240 3359 2304 omni
3428 2240 3619 2304 bono.

2121 2339 2377 2402 Justitia
2412 2357 2563 2402 vero
2612 2339 2676 2402 in
2726 2339 2877 2412 DeO,
2910 2347 3007 2402 est
3053 2338 3413 2402 observatio
3464 2338 3623 2420 legis

2123 2445 2377 2501 aeternae
2409 2437 2473 2500 in
2504 2437 2637 2500 suis
2668 2437 2991 2519 operibus.
3016 2437 3468 2500 Verumtamen
3501 2437 3627 2500 vir·

2123 2544 2295 2598 tutes
2326 2537 2461 2598 istae
2502 2536 2773 2598 morales
2812 2543 2875 2598 et
2914 2535 3267 2598 cardinales
3308 2536 3526 2598 stricte
3565 2542 3631 2598 et

2126 2634 2385 2717 proprie
2414 2641 2913 2715 sumptae,prout
2941 2633 3111 2695 circa
3144 2633 3470 2715 passiones
3497 2651 3631 2697 ver-

2127 2740 2371 2806 santur,
2406 2749 2533 2795 non
2576 2739 2727 2793 sunt
2768 2730 2833 2792 in
2874 2730 3025 2806 Deo,
3058 2738 3129 2792 ut
3170 2747 3341 2794 nono
3378 2730 3629 2793 Ethico-

2129 2849 2272 2893 rum
2317 2830 2543 2913 probat
2583 2828 3023 2912 Philosophus.
3368 2881 3377 2886 .

2209 2926 2536 2998 Praeterea,
2588 2925 2821 2988 divisio
2865 2926 2985 2988 ista
3028 2925 3339 2988 virtutum
3392 2925 3457 2988 in
3508 2924 3631 2988 vir-

481 3030 752 3094 eat-itas
781 3031 858 3092 de
888 3030 1078 3093 corde
1107 3046 1291 3112 puro,
1315 3036 1381 3090 et
1408 3028 1800 3092 conscientia
1829 3028 2016 3102 bona,
2056 3026 2099 3089 C
2131 3033 2334 3087 tutem
2386 3023 2737 3106 politicam,
2794 3024 3247 3106 purgatoriam,
3300 3023 3629 3105 animique

483 3136 570 3192 et
619 3127 762 3191 fide
803 3145 932 3191 non
973 3128 1144 3190 ficta.

873 3335 1393 3400 PROPOSITIO
1439 3333 1670 3399 CLIII.

583 3521 730 3586 Ad
783 3519 1190 3585 hominem
1230 3518 1326 3584 nt
1372 3518 1494 3584 est
1538 3513 1842 3583 animal
1894 3527 2020 3580 ra-

469 3617 822 3686 tionale
889 3629 982 3682 ao
1049 3614 1368 3696 sociale,
1428 3613 1797 3694 spectant
1856 3613 2021 3676 vir-

469 3719 740 3784 tutes
789 3713 1140 3796 politieae
1175 3733 1196 3794 ;
1250 3713 1336 3778 in
1388 3711 1776 3793 qnantum
1824 3722 2018 3775 vero

467 3813 971 3898 spiritualis
1009 3811 1216 3879 effici
1257 3810 1549 3890 incipit
1602 3810 1686 3876 et
1731 3810 1833 3877 ad
1874 3809 2020 3874 im-

469 3911 976 3981 materialia
1029 3923 1124 3976 ao
1182 3908 1460 3974 divina
1519 3919 2018 3988 consurgere,

469 4010 926 4096 pertinent
953 4008 1054 4074 ad
1081 4007 1448 4074 eumdem
1467 4005 1822 4072 virtutes
1841 4020 2018 4086 pur-

469 4109 876 4193 gatoriae,
919 4120 1092 4188 qnae
1141 4104 1402 4172 adhuc
1455 4104 1672 4170 circa
1723 4105 2016 4184 passio-

2131 3123 2405 3205 purgati,
2441 3139 2567 3185 non
2600 3129 2698 3184 est
2725 3120 2961 3184 divisio
2990 3121 3246 3184 virtutis
3287 3120 3351 3182 in
3384 3121 3632 3204 species

2129 3219 2527 3294 differentes,
2584 3220 2697 3282 sed
2745 3219 2979 3282 divisio
3032 3219 3289 3283 virtutis
3340 3219 3631 3300 ejusdem

2129 3319 2487 3382 secundum
2518 3325 2717 3381 status
2748 3325 2813 3380 et
2849 3317 3083 3398 gradus
3124 3316 3461 3380 distinctos
3494 3333 3509 3380 ε
3545 3317 3633 3379 ita

2129 3417 2302 3498 quod
2372 3416 2597 3479 eadem
2664 3416 2871 3478 virtus
2940 3415 3295 3479 secundum
3360 3415 3631 3496 gradum

2131 3533 2321 3578 suum
2382 3513 2707 3588 infimum,
2758 3529 2887 3596 quo
2944 3513 3221 3596 pertinet
3276 3514 3355 3576 ad
3405 3513 3632 3596 incipi-

2129 3621 2333 3686 enteS,
2387 3620 2649 3676 vocatur
2705 3611 3003 3694 politica3
3058 3611 3423 3694 purgatoria
3479 3628 3632 3674 vero

2129 3711 2487 3774 secundum
2534 3711 2801 3792 gradum
2854 3709 3161 3783 medium,
3211 3727 3341 3792 quo
3387 3717 3633 3792 spectat

2128 3810 2209 3872 ad
2248 3809 2705 3892 proficientes;
2737 3816 2929 3889 atque
2968 3807 3321 3870 secundum
3362 3808 3631 3889 gradum

2129 3927 2321 3972 suum
2360 3907 2623 3970 tertium
2662 3924 2737 3968 ac
2776 3923 3175 3988 supremum,
3207 3922 3337 3986 quo
3374 3923 3633 3968 concer-

2129 4008 2225 4070 nit
2285 4004 2624 4088 perfectos,
2684 4002 3045 4086 appellatur
3112 4002 3359 4085 purgati
3429 4003 3631 4067 animi

2131 4106 2357 4168 virtus.
2406 4103 2651 4186 Nempe
2708 4110 2837 4164 tres
2886 4107 3087 4164 status
3136 4119 3467 4164 servorum
3517 4101 3629 4166 Dei

465 4224 714 4280 num
741 4205 1358 4274 refrenationem
1395 4205 1480 4270 et
1517 4200 2020 4269 rectificatio-
2049 4211 2100 4276 D
2129 4211 2477 4288 ponuntur,
2521 4211 2677 4285 puta
2717 4207 2917 4263 status
2968 4199 3439 4283 incipientium,
3488 4218 3628 4284 pro-

467 4322 706 4379 nem
733 4306 1028 4387 partim
1056 4304 1247 4370 sunt
1275 4303 1700 4383 occupatae,
1721 4300 2020 4381 partim

467 4418 828 4492 quoque
857 4403 956 4470 ad
986 4402 1264 4469 divina
1283 4402 1566 4468 ereotae
1594 4402 1822 4482 sunt3
1844 4414 2018 4480 por·

467 4521 604 4576 ro
662 4503 1020 4569 virtutes
1070 4501 1393 4582 purg-ati
1450 4499 1700 4566 animi
1742 4501 1842 4567 ad
1885 4499 2019 4565 ho-

469 4606 822 4675 minem
892 4601 1298 4683 pertinent
1372 4597 1544 4680 jam
1626 4595 2018 4678 divinum,

473 4699 1262 4781 contemplativum,
1306 4697 1719 4764 heroicum
1763 4695 2021 4763 excel-

474 4803 936 4881 lenterque
975 4795 1520 4864 reformatum.

597 4901 846 4979 Itaque,
895 4895 1064 4958 sicut
1120 4895 1402 4958 secundo
1449 4913 1640 4976 super
1685 4894 2018 4957 Somnium

475 4996 847 5081 Scipionis
911 4995 1002 5056 ait
1065 4993 1443 5066 Macrobius,
1502 4993 1788 5056 Plotinus
1857 4994 2022 5056 inter

473 5093 948 5187 philosophiae
979 5093 1370 5176 professores
1399 5110 1546 5154 cum
1575 5090 1828 5154 Platone
1857 5091 2024 5174 prin-

473 5217 696 5282 ceps,
747 5193 1020 5278 partitur
1065 5191 1334 5254 virtutes
1383 5190 1448 5252 in
1496 5190 1765 5253 virtutes
1812 5209 2024 5254 exem-

473 5298 738 5386 plares
775 5309 888 5354 seu
929 5288 1188 5362 ideales,
1219 5296 1286 5349 et
1323 5287 1392 5350 in
1429 5287 1696 5350 virtutes
1727 5286 2020 5370 politicas

773 5425 838 5475 T.
875 5425 954 5474 33.

2128 4301 2515 4374 ficientium,
2568 4297 2999 4382 perfectorum
3051 4315 3065 4360 ε
3118 4297 3205 4360 ita
3252 4299 3423 4381 quod
3472 4299 3624 4362 inci·

2128 4399 2445 4484 pientium
2496 4405 2593 4461 est
2638 4417 2675 4460 a
2719 4396 2895 4461 vitiis
2944 4396 3477 4480 passionibusque
3524 4417 3619 4464 re·

2127 4496 2767 4572 cedere,assumendo
2794 4503 2857 4558 et
2885 4494 3243 4558 inchoando
3266 4495 3397 4576 jam
3429 4515 3623 4581 opera

2128 4597 2334 4676 bona3
2368 4594 2847 4678 proficientium
2885 4609 3036 4656 vero
3076 4598 3171 4654 est
3210 4592 3622 4659 incrementis

2127 4703 2319 4777 atque
2379 4691 2772 4777 profectibus
2820 4691 3133 4753 virtutum
3182 4691 3623 4774 principaliter

2129 4793 2426 4856 insudare
2454 4809 2471 4872 ;
2504 4790 2935 4874 perfectorum
2978 4796 3193 4850 autem
3237 4788 3304 4851 in
3349 4791 3624 4855 termino

2129 4889 2520 4954 excellentiae
2548 4895 2732 4950 stare.
2766 4885 2979 4949 Nihilo
3012 4885 3225 4948 minus
3254 4902 3477 4950 omnes
3516 4889 3622 4953 isti

2131 4991 2419 5071 indigent
2449 4987 2907 5060 indesinenter,
2931 4984 3239 5066 quamdiu
3263 4986 3326 5048 in
3348 5006 3623 5068 praesen..

2130 5091 2177 5152 ti
2226 5091 2465 5169 degunt
2511 5085 2759 5158 exsili0,
2811 5102 2848 5145 a
2892 5083 3101 5164 culpis
3156 5102 3225 5146 se
3283 5103 3431 5150 cum
3481 5087 3623 5150 dili-

2129 5188 2343 5270 gentia
2388 5194 2452 5248 et
2508 5192 2739 5248 conatu
2796 5180 3184 5257 abstrahere,
3234 5183 3459 5247 saltem
3516 5205 3625 5250 ve-

2131 5285 2647 5366 nialibuS,quum
2680 5299 2808 5344 non
2838 5280 2921 5343 sit
2949 5279 3139 5346 homo
3168 5299 3361 5364 super
3387 5289 3621 5350 terram
3648 5320 3719 5363 ῃ,

3314 5417 3376 5466 15

3676 5249 3829 5296 Eccle-
3844 5264 3919 5306 vu,
