4300 6259
621 3608 760 3652 Hebr.

909 465 1032 532 220
1714 487 2136 535 BLRMENTATIO
2176 487 2571 535 THEOLOGIGA.
2622 504 2697 520 -
2739 489 2818 536 ΒΕ
2860 491 3213 538 leTUTIBus

911 657 1021 720 sed
1068 666 1452 740 exspectata,
1486 660 1814 741 objectum
1843 668 1939 724 est
1969 660 2125 743 spei.
2166 661 2241 724 Et
2269 680 2405 723 rur·
2434 658 2485 722 A
2517 680 2644 726 non
2676 662 2740 725 in
2770 670 3019 727 tantum
3047 663 3300 727 excedit
3326 664 3743 747 capacitatem
3774 659 3997 724 intelle-

910 774 1040 830 suS,
1074 756 1240 819 Deus
1271 760 1624 821 secundum
1653 760 1822 840 quod
1853 759 2102 836 bonitas
2133 777 2402 833 summa,

909 851 1496 936 incomparabiliter
1523 856 2243 938 praeamanda‚nondum
2274 875 2411 940 pos-

909 970 1083 1014 sessa
1113 953 1520 1036 perfecteque
1550 954 1766 1028 fruita,
1802 955 1912 1017 sed
1944 955 2227 1034 finaliter
2259 973 2404 1018 con-

907 1050 1145 1132 cupita,
1177 1051 1500 1133 objectum
1535 1060 1632 1115 est
1662 1053 1944 1116 caritatis
1975 1055 2040 1116 in
2072 1054 2193 1117 via.
2218 1055 2406 1117 Porro

906 1147 973 1209 in
1005 1150 1209 1230 patria
1240 1150 1410 1213 idem
1441 1151 2057 1233 superdignissimus
2091 1153 2257 1215 Deus
2295 1151 2405 1215 ob-

901 1245 1148 1326 jectum
1186 1255 1284 1310 est
1320 1248 1517 1312 trium
1567 1268 1708 1331 quae
1757 1250 2110 1312 succedunt
2157 1249 2406 1313 actibus

905 1341 1408 1422 theologicarum
1475 1344 1788 1406 virtutum
1856 1345 1922 1406 in
1989 1345 2215 1427 patria,
2286 1345 2405 1406 sub

905 1439 1048 1502 aliis
1092 1439 1469 1515 rationibus,
1519 1451 1720 1523 puta:
1756 1441 2070 1506 beatificae
2114 1443 2403 1518 visioniS,

906 1556 1049 1618 quae
1079 1536 1236 1600 fidei
1267 1546 1332 1601 et
1359 1539 1528 1601 actui
1562 1539 1703 1620 ejus
1737 1541 2047 1614 succedit,
2081 1547 2272 1623 prout
2314 1547 2411 1603 est

905 1634 1139 1697 veritas
1186 1635 1394 1717 prima
1439 1656 1554 1718 per
1597 1637 1879 1719 speciem
1926 1639 2198 1719 cognita,
2241 1647 2305 1702 et
2343 1640 2408 1701 in

905 1751 1020 1794 sua
1069 1733 1345 1795 essentia
1395 1733 1762 1798 immediate
1811 1754 1883 1798 ac
1934 1736 2202 1818 limpide
2250 1736 2405 1798 visa.

2517 768 2657 823 ctus
2688 769 2759 824 ut
2787 762 3321 825 creditum.Fides
3352 781 3502 845 ergo
3532 763 3827 824 increatae
3854 760 3995 822 veri-

2514 859 2629 921 tati
2662 859 2977 934 innititur,
3007 879 3127 923 nec
3156 860 3400 943 aliquid
3440 860 3643 923 credit
3672 859 3794 921 nisi
3826 865 3995 940 prout

2516 976 2553 1019 a
2594 957 2801 1039 prima
2848 958 3116 1020 veritate
3157 959 3487 1021 descendit
3524 965 3636 1021 aut
3674 955 3992 1019 revelatur.

2515 1055 2776 1117 Interim
2816 1056 2895 1118 de
2934 1057 3157 1118 eadem
3200 1075 3267 1118 re
3308 1063 3515 1138 potest
3551 1055 3796 1137 aliquid
3842 1053 3996 1115 credi

2518 1160 2582 1215 et
2610 1153 2759 1214 sciri
2782 1171 2795 1215 :
2816 1153 2981 1216 sicut
3002 1154 3080 1216 de
3101 1154 3229 1216 Deo
3259 1154 3582 1216 credimus
3610 1153 3781 1235 quod
3810 1152 3998 1214 trinus

2518 1251 2602 1312 sit
2632 1250 2698 1312 in
2732 1251 3041 1332 personis,
3076 1259 3139 1313 et
3168 1251 3431 1325 scimuS,
3464 1251 3691 1314 saltem
3732 1269 3771 1312 a
3812 1256 3999 1331 poste-

2517 1348 2879 1431 riori,quod
2912 1348 2977 1410 in
3009 1349 3285 1412 essentia
3319 1368 3489 1412 unus
3518 1349 3602 1411 sit
3632 1355 3695 1411 et
3723 1355 3998 1411 aeternuS.

2519 1446 2751 1529 Sicque
2797 1447 2966 1510 idem
3017 1454 3316 1509 censetur
3362 1447 3686 1527 objectum
3737 1445 3888 1508 fidei
3924 1452 4000 1506 at—

2518 1562 2645 1626 que
2715 1543 3019 1617 scientiae,
3091 1544 3260 1606 idem
3328 1544 3517 1626 plane
3590 1542 3999 1612 materialiter,

2519 1648 2673 1723 puta
2714 1642 2937 1704 eadem
2976 1660 3100 1716 rea,
3133 1660 3261 1705 non
3307 1642 3682 1716 formaliter,
3718 1641 3870 1724 quia
3896 1639 4001 1702 sub

2519 1739 2643 1801 alia
2685 1746 2749 1800 et
2788 1739 2914 1802 alia
2958 1740 3221 1803 ratione.

906 1829 1231 1894 Tentionis
1272 1849 1424 1894 vero
1464 1851 1576 1895 seu
1620 1833 2235 1915 comprehensioniS,
2269 1854 2409 1916 quae
2438 1835 2485 1897 Β
2601 1836 2791 1900 Porro
2820 1845 2997 1899 actus
3029 1837 3185 1900 fidei
3217 1846 3316 1901 est
3352 1837 3730 1921 protestatio
3768 1836 4003 1900 creden-

905 1929 1045 2010 spei
1092 1929 1401 2003 succedit,
1447 1931 1774 2011 objectum
1819 1939 1936 2007 est,
1987 1933 2052 1994 in
2098 1940 2409 2014 quantum

905 2027 1232 2090 beatitudo
1289 2048 1542 2092 summa
1608 2030 1797 2112 plene
1853 2031 1952 2111 (ut
2011 2031 2413 2113 sperabatur)

905 2126 1152 2206 adepta.
1201 2126 1391 2188 Porro
1439 2127 1763 2190 fruitionis
1806 2136 2011 2191 exstat
2056 2129 2405 2210 objectum,

908 2222 1265 2284 secundum
1298 2224 1468 2304 quod
1501 2243 1828 2288 summum
1863 2226 2104 2288 bonum
2143 2227 2277 2307 jam
2319 2226 2408 2289 fe-

913 2319 1122 2382 liciter
1163 2321 1591 2402 degustatum.
1675 2345 1680 2351 ·

1201 2530 1721 2597 PROPOSITIO
1768 2532 2125 2597 CXLVIII.

992 2715 1229 2782 Fides
1270 2715 1668 2782 catholica
1725 2718 1847 2782 est
1895 2717 2164 2784 virtus
2207 2718 2411 2783 divi-

912 2826 1036 2892 na,
1069 2814 1342 2879 radius
1385 2815 1663 2893 primae
1706 2815 2106 2896 veritatis,
2137 2815 2413 2881 lumen

909 2911 1323 2990 sapientiae
1354 2912 1749 2990 increatae,
1773 2912 2277 2978 intellectum
2307 2915 2412 2977 11·-

2521 1934 2746 1997 dorum
2771 1952 2784 1996 :
2809 1954 2951 2017 quae
2982 1936 3340 1998 necessaria
3367 1944 3463 1998 est
3482 1935 3853 2018 adsalutem
3883 1934 4003 1996 loco

2522 2039 2585 2094 et
2617 2040 2901 2114 tempore
2932 2041 3311 2115 opportuno.
3346 2035 3588 2096 Rursus
3618 2033 3854 2096 dicitur
3880 2049 4003 2094 esse

2520 2129 2756 2211 triplex
2787 2129 2943 2192 fidei
2985 2138 3186 2204 actuS,
3219 2130 3544 2205 videlicet,
3578 2132 3839 2194 eredere
3868 2130 4001 2201 Deo,

2522 2226 2780 2289 credere
2810 2226 3029 2300 Deum,
3042 2234 3106 2288 et
3136 2228 3395 2290 credere
3426 2227 3491 2289 in
3525 2228 3843 2290 Deum.At
3870 2244 4004 2288 vero

2520 2325 2746 2387 caritas
2775 2325 3135 2406 appellatur
3163 2325 3391 2398 forma,
3424 2325 3577 2401 vita,
3610 2326 3825 2399 decor,
3856 2341 4005 2386 com-

2521 2423 2919 2506 plementum
2950 2430 3013 2486 et
3044 2423 3354 2506 perfectio
3381 2423 3761 2487 fidei.Fides
3790 2423 4004 2486 etenim

2520 2520 2659 2582 sine
2688 2520 2947 2583 caritate
2978 2521 3298 2603 spirituali
3331 2528 3583 2585 mortua
3624 2520 4002 2604 perhibetur,

2522 2617 2818 2680 informis
2848 2627 2910 2681 et
2944 2619 3281 2697 indecora3
3316 2619 3565 2682 caritati
3609 2637 3764 2682 vero
3801 2619 4005 2699 adjun-

2521 2725 2643 2788 cta,
2680 2723 2941 2778 vocatur
2983 2716 3272 2779 formata.
3316 2716 3476 2778 Hinc
3522 2717 3763 2799 duplex
3806 2715 4009 2778 asseri-

2523 2821 2627 2874 tur
2669 2832 2808 2875 esse
2850 2813 3035 2886 fides,
3070 2822 3222 2896 puta
3265 2815 3562 2878 informis
3600 2822 3665 2878 et
3702 2815 4005 2878 formata:

2521 2918 2743 2992 estque
2784 2912 3208 2975 essentialiter
3248 2921 3311 2976 et
3353 2913 3769 2976 habitualiter
3805 2913 4009 2975 eadem

908 3008 1231 3074 radians
1271 3011 1354 3074 et
1394 3009 1789 3075 inclinans
1832 3011 1932 3075 ad
1985 3012 2411 3076 assentien-
2448 3011 2490 3074 C
2522 3027 2789 3073 numero
2832 3009 3019 3084 fides,
3052 3011 3532 3074 accidentaliter
3569 3011 3881 3074 differens
3916 3029 4010 3092 pe-

909 3105 1100 3171 dum
1123 3105 1618 3188 firmiterque
1649 3107 2214 3173 adhaerendum
2244 3109 2411 3174 uni-

908 3202 1170 3269 versis
1198 3219 1371 3284 quae
1402 3205 1612 3271 Deus
1639 3206 1857 3270 credi
1899 3207 2281 3286 praecepit
2321 3221 2412 3271 ac

909 3303 1334 3369 revelavit.

994 3398 1104 3461 Est
1171 3399 1363 3480 igitur
1421 3400 1646 3462 oculus
1709 3401 1939 3463 mentis
1999 3400 2281 3481 dirigens
2338 3419 2411 3463 ac

914 3499 1236 3560 deducens
1267 3498 1344 3560 ad
1377 3499 1648 3580 patriam
1683 3499 1988 3561 claritatis
2019 3507 2289 3562 aeternae.
2323 3500 2412 3562 Ac

773 3623 830 3660 xi.
873 3595 1092 3676 ‚juxta
1133 3595 1530 3677 Apostolum,
1573 3595 1736 3660 fides
1782 3604 1878 3659 est
1921 3597 2275 3660 substantia
2317 3617 2411 3660 re-

913 3711 1055 3754 rum
1089 3695 2032 3775 sperandarum,argumentum
2065 3712 2193 3757 non
2223 3714 2413 3777 appa-

913 3790 1213 3854 rentium.
1267 3791 1655 3866 Substantia,
1709 3793 1996 3874 inquam,
2051 3793 2116 3855 id
2178 3801 2273 3855 est
2324 3793 2416 3855 in-

912 3889 1162 3953 choatio
1221 3891 1511 3971 quaedam
1571 3899 1635 3953 et
1693 3890 2210 3965 fundamentum,
2260 3900 2415 3973 puta

909 3987 1184 4050 obscura
1213 3987 1457 4060 notitia,
1493 3987 1882 4062 divinorum,
1916 4008 2057 4070 quae
2102 3989 2168 4051 in
2213 3990 2417 4071 patria

910 4085 1080 4148 clare
1120 4086 1492 4166 conspicere
1539 4087 1729 4148 modo
1773 4086 2185 4149 confidimus.
2222 4087 2417 4168 Argu-

911 4190 1200 4246 mentum
1234 4201 1357 4246 non
1391 4183 1860 4264 apparentium,
1897 4184 1958 4245 id
1990 4192 2085 4247 est
2125 4179 2418 4266 probatio
2449 4186 2495 4247 D
2528 4185 2729 4248 braeos
2788 4185 3187 4267 deprompsit
3233 4186 3573 4266 Apostolus
3634 4203 3649 4248 t
3708 4187 4015 4250 Acceden-
4040 4201 4231 4251 nesam.

2504 4290 2656 4345 -tem
2700 4283 3061 4365 (inquiens)
3099 4285 3177 4346 ad
3216 4285 3418 4347 Deum
3468 4292 3721 4366 oportet
3770 4286 4017 4348 credere

911 4281 1200 4362 quaedam
1253 4279 1677 4343 invisibilium
1732 4298 1746 4343 ε
1800 4283 1952 4364 quia
1999 4302 2200 4364 quum
2262 4282 2415 4345 fidei

910 4397 1055 4460 quae
1085 4384 1181 4441 est
1209 4379 1414 4440 virtus
1453 4396 1582 4441 non
1624 4379 1831 4442 subsit
1869 4380 2124 4455 falsum,
2159 4399 2235 4444 eo
2277 4381 2417 4464 ipso

911 4476 1084 4557 quod
1128 4475 1372 4558 aliquid
1417 4477 1586 4538 cadit
1625 4477 1744 4539 sub
1790 4478 1943 4552 fide,
1977 4478 2283 4561 probatur
2324 4479 2415 4542 sic

911 4591 1052 4636 esse
1094 4591 1168 4636 ac
1209 4573 1486 4655 desuper
1529 4574 1933 4656 profluxisse.

993 4672 1281 4754 Denique
1312 4670 1476 4734 fides
1509 4672 1959 4736 certitudinem
1991 4673 2185 4736 habet
2210 4675 2417 4738 adhae-

909 4770 1162 4849 rentiae3
1184 4769 1452 4833 scientia
1479 4788 1652 4844 vero,
1679 4771 2126 4834 certitudinem
2160 4757 2417 4836 eviden-

908 4867 1033 4932 tiae.
1051 4868 1248 4949 Major
1276 4886 1532 4951 quoque
1563 4876 1658 4932 est
1690 4869 2005 4932 certitudo
2034 4869 2191 4932 fidei
2223 4890 2419 4952 quam

912 4966 1220 5040 scientiae‚
1244 4986 1322 5029 ex
1355 4975 1533 5048 parte
1563 4966 1863 5047 subjecti,
1889 4975 2041 5050 puta
2074 4969 2416 5041 credentiS,

913 5065 1024 5148 qui
1079 5064 1334 5128 firmius
1383 5065 1747 5147 certiusque
1794 5065 2074 5130 adhaeret
2119 5066 2220 5128 his
2282 5085 2420 5148 quae

916 5163 1072 5226 fidei
1104 5171 1272 5236 sunt,
1308 5182 1499 5245 quarn
1531 5162 1726 5225 scitis.
1764 5163 2058 5227 Scientiae
2100 5182 2251 5227 vero
2292 5183 2421 5227 cer-

2524 3127 2635 3170 nes
2680 3107 3036 3189 perfectum
3087 3115 3150 3170 et
3200 3107 3673 3191 imperfectum.
3721 3109 4011 3172 Praeterea

2522 3206 2685 3268 fides
2735 3225 2860 3267 una
2912 3213 3009 3268 est
3056 3225 3132 3268 ex
3185 3214 3364 3289 parte
3412 3207 3674 3288 objecti,
3726 3208 3894 3271 sicut
3934 3206 4011 3267 ait

2521 3304 2883 3386 Apostolus,
2918 3305 3050 3367 Una
3093 3304 3292 3384 fides3
3324 3307 3436 3368 sed
3473 3324 3550 3368 ex
3572 3307 3775 3388 {parte
3814 3304 4010 3385 subje-
4058 3327 4225 3383 &placan-

2525 3409 2796 3474 ctorum,
2830 3420 3098 3465 numero
3128 3411 3224 3465 est
3253 3403 3523 3466 diversa.
3549 3404 3734 3466 Fides
3762 3405 4007 3466 demum
4034 3395 4069 3435 ⁵·

2526 3499 3113 3582 superdignissimae
3161 3500 3487 3564 Trinitatis
3546 3500 4013 3564 incarnationis-

2526 3615 2650 3678 que
2684 3597 2825 3658 Filii
2869 3597 3003 3672 Dei,
3036 3616 3073 3658 a
3112 3598 3433 3680 principio
3482 3599 3842 3662 necessaria
3880 3599 4009 3668 suit,

2526 3694 2747 3757 saltem
2790 3694 3103 3777 implicite
3136 3713 3150 3757 ε
3186 3703 3248 3758 et
3286 3696 3375 3759 ita
3416 3695 3679 3759 suffecit
3723 3697 4014 3779 simplici-

2527 3793 2668 3867 buS,
2716 3793 2827 3874 qui
2876 3793 3222 3856 credebant
3269 3812 3411 3875 quae
3460 3802 3526 3855 et
3573 3794 3870 3875 majores,
3914 3794 4011 3875 qui

2526 3891 2674 3953 inde
2713 3891 3033 3953 habebant
3070 3892 3267 3954 fidem
3312 3891 3701 3974 explicitam.
3738 3892 3911 3956 Unde
3944 3891 4013 3952 ad

2528 3989 2741 4051 minus
2800 4008 3053 4071 semper
3111 3990 3545 4053 necessarium
3597 3989 3725 4052 fuit
3771 3990 4015 4052 credere

2528 4087 2720 4150 breve
2766 4086 2927 4149 illud
2976 4087 3133 4150 fidei
3180 4087 3568 4171 symbolum,
3601 4089 3775 4171 quod
3803 4090 3881 4151 ad
3910 4088 4015 4150 He-

2529 4381 2678 4462 quia
2710 4389 2827 4455 est,
2862 4389 2925 4444 et
2953 4382 3105 4464 quia
3134 4382 3611 4465 exquirentium
3641 4401 3710 4446 se
3742 4399 4018 4446 remune-

2530 4487 2700 4542 rator
2742 4480 2843 4542 sit.

2839 4688 3362 4753 PROPOSITIO
3406 4689 3705 4756 CXLIX.

2611 4873 2843 4938 Fides
2915 4869 3358 4939 christiana
3425 4871 4017 4941 fundamentum

2532 4970 2774 5036 habet
2826 4969 3403 5050 firmissimum,
3454 4972 3537 5037 et
3591 4972 4017 5040 efficacissi-

2530 5083 2665 5134 ma
2711 5082 2802 5135 ac
2845 5068 3398 5147 copiosissima
3439 5069 3970 5149 probamenta.

2612 5165 2787 5238 Quod
2816 5173 2932 5238 est,
2966 5165 3272 5246 quoniam
3304 5165 3469 5228 fides
3497 5175 3715 5230 nostra
3750 5169 4020 5232 increato

908 5261 1125 5341 ,titudo
1182 5267 1290 5328 est,
1335 5259 1538 5341 major
1585 5277 1664 5322 ex
1712 5267 1890 5342 parte
1939 5260 2199 5343 obJecti,
2251 5262 2421 5344 quod
2535 5262 2764 5325 lumini
2798 5261 3113 5335 innititur,
3146 5269 3212 5325 et
3238 5281 3380 5326 eam
3421 5264 3589 5337 Deus
3626 5266 4021 5349 omnipotens
