<?xml version="1.0" encoding="UTF-8"?>
<!DOCTYPE html PUBLIC "-//W3C//DTD XHTML 1.0 Transitional//EN"
    "http://www.w3.org/TR/xhtml1/DTD/xhtml1-transitional.dtd">
<html xmlns="http://www.w3.org/1999/xhtml" xml:lang="en" lang="en">
 <head>
  <title>
</title>
<meta http-equiv="Content-Type" content="text/html;charset=utf-8" />
  <meta name='ocr-system' content='tesseract 3.04.00' />
  <meta name='ocr-capabilities' content='ocr_page ocr_carea ocr_par ocr_line ocrx_word'/>
</head>
<body>
  <div class='ocr_page' id='page_1' title='image "./doctorisecstati05unkngoog_0234.png"; bbox 0 0 4300 6259; ppageno 0'>
   <div class='ocr_carea' id='block_1_1' title="bbox 843 479 964 546">
    <p class='ocr_par' dir='ltr' id='par_1_1' title="bbox 843 479 964 546">
     <span class='ocr_line' id='line_1_1' title="bbox 843 479 964 546; baseline 0 -1"><span class='ocrx_word' id='word_1_1' title='bbox 843 479 964 546; x_wconf 80' lang='lat'><strong>216</strong></span> 
     </span>
    </p>
   </div>
   <div class='ocr_carea' id='block_1_2' title="bbox 1711 497 3081 548">
    <p class='ocr_par' dir='ltr' id='par_1_2' title="bbox 1711 497 3081 548">
     <span class='ocr_line' id='line_1_2' title="bbox 1711 497 3081 548; baseline -0.003 -1"><span class='ocrx_word' id='word_1_2' title='bbox 1711 500 2132 548; x_wconf 67' lang='lat' dir='ltr'><strong>ELEMENTATIO</strong></span> <span class='ocrx_word' id='word_1_3' title='bbox 2172 497 2567 546; x_wconf 66' lang='lat' dir='ltr'><strong>mmmmm.</strong></span> <span class='ocrx_word' id='word_1_4' title='bbox 2614 516 2693 527; x_wconf 92' lang='grc'><strong>--</strong></span> <span class='ocrx_word' id='word_1_5' title='bbox 2735 498 2813 544; x_wconf 78' lang='grc' dir='ltr'><strong>ΒΕ</strong></span> <span class='ocrx_word' id='word_1_6' title='bbox 2854 497 3081 544; x_wconf 75' lang='lat' dir='ltr'><strong>GnAnA</strong></span> 
     </span>
    </p>
   </div>
   <div class='ocr_carea' id='block_1_3' title="bbox 836 661 3953 756">
    <p class='ocr_par' dir='ltr' id='par_1_3' title="bbox 836 661 3953 756">
     <span class='ocr_line' id='line_1_3' title="bbox 836 661 3953 756; baseline -0.003 -22"><span class='ocrx_word' id='word_1_7' title='bbox 836 677 994 734; x_wconf 81' lang='lat' dir='ltr'><strong>sunt</strong></span> <span class='ocrx_word' id='word_1_8' title='bbox 1029 673 1109 736; x_wconf 88' lang='lat' dir='ltr'><strong>de</strong></span> <span class='ocrx_word' id='word_1_9' title='bbox 1147 672 1542 737; x_wconf 79' lang='lat' dir='ltr'><strong>matrimonii</strong></span> <span class='ocrx_word' id='word_1_10' title='bbox 1584 673 1786 756; x_wconf 90' lang='lat' dir='ltr'><strong>ipsius</strong></span> <span class='ocrx_word' id='word_1_11' title='bbox 1829 671 2154 736; x_wconf 79' lang='lat' dir='ltr'><strong>essentia:</strong></span> <span class='ocrx_word' id='word_1_12' title='bbox 2199 670 2342 734; x_wconf 90' lang='lat' dir='ltr'><strong>ideo</strong></span> <span class='ocrx_word' id='word_1_13' title='bbox 2368 669 2419 734; x_wconf 88' lang='lat' dir='ltr'>A</span> <span class='ocrx_word' id='word_1_14' title='bbox 2450 670 2799 744; x_wconf 89' lang='lat' dir='ltr'><strong>riebantur,</strong></span> <span class='ocrx_word' id='word_1_15' title='bbox 2848 677 2961 732; x_wconf 87' lang='lat' dir='ltr'><strong>aut</strong></span> <span class='ocrx_word' id='word_1_16' title='bbox 3006 668 3357 751; x_wconf 88' lang='lat' dir='ltr'><strong>perierunt,</strong></span> <span class='ocrx_word' id='word_1_17' title='bbox 3405 675 3517 731; x_wconf 86' lang='lat' dir='ltr'><strong>aut</strong></span> <span class='ocrx_word' id='word_1_18' title='bbox 3563 683 3644 728; x_wconf 85' lang='lat' dir='ltr'><strong>ex</strong></span> <span class='ocrx_word' id='word_1_19' title='bbox 3689 661 3953 746; x_wconf 83' lang='lat' dir='ltr'><strong>dispen-</strong></span> 
     </span>
    </p>
   </div>
   <div class='ocr_carea' id='block_1_4' title="bbox 830 769 2341 1830">
    <p class='ocr_par' dir='ltr' id='par_1_4' title="bbox 830 769 2341 1830">
     <span class='ocr_line' id='line_1_4' title="bbox 839 769 2341 852; baseline -0.001 -20"><span class='ocrx_word' id='word_1_20' title='bbox 839 769 1298 852; x_wconf 88' lang='lat' dir='ltr'><strong>impedimenta</strong></span> <span class='ocrx_word' id='word_1_21' title='bbox 1326 772 1455 835; x_wconf 91' lang='lat' dir='ltr'><strong>illis</strong></span> <span class='ocrx_word' id='word_1_22' title='bbox 1485 771 1800 836; x_wconf 88' lang='lat' dir='ltr'><strong>contraria</strong></span> <span class='ocrx_word' id='word_1_23' title='bbox 1829 769 2191 852; x_wconf 90' lang='lat' dir='ltr'><strong>impediunt</strong></span> <span class='ocrx_word' id='word_1_24' title='bbox 2216 788 2341 832; x_wconf 89' lang='lat' dir='ltr'><strong>ma-</strong></span> 
     </span>
     <span class='ocr_line' id='line_1_5' title="bbox 837 866 2341 947; baseline 0.001 -19"><span class='ocrx_word' id='word_1_25' title='bbox 837 867 1215 931; x_wconf 88' lang='lat' dir='ltr'><strong>trimonium</strong></span> <span class='ocrx_word' id='word_1_26' title='bbox 1297 868 1826 942; x_wconf 90' lang='lat' dir='ltr'><strong>contrahendum,</strong></span> <span class='ocrx_word' id='word_1_27' title='bbox 1900 866 2341 947; x_wconf 80' lang='lat' dir='ltr'><strong>dirimuntque</strong></span> 
     </span>
     <span class='ocr_line' id='line_1_6' title="bbox 839 964 2338 1048; baseline -0.001 -20"><span class='ocrx_word' id='word_1_28' title='bbox 839 973 1260 1040; x_wconf 89' lang='lat' dir='ltr'><strong>contractum,</strong></span> <span class='ocrx_word' id='word_1_29' title='bbox 1308 967 1459 1048; x_wconf 90' lang='lat' dir='ltr'><strong>quia</strong></span> <span class='ocrx_word' id='word_1_30' title='bbox 1507 984 1633 1029; x_wconf 91' lang='lat' dir='ltr'><strong>non</strong></span> <span class='ocrx_word' id='word_1_31' title='bbox 1686 965 1808 1028; x_wconf 86' lang='lat' dir='ltr'><strong>fuit</strong></span> <span class='ocrx_word' id='word_1_32' title='bbox 1857 964 2338 1028; x_wconf 79' lang='lat' dir='ltr'><strong>matrimonium</strong></span> 
     </span>
     <span class='ocr_line' id='line_1_7' title="bbox 830 1062 2341 1128; baseline -0.001 -2"><span class='ocrx_word' id='word_1_33' title='bbox 830 1081 1083 1126; x_wconf 76' lang='lat' dir='ltr'><strong>verum.</strong></span> <span class='ocrx_word' id='word_1_34' title='bbox 1129 1064 1267 1127; x_wconf 86' lang='lat' dir='ltr'><strong>Alia</strong></span> <span class='ocrx_word' id='word_1_35' title='bbox 1309 1073 1459 1128; x_wconf 88' lang='lat' dir='ltr'><strong>sunt</strong></span> <span class='ocrx_word' id='word_1_36' title='bbox 1502 1065 1580 1127; x_wconf 92' lang='lat' dir='ltr'><strong>de</strong></span> <span class='ocrx_word' id='word_1_37' title='bbox 1628 1063 2020 1127; x_wconf 84' lang='lat' dir='ltr'><strong>matrimonii</strong></span> <span class='ocrx_word' id='word_1_38' title='bbox 2065 1062 2341 1125; x_wconf 90' lang='lat' dir='ltr'><strong>solenni-</strong></span> 
     </span>
     <span class='ocr_line' id='line_1_8' title="bbox 837 1161 2338 1244; baseline 0 -20"><span class='ocrx_word' id='word_1_39' title='bbox 837 1165 966 1224; x_wconf 85' lang='lat' dir='ltr'><strong>tate</strong></span> <span class='ocrx_word' id='word_1_40' title='bbox 1007 1179 1021 1223; x_wconf 91' lang='lat'><strong>:</strong></span> <span class='ocrx_word' id='word_1_41' title='bbox 1063 1168 1128 1224; x_wconf 92' lang='lat' dir='ltr'><strong>et</strong></span> <span class='ocrx_word' id='word_1_42' title='bbox 1165 1162 1630 1244; x_wconf 90' lang='lat' dir='ltr'><strong>impedimenta</strong></span> <span class='ocrx_word' id='word_1_43' title='bbox 1677 1163 1806 1224; x_wconf 89' lang='lat' dir='ltr'><strong>illis</strong></span> <span class='ocrx_word' id='word_1_44' title='bbox 1851 1161 2167 1226; x_wconf 87' lang='lat' dir='ltr'><strong>contraria</strong></span> <span class='ocrx_word' id='word_1_45' title='bbox 2210 1178 2338 1225; x_wconf 91' lang='lat' dir='ltr'><strong>non</strong></span> 
     </span>
     <span class='ocr_line' id='line_1_9' title="bbox 835 1259 2335 1341; baseline -0.001 -20"><span class='ocrx_word' id='word_1_46' title='bbox 835 1259 1148 1321; x_wconf 89' lang='lat' dir='ltr'><strong>dirimunt</strong></span> <span class='ocrx_word' id='word_1_47' title='bbox 1196 1260 1678 1323; x_wconf 87' lang='lat' dir='ltr'><strong>matrimonium</strong></span> <span class='ocrx_word' id='word_1_48' title='bbox 1725 1261 1856 1341; x_wconf 89' lang='lat' dir='ltr'><strong>jam</strong></span> <span class='ocrx_word' id='word_1_49' title='bbox 1917 1267 2335 1332; x_wconf 89' lang='lat' dir='ltr'><strong>contractum,</strong></span> 
     </span>
     <span class='ocr_line' id='line_1_10' title="bbox 835 1357 2340 1440; baseline -0.001 -21"><span class='ocrx_word' id='word_1_50' title='bbox 835 1358 948 1420; x_wconf 86' lang='lat' dir='ltr'><strong>sed</strong></span> <span class='ocrx_word' id='word_1_51' title='bbox 1007 1357 1369 1439; x_wconf 90' lang='lat' dir='ltr'><strong>impediunt</strong></span> <span class='ocrx_word' id='word_1_52' title='bbox 1425 1358 1954 1433; x_wconf 88' lang='lat' dir='ltr'><strong>contrahendum,</strong></span> <span class='ocrx_word' id='word_1_53' title='bbox 2010 1364 2080 1419; x_wconf 90' lang='lat' dir='ltr'><strong>ut</strong></span> <span class='ocrx_word' id='word_1_54' title='bbox 2129 1357 2340 1440; x_wconf 89' lang='lat' dir='ltr'><strong>prohi-</strong></span> 
     </span>
     <span class='ocr_line' id='line_1_11' title="bbox 831 1454 2337 1538; baseline -0.001 -21"><span class='ocrx_word' id='word_1_55' title='bbox 831 1454 996 1518; x_wconf 85' lang='lat' dir='ltr'><strong>bitio</strong></span> <span class='ocrx_word' id='word_1_56' title='bbox 1065 1455 1364 1520; x_wconf 87' lang='lat' dir='ltr'><strong>Ecclesiae</strong></span> <span class='ocrx_word' id='word_1_57' title='bbox 1431 1464 1818 1538; x_wconf 81' lang='lat' dir='ltr'><strong>tempusque</strong></span> <span class='ocrx_word' id='word_1_58' title='bbox 1883 1455 2206 1518; x_wconf 87' lang='lat' dir='ltr'><strong>feriatum.</strong></span> <span class='ocrx_word' id='word_1_59' title='bbox 2268 1455 2337 1516; x_wconf 91' lang='lat' dir='ltr'><strong>In</strong></span> 
     </span>
     <span class='ocr_line' id='line_1_12' title="bbox 833 1553 2338 1637; baseline -0.001 -21"><span class='ocrx_word' id='word_1_60' title='bbox 833 1553 1128 1616; x_wconf 90' lang='lat' dir='ltr'><strong>versibus</strong></span> <span class='ocrx_word' id='word_1_61' title='bbox 1161 1572 1312 1618; x_wconf 91' lang='lat' dir='ltr'><strong>vero</strong></span> <span class='ocrx_word' id='word_1_62' title='bbox 1345 1554 1646 1629; x_wconf 76' lang='lat' dir='ltr'><strong>inductiS,</strong></span> <span class='ocrx_word' id='word_1_63' title='bbox 1680 1574 1795 1637; x_wconf 91' lang='lat' dir='ltr'><strong>per</strong></span> <span class='ocrx_word' id='word_1_64' title='bbox 1823 1572 2129 1627; x_wconf 90' lang='lat' dir='ltr'><strong>errorem,</strong></span> <span class='ocrx_word' id='word_1_65' title='bbox 2166 1553 2338 1635; x_wconf 90' lang='lat' dir='ltr'><strong>igno-</strong></span> 
     </span>
     <span class='ocr_line' id='line_1_13' title="bbox 838 1651 2335 1734; baseline 0 -22"><span class='ocrx_word' id='word_1_66' title='bbox 838 1652 1062 1726; x_wconf 88' lang='lat' dir='ltr'><strong>rantia,</strong></span> <span class='ocrx_word' id='word_1_67' title='bbox 1129 1671 1243 1734; x_wconf 90' lang='lat' dir='ltr'><strong>per</strong></span> <span class='ocrx_word' id='word_1_68' title='bbox 1288 1652 1445 1726; x_wconf 92' lang='lat' dir='ltr'><strong>vim,</strong></span> <span class='ocrx_word' id='word_1_69' title='bbox 1485 1652 1812 1726; x_wconf 90' lang='lat' dir='ltr'><strong>violentia,</strong></span> <span class='ocrx_word' id='word_1_70' title='bbox 1874 1671 1988 1734; x_wconf 88' lang='lat' dir='ltr'><strong>per</strong></span> <span class='ocrx_word' id='word_1_71' title='bbox 2036 1651 2335 1731; x_wconf 84' lang='lat' dir='ltr'><strong>ligamen,</strong></span> 
     </span>
     <span class='ocr_line' id='line_1_14' title="bbox 835 1749 2338 1830; baseline -0.001 -19"><span class='ocrx_word' id='word_1_72' title='bbox 835 1750 1173 1813; x_wconf 83' lang='lat' dir='ltr'><strong>associatio</strong></span> <span class='ocrx_word' id='word_1_73' title='bbox 1215 1769 1364 1813; x_wconf 92' lang='lat' dir='ltr'><strong>cum</strong></span> <span class='ocrx_word' id='word_1_74' title='bbox 1405 1750 1530 1813; x_wconf 89' lang='lat' dir='ltr'><strong>alio</strong></span> <span class='ocrx_word' id='word_1_75' title='bbox 1572 1750 1858 1830; x_wconf 88' lang='lat' dir='ltr'><strong>legitimo</strong></span> <span class='ocrx_word' id='word_1_76' title='bbox 1894 1749 2224 1824; x_wconf 89' lang='lat' dir='ltr'><strong>contorali,</strong></span> <span class='ocrx_word' id='word_1_77' title='bbox 2260 1749 2338 1810; x_wconf 92' lang='lat' dir='ltr'><strong>si-</strong></span> 
     </span>
    </p>
   </div>
   <div class='ocr_carea' id='block_1_5' title="bbox 545 1847 2132 1990">
    <p class='ocr_par' dir='ltr' id='par_1_5' title="bbox 545 1847 2132 1990">
     <span class='ocr_line' id='line_1_15' title="bbox 551 1847 2132 1979; baseline -0.006 -62"><span class='ocrx_word' id='word_1_78' title='bbox 551 1872 810 1979; x_wconf 48' lang='lat' dir='ltr'><strong>cs&#39;ssoxffv&#39;</strong></span> <span class='ocrx_word' id='word_1_79' title='bbox 835 1856 1084 1928; x_wconf 81' lang='lat' dir='ltr'><strong>gnatur.</strong></span> <span class='ocrx_word' id='word_1_80' title='bbox 1121 1849 1209 1911; x_wconf 93' lang='lat' dir='ltr'><strong>De</strong></span> <span class='ocrx_word' id='word_1_81' title='bbox 1239 1847 1340 1911; x_wconf 91' lang='lat' dir='ltr'><strong>his</strong></span> <span class='ocrx_word' id='word_1_82' title='bbox 1368 1847 1522 1910; x_wconf 90' lang='lat' dir='ltr'><strong>alibi</strong></span> <span class='ocrx_word' id='word_1_83' title='bbox 1556 1848 1813 1930; x_wconf 88' lang='lat' dir='ltr'><strong>copiose</strong></span> <span class='ocrx_word' id='word_1_84' title='bbox 1845 1848 2132 1910; x_wconf 87' lang='lat' dir='ltr'><strong>habetur.</strong></span> 
     </span>
     <span class='ocr_line' id='line_1_16' title="bbox 545 1935 814 1990; baseline 0 -11"><span class='ocrx_word' id='word_1_85' title='bbox 545 1949 591 1990; x_wconf 80' lang='lat' dir='ltr'><strong>p.</strong></span> <span class='ocrx_word' id='word_1_86' title='bbox 727 1935 743 1950; x_wconf 75' lang='lat'><strong>&#39;</strong></span> <span class='ocrx_word' id='word_1_87' title='bbox 767 1940 814 1980; x_wconf 80' lang='lat' dir='ltr'><strong>et</strong></span> 
     </span>
    </p>
   </div>
   <div class='ocr_carea' id='block_1_6' title="bbox 1209 2056 1974 2124">
    <p class='ocr_par' dir='ltr' id='par_1_6' title="bbox 1209 2056 1974 2124">
     <span class='ocr_line' id='line_1_17' title="bbox 1209 2056 1974 2124; baseline -0.004 -3"><span class='ocrx_word' id='word_1_88' title='bbox 1209 2057 1730 2124; x_wconf 88' lang='lat' dir='ltr'>PROPOSITIO</span> <span class='ocrx_word' id='word_1_89' title='bbox 1779 2056 1974 2120; x_wconf 89' lang='lat' dir='ltr'>CXL.</span> 
     </span>
    </p>
   </div>
   <div class='ocr_carea' id='block_1_7' title="bbox 2448 761 3952 832">
    <p class='ocr_par' dir='ltr' id='par_1_7' title="bbox 2448 761 3952 832">
     <span class='ocr_line' id='line_1_18' title="bbox 2448 761 3952 832; baseline -0.007 0"><span class='ocrx_word' id='word_1_90' title='bbox 2448 769 2691 832; x_wconf 87' lang='lat' dir='ltr'><strong>satione</strong></span> <span class='ocrx_word' id='word_1_91' title='bbox 2746 776 2893 832; x_wconf 89' lang='lat' dir='ltr'><strong>ante</strong></span> <span class='ocrx_word' id='word_1_92' title='bbox 2948 768 3121 832; x_wconf 91' lang='lat' dir='ltr'><strong>diem</strong></span> <span class='ocrx_word' id='word_1_93' title='bbox 3175 776 3473 831; x_wconf 90' lang='lat' dir='ltr'><strong>octavum</strong></span> <span class='ocrx_word' id='word_1_94' title='bbox 3528 761 3952 828; x_wconf 87' lang='lat' dir='ltr'><strong>circumcide-</strong></span> 
     </span>
    </p>
   </div>
   <div class='ocr_carea' id='block_1_8' title="bbox 2448 859 4223 948">
    <p class='ocr_par' dir='ltr' id='par_1_8' title="bbox 2448 859 4223 948">
     <span class='ocr_line' id='line_1_19' title="bbox 2448 859 4223 948; baseline -0.006 -19"><span class='ocrx_word' id='word_1_95' title='bbox 2448 866 2681 930; x_wconf 87' lang='lat' dir='ltr'><strong>bantur</strong></span> <span class='ocrx_word' id='word_1_96' title='bbox 2714 885 2728 929; x_wconf 90' lang='lat'><strong>:</strong></span> <span class='ocrx_word' id='word_1_97' title='bbox 2762 867 3303 948; x_wconf 89' lang='lat' dir='ltr'><strong>quemadmodum</strong></span> <span class='ocrx_word' id='word_1_98' title='bbox 3348 864 3473 926; x_wconf 88' lang='lat' dir='ltr'><strong>filii</strong></span> <span class='ocrx_word' id='word_1_99' title='bbox 3518 859 3709 926; x_wconf 89' lang='lat' dir='ltr'><strong>Israel</strong></span> <span class='ocrx_word' id='word_1_100' title='bbox 3746 859 3949 942; x_wconf 88' lang='lat' dir='ltr'><strong>geniti</strong></span> <span class='ocrx_word' id='word_1_101' title='bbox 3976 871 4223 924; x_wconf 53' lang='lat' dir='ltr'><strong>mmm.</strong></span> 
     </span>
    </p>
   </div>
   <div class='ocr_carea' id='block_1_9' title="bbox 2448 959 3957 1146">
    <p class='ocr_par' dir='ltr' id='par_1_9' title="bbox 2448 959 3957 1146">
     <span class='ocr_line' id='line_1_20' title="bbox 2448 959 3957 1048; baseline -0.005 -20"><span class='ocrx_word' id='word_1_102' title='bbox 2448 966 2513 1028; x_wconf 92' lang='lat' dir='ltr'><strong>in</strong></span> <span class='ocrx_word' id='word_1_103' title='bbox 2570 965 2821 1028; x_wconf 88' lang='lat' dir='ltr'><strong>deserto</strong></span> <span class='ocrx_word' id='word_1_104' title='bbox 2879 964 2995 1027; x_wconf 89' lang='lat' dir='ltr'><strong>sub</strong></span> <span class='ocrx_word' id='word_1_105' title='bbox 3042 965 3274 1048; x_wconf 79' lang='lat' dir='ltr'><strong>Moyse,</strong></span> <span class='ocrx_word' id='word_1_106' title='bbox 3328 969 3703 1026; x_wconf 89' lang='lat' dir='ltr'><strong>manserunt</strong></span> <span class='ocrx_word' id='word_1_107' title='bbox 3762 959 3957 1023; x_wconf 92' lang='lat' dir='ltr'><strong>incir-</strong></span> 
     </span>
     <span class='ocr_line' id='line_1_21' title="bbox 2448 1061 3805 1146; baseline -0.004 -19"><span class='ocrx_word' id='word_1_108' title='bbox 2448 1064 2718 1128; x_wconf 89' lang='lat' dir='ltr'><strong>cumcisi</strong></span> <span class='ocrx_word' id='word_1_109' title='bbox 2751 1082 2954 1146; x_wconf 90' lang='lat' dir='ltr'><strong>usque</strong></span> <span class='ocrx_word' id='word_1_110' title='bbox 2983 1064 3061 1127; x_wconf 94' lang='lat' dir='ltr'><strong>ad</strong></span> <span class='ocrx_word' id='word_1_111' title='bbox 3093 1063 3571 1146; x_wconf 82' lang='lat' dir='ltr'><strong>praesidentiam</strong></span> <span class='ocrx_word' id='word_1_112' title='bbox 3594 1061 3805 1124; x_wconf 84' lang='lat' dir='ltr'><strong>Josue.</strong></span> 
     </span>
    </p>
   </div>
   <div class='ocr_carea' id='block_1_10' title="bbox 2795 1269 3591 1337">
    <p class='ocr_par' dir='ltr' id='par_1_10' title="bbox 2795 1269 3591 1337">
     <span class='ocr_line' id='line_1_22' title="bbox 2795 1269 3591 1337; baseline -0.003 -2"><span class='ocrx_word' id='word_1_113' title='bbox 2795 1271 3316 1337; x_wconf 89' lang='lat' dir='ltr'>PROPOSITIO</span> <span class='ocrx_word' id='word_1_114' title='bbox 3363 1269 3591 1335; x_wconf 81' lang='lat' dir='ltr'><strong>CXLI.</strong></span> 
     </span>
    </p>
   </div>
   <div class='ocr_carea' id='block_1_11' title="bbox 2444 1453 3955 1827">
    <p class='ocr_par' dir='ltr' id='par_1_11' title="bbox 2444 1453 3955 1827">
     <span class='ocr_line' id='line_1_23' title="bbox 2540 1453 3955 1522; baseline -0.001 -2"><span class='ocrx_word' id='word_1_115' title='bbox 2540 1455 2762 1522; x_wconf 81' lang='lat' dir='ltr'><strong>Inter</strong></span> <span class='ocrx_word' id='word_1_116' title='bbox 2832 1456 3328 1522; x_wconf 82' lang='lat' dir='ltr'><strong>sacramenta</strong></span> <span class='ocrx_word' id='word_1_117' title='bbox 3396 1453 3773 1520; x_wconf 77' lang='lat' dir='ltr'><strong>Ecclesiae</strong></span> <span class='ocrx_word' id='word_1_118' title='bbox 3840 1453 3955 1518; x_wconf 84' lang='lat' dir='ltr'><strong>in-</strong></span> 
     </span>
     <span class='ocr_line' id='line_1_24' title="bbox 2446 1552 3953 1629; baseline -0.003 -10"><span class='ocrx_word' id='word_1_119' title='bbox 2446 1555 2883 1620; x_wconf 85' lang='lat' dir='ltr'><strong>veniuntur</strong></span> <span class='ocrx_word' id='word_1_120' title='bbox 2929 1552 3394 1619; x_wconf 85' lang='lat' dir='ltr'><strong>excedentia</strong></span> <span class='ocrx_word' id='word_1_121' title='bbox 3442 1553 3525 1618; x_wconf 86' lang='lat' dir='ltr'><strong>et</strong></span> <span class='ocrx_word' id='word_1_122' title='bbox 3579 1563 3953 1629; x_wconf 80' lang='lat' dir='ltr'><strong>excessa3</strong></span> 
     </span>
     <span class='ocr_line' id='line_1_25' title="bbox 2444 1647 3952 1732; baseline -0.001 -16"><span class='ocrx_word' id='word_1_123' title='bbox 2444 1665 2693 1716; x_wconf 88' lang='lat' dir='ltr'><strong>unum</strong></span> <span class='ocrx_word' id='word_1_124' title='bbox 2752 1653 3049 1732; x_wconf 88' lang='lat' dir='ltr'><strong>tamen,</strong></span> <span class='ocrx_word' id='word_1_125' title='bbox 3112 1649 3473 1716; x_wconf 81' lang='lat' dir='ltr'><strong>absolute</strong></span> <span class='ocrx_word' id='word_1_126' title='bbox 3528 1647 3952 1729; x_wconf 85' lang='lat' dir='ltr'><strong>loquendo,</strong></span> 
     </span>
     <span class='ocr_line' id='line_1_26' title="bbox 2446 1749 3193 1827; baseline 0 -12"><span class='ocrx_word' id='word_1_127' title='bbox 2446 1751 2568 1815; x_wconf 87' lang='lat' dir='ltr'><strong>est</strong></span> <span class='ocrx_word' id='word_1_128' title='bbox 2610 1749 3193 1827; x_wconf 78' lang='lat' dir='ltr'><strong>dignissimum.</strong></span> 
     </span>
    </p>
   </div>
   <div class='ocr_carea' id='block_1_12' title="bbox 2370 1842 3955 1927">
    <p class='ocr_par' dir='ltr' id='par_1_12' title="bbox 2370 1842 3955 1927">
     <span class='ocr_line' id='line_1_27' title="bbox 2370 1842 3955 1927; baseline -0.004 -17"><span class='ocrx_word' id='word_1_129' title='bbox 2370 1847 2417 1910; x_wconf 88' lang='lat' dir='ltr'>B</span> <span class='ocrx_word' id='word_1_130' title='bbox 2524 1845 2700 1918; x_wconf 90' lang='lat' dir='ltr'><strong>Quod</strong></span> <span class='ocrx_word' id='word_1_131' title='bbox 2743 1853 2858 1920; x_wconf 91' lang='lat' dir='ltr'><strong>est,</strong></span> <span class='ocrx_word' id='word_1_132' title='bbox 2900 1846 3052 1927; x_wconf 90' lang='lat' dir='ltr'><strong>quia</strong></span> <span class='ocrx_word' id='word_1_133' title='bbox 3100 1845 3454 1908; x_wconf 90' lang='lat' dir='ltr'><strong>secundum</strong></span> <span class='ocrx_word' id='word_1_134' title='bbox 3504 1863 3699 1907; x_wconf 89' lang='lat' dir='ltr'><strong>unam</strong></span> <span class='ocrx_word' id='word_1_135' title='bbox 3746 1842 3955 1906; x_wconf 86' lang='lat' dir='ltr'><strong>consi-</strong></span> 
     </span>
    </p>
   </div>
   <div class='ocr_carea' id='block_1_13' title="bbox 2441 1943 3957 2222">
    <p class='ocr_par' dir='ltr' id='par_1_13' title="bbox 2441 1943 3957 2222">
     <span class='ocr_line' id='line_1_28' title="bbox 2444 1943 3957 2026; baseline -0.003 -20"><span class='ocrx_word' id='word_1_136' title='bbox 2444 1944 2835 2007; x_wconf 88' lang='lat' dir='ltr'><strong>derationem</strong></span> <span class='ocrx_word' id='word_1_137' title='bbox 2875 1951 2939 2006; x_wconf 90' lang='lat' dir='ltr'><strong>et</strong></span> <span class='ocrx_word' id='word_1_138' title='bbox 2985 1943 3441 2026; x_wconf 84' lang='lat' dir='ltr'><strong>proprietatem</strong></span> <span class='ocrx_word' id='word_1_139' title='bbox 3496 1961 3699 2004; x_wconf 90' lang='lat' dir='ltr'><strong>unum</strong></span> <span class='ocrx_word' id='word_1_140' title='bbox 3747 1959 3957 2004; x_wconf 86' lang='lat' dir='ltr'><strong>sacra·</strong></span> 
     </span>
     <span class='ocr_line' id='line_1_29' title="bbox 2446 2040 3953 2116; baseline -0.001 -13"><span class='ocrx_word' id='word_1_141' title='bbox 2446 2048 2733 2103; x_wconf 88' lang='lat' dir='ltr'><strong>mentum</strong></span> <span class='ocrx_word' id='word_1_142' title='bbox 2773 2049 2870 2103; x_wconf 91' lang='lat' dir='ltr'><strong>est</strong></span> <span class='ocrx_word' id='word_1_143' title='bbox 2905 2041 3295 2104; x_wconf 89' lang='lat' dir='ltr'><strong>eminentius</strong></span> <span class='ocrx_word' id='word_1_144' title='bbox 3323 2041 3471 2116; x_wconf 85' lang='lat' dir='ltr'><strong>alic,</strong></span> <span class='ocrx_word' id='word_1_145' title='bbox 3495 2049 3557 2104; x_wconf 88' lang='lat' dir='ltr'><strong>et</strong></span> <span class='ocrx_word' id='word_1_146' title='bbox 3588 2040 3953 2104; x_wconf 89' lang='lat' dir='ltr'><strong>secundum</strong></span> 
     </span>
     <span class='ocr_line' id='line_1_30' title="bbox 2441 2139 3955 2222; baseline -0.001 -21"><span class='ocrx_word' id='word_1_147' title='bbox 2441 2139 2631 2201; x_wconf 89' lang='lat' dir='ltr'><strong>aliam</strong></span> <span class='ocrx_word' id='word_1_148' title='bbox 2664 2139 3236 2202; x_wconf 83' lang='lat' dir='ltr'><strong>considerationem</strong></span> <span class='ocrx_word' id='word_1_149' title='bbox 3266 2158 3341 2201; x_wconf 85' lang='lat' dir='ltr'><strong>ac</strong></span> <span class='ocrx_word' id='word_1_150' title='bbox 3372 2139 3829 2222; x_wconf 85' lang='lat' dir='ltr'><strong>proprietatem</strong></span> <span class='ocrx_word' id='word_1_151' title='bbox 3858 2145 3955 2200; x_wconf 88' lang='lat' dir='ltr'><strong>est</strong></span> 
     </span>
    </p>
   </div>
   <div class='ocr_carea' id='block_1_14' title="bbox 4255 533 4269 2070">
    <p class='ocr_par' dir='ltr' id='par_1_14' title="bbox 4255 533 4269 2070">
     <span class='ocr_line' id='line_1_31' title="bbox 4255 533 4269 2070; baseline 0 0"><span class='ocrx_word' id='word_1_152' title='bbox 4255 533 4269 2070; x_wconf 95' lang='lat' dir='ltr'><strong> </strong></span> 
     </span>
    </p>
   </div>
   <div class='ocr_carea' id='block_1_15' title="bbox 831 2237 3959 3986">
    <p class='ocr_par' dir='ltr' id='par_1_15' title="bbox 831 2237 3959 3986">
     <span class='ocr_line' id='line_1_32' title="bbox 2445 2237 3951 2319; baseline -0.002 -18"><span class='ocrx_word' id='word_1_153' title='bbox 2445 2254 2806 2301; x_wconf 89' lang='lat' dir='ltr'><strong>econverso.</strong></span> <span class='ocrx_word' id='word_1_154' title='bbox 2876 2238 3181 2300; x_wconf 84' lang='lat' dir='ltr'><strong>Absolute</strong></span> <span class='ocrx_word' id='word_1_155' title='bbox 3256 2255 3533 2319; x_wconf 88' lang='lat' dir='ltr'><strong>namque</strong></span> <span class='ocrx_word' id='word_1_156' title='bbox 3603 2237 3951 2318; x_wconf 89' lang='lat' dir='ltr'><strong>loquendo,</strong></span> 
     </span>
     <span class='ocr_line' id='line_1_33' title="bbox 2447 2335 3955 2418; baseline 0.003 -21"><span class='ocrx_word' id='word_1_157' title='bbox 2447 2337 3042 2418; x_wconf 54' lang='lat' dir='ltr'><strong>praestantissimum</strong></span> <span class='ocrx_word' id='word_1_158' title='bbox 3112 2343 3209 2399; x_wconf 91' lang='lat' dir='ltr'><strong>est</strong></span> <span class='ocrx_word' id='word_1_159' title='bbox 3269 2335 3687 2398; x_wconf 82' lang='lat' dir='ltr'><strong>Eucharistiae</strong></span> <span class='ocrx_word' id='word_1_160' title='bbox 3744 2354 3955 2401; x_wconf 78' lang='lat' dir='ltr'><strong>sacra-</strong></span> 
     </span>
     <span class='ocr_line' id='line_1_34' title="bbox 2450 2432 3955 2516; baseline -0.002 -19"><span class='ocrx_word' id='word_1_161' title='bbox 2450 2441 2759 2508; x_wconf 90' lang='lat' dir='ltr'><strong>mentum,</strong></span> <span class='ocrx_word' id='word_1_162' title='bbox 2792 2434 3095 2516; x_wconf 90' lang='lat' dir='ltr'><strong>quoniam</strong></span> <span class='ocrx_word' id='word_1_163' title='bbox 3128 2433 3633 2497; x_wconf 82' lang='lat' dir='ltr'><strong>substantialiter</strong></span> <span class='ocrx_word' id='word_1_164' title='bbox 3662 2432 3955 2496; x_wconf 83' lang='lat' dir='ltr'><strong>continet</strong></span> 
     </span>
     <span class='ocr_line' id='line_1_35' title="bbox 2448 2531 3957 2613; baseline -0.002 -17"><span class='ocrx_word' id='word_1_165' title='bbox 2448 2533 2791 2606; x_wconf 88' lang='lat' dir='ltr'><strong>Christum,</strong></span> <span class='ocrx_word' id='word_1_166' title='bbox 2853 2540 3077 2613; x_wconf 88' lang='lat' dir='ltr'><strong>estque</strong></span> <span class='ocrx_word' id='word_1_167' title='bbox 3146 2531 3298 2594; x_wconf 86' lang='lat' dir='ltr'><strong>finis</strong></span> <span class='ocrx_word' id='word_1_168' title='bbox 3354 2539 3421 2594; x_wconf 88' lang='lat' dir='ltr'><strong>et</strong></span> <span class='ocrx_word' id='word_1_169' title='bbox 3477 2531 3957 2594; x_wconf 89' lang='lat' dir='ltr'><strong>consummatio</strong></span> 
     </span>
     <span class='ocr_line' id='line_1_36' title="bbox 2446 2629 3957 2693; baseline 0 -1"><span class='ocrx_word' id='word_1_170' title='bbox 2446 2630 2737 2693; x_wconf 90' lang='lat' dir='ltr'><strong>aliorum.</strong></span> <span class='ocrx_word' id='word_1_171' title='bbox 2773 2630 3249 2692; x_wconf 89' lang='lat' dir='ltr'><strong>Matrimonium</strong></span> <span class='ocrx_word' id='word_1_172' title='bbox 3284 2636 3500 2693; x_wconf 90' lang='lat' dir='ltr'><strong>autem</strong></span> <span class='ocrx_word' id='word_1_173' title='bbox 3538 2629 3783 2692; x_wconf 88' lang='lat' dir='ltr'><strong>dicitur</strong></span> <span class='ocrx_word' id='word_1_174' title='bbox 3827 2647 3957 2692; x_wconf 85' lang='lat' dir='ltr'><strong>ma-</strong></span> 
     </span>
     <span class='ocr_line' id='line_1_37' title="bbox 2447 2727 3954 2809; baseline -0.001 -19"><span class='ocrx_word' id='word_1_175' title='bbox 2447 2729 2693 2791; x_wconf 88' lang='lat' dir='ltr'><strong>ximum</strong></span> <span class='ocrx_word' id='word_1_176' title='bbox 2739 2735 3207 2790; x_wconf 89' lang='lat' dir='ltr'><strong>sacramentum</strong></span> <span class='ocrx_word' id='word_1_177' title='bbox 3256 2727 3751 2809; x_wconf 78' lang='lat' dir='ltr'><strong>significatione,</strong></span> <span class='ocrx_word' id='word_1_178' title='bbox 3796 2745 3954 2809; x_wconf 86' lang='lat' dir='ltr'><strong>quo-</strong></span> 
     </span>
     <span class='ocr_line' id='line_1_38' title="bbox 832 2825 3957 2908; baseline -0.001 -20"><span class='ocrx_word' id='word_1_179' title='bbox 832 2826 1381 2900; x_wconf 86' lang='lat' dir='ltr'><strong>Quemadmodum</strong></span> <span class='ocrx_word' id='word_1_180' title='bbox 1411 2834 1623 2890; x_wconf 91' lang='lat' dir='ltr'><strong>autem</strong></span> <span class='ocrx_word' id='word_1_181' title='bbox 1657 2825 1772 2890; x_wconf 92' lang='lat' dir='ltr'><strong>sub</strong></span> <span class='ocrx_word' id='word_1_182' title='bbox 1804 2827 2171 2908; x_wconf 86' lang='lat' dir='ltr'><strong>evangelica</strong></span> <span class='ocrx_word' id='word_1_183' title='bbox 2200 2827 2337 2908; x_wconf 88' lang='lat' dir='ltr'><strong>lege</strong></span> <span class='ocrx_word' id='word_1_184' title='bbox 2447 2826 2617 2888; x_wconf 86' lang='lat' dir='ltr'><strong>niam</strong></span> <span class='ocrx_word' id='word_1_185' title='bbox 2661 2825 2963 2888; x_wconf 90' lang='lat' dir='ltr'><strong>unionem</strong></span> <span class='ocrx_word' id='word_1_186' title='bbox 3004 2826 3292 2906; x_wconf 88' lang='lat' dir='ltr'><strong>designat</strong></span> <span class='ocrx_word' id='word_1_187' title='bbox 3331 2825 3563 2889; x_wconf 82' lang='lat' dir='ltr'><strong>Christi</strong></span> <span class='ocrx_word' id='word_1_188' title='bbox 3602 2833 3801 2906; x_wconf 88' lang='lat' dir='ltr'><strong>atque</strong></span> <span class='ocrx_word' id='word_1_189' title='bbox 3846 2825 3957 2886; x_wconf 86' lang='lat' dir='ltr'><strong>Ec-</strong></span> 
     </span>
     <span class='ocr_line' id='line_1_39' title="bbox 833 2923 3957 3006; baseline 0 -21"><span class='ocrx_word' id='word_1_190' title='bbox 833 2931 1054 2986; x_wconf 89' lang='lat' dir='ltr'><strong>contra</strong></span> <span class='ocrx_word' id='word_1_191' title='bbox 1101 2924 1410 3005; x_wconf 83' lang='lat' dir='ltr'><strong>originale</strong></span> <span class='ocrx_word' id='word_1_192' title='bbox 1459 2933 1794 3006; x_wconf 89' lang='lat' dir='ltr'><strong>peccatum</strong></span> <span class='ocrx_word' id='word_1_193' title='bbox 1839 2925 2193 2987; x_wconf 89' lang='lat' dir='ltr'><strong>remedium</strong></span> <span class='ocrx_word' id='word_1_194' title='bbox 2243 2933 2339 2988; x_wconf 83' lang='lat' dir='ltr'><strong>est</strong></span> <span class='ocrx_word' id='word_1_195' title='bbox 2446 2925 2676 2997; x_wconf 81' lang='lat' dir='ltr'><strong>clesiae,</strong></span> <span class='ocrx_word' id='word_1_196' title='bbox 2736 2925 2965 2986; x_wconf 84' lang='lat' dir='ltr'><strong>animae</strong></span> <span class='ocrx_word' id='word_1_197' title='bbox 3023 2941 3279 3005; x_wconf 90' lang='lat' dir='ltr'><strong>quoque</strong></span> <span class='ocrx_word' id='word_1_198' title='bbox 3337 2941 3485 2985; x_wconf 90' lang='lat' dir='ltr'><strong>cum</strong></span> <span class='ocrx_word' id='word_1_199' title='bbox 3545 2924 3694 2986; x_wconf 90' lang='lat' dir='ltr'><strong>Deo.</strong></span> <span class='ocrx_word' id='word_1_200' title='bbox 3760 2923 3957 2985; x_wconf 89' lang='lat' dir='ltr'><strong>Porro</strong></span> 
     </span>
     <span class='ocr_line' id='line_1_40' title="bbox 831 3020 3959 3104; baseline -0 -20"><span class='ocrx_word' id='word_1_201' title='bbox 831 3020 1220 3102; x_wconf 89' lang='lat' dir='ltr'><strong>Baptismus,</strong></span> <span class='ocrx_word' id='word_1_202' title='bbox 1254 3022 1348 3084; x_wconf 92' lang='lat' dir='ltr'><strong>sic</strong></span> <span class='ocrx_word' id='word_1_203' title='bbox 1387 3022 1541 3086; x_wconf 90' lang='lat' dir='ltr'><strong>olim</strong></span> <span class='ocrx_word' id='word_1_204' title='bbox 1589 3022 1710 3086; x_wconf 91' lang='lat' dir='ltr'><strong>sub</strong></span> <span class='ocrx_word' id='word_1_205' title='bbox 1752 3023 1889 3102; x_wconf 88' lang='lat' dir='ltr'><strong>lege</strong></span> <span class='ocrx_word' id='word_1_206' title='bbox 1930 3022 2338 3086; x_wconf 88' lang='lat' dir='ltr'><strong>circumcisio</strong></span> <span class='ocrx_word' id='word_1_207' title='bbox 2366 3022 2409 3086; x_wconf 91' lang='lat' dir='ltr'><strong>C</strong></span> <span class='ocrx_word' id='word_1_208' title='bbox 2445 3022 2805 3104; x_wconf 89' lang='lat' dir='ltr'><strong>Baptismus</strong></span> <span class='ocrx_word' id='word_1_209' title='bbox 2835 3028 2932 3084; x_wconf 89' lang='lat' dir='ltr'><strong>est</strong></span> <span class='ocrx_word' id='word_1_210' title='bbox 2958 3029 3427 3084; x_wconf 89' lang='lat' dir='ltr'><strong>sacramentum</strong></span> <span class='ocrx_word' id='word_1_211' title='bbox 3460 3021 3815 3083; x_wconf 87' lang='lat' dir='ltr'><strong>maximum</strong></span> <span class='ocrx_word' id='word_1_212' title='bbox 3850 3039 3959 3083; x_wconf 90' lang='lat' dir='ltr'><strong>ne·</strong></span> 
     </span>
     <span class='ocr_line' id='line_1_41' title="bbox 833 3118 3957 3202; baseline 0.001 -23"><span class='ocrx_word' id='word_1_213' title='bbox 833 3119 906 3180; x_wconf 74' lang='lat' dir='ltr'><strong>in.</strong></span> <span class='ocrx_word' id='word_1_214' title='bbox 962 3118 1251 3182; x_wconf 89' lang='lat' dir='ltr'><strong>maribus</strong></span> <span class='ocrx_word' id='word_1_215' title='bbox 1302 3121 1574 3201; x_wconf 90' lang='lat' dir='ltr'><strong>posteris</strong></span> <span class='ocrx_word' id='word_1_216' title='bbox 1624 3121 1912 3185; x_wconf 82' lang='lat' dir='ltr'><strong>Abrahae.</strong></span> <span class='ocrx_word' id='word_1_217' title='bbox 1965 3121 2138 3184; x_wconf 81' lang='lat' dir='ltr'><strong>Filiae</strong></span> <span class='ocrx_word' id='word_1_218' title='bbox 2186 3139 2336 3184; x_wconf 92' lang='lat' dir='ltr'><strong>vero</strong></span> <span class='ocrx_word' id='word_1_219' title='bbox 2448 3120 2741 3182; x_wconf 86' lang='lat' dir='ltr'><strong>cessitate</strong></span> <span class='ocrx_word' id='word_1_220' title='bbox 2771 3138 2882 3182; x_wconf 90' lang='lat' dir='ltr'><strong>seu</strong></span> <span class='ocrx_word' id='word_1_221' title='bbox 2914 3119 3107 3183; x_wconf 87' lang='lat' dir='ltr'><strong>etiam</strong></span> <span class='ocrx_word' id='word_1_222' title='bbox 3140 3120 3436 3193; x_wconf 82' lang='lat' dir='ltr'><strong>utilitate,</strong></span> <span class='ocrx_word' id='word_1_223' title='bbox 3470 3139 3673 3202; x_wconf 91' lang='lat' dir='ltr'><strong>quum</strong></span> <span class='ocrx_word' id='word_1_224' title='bbox 3708 3119 3775 3181; x_wconf 90' lang='lat' dir='ltr'><strong>in</strong></span> <span class='ocrx_word' id='word_1_225' title='bbox 3810 3119 3957 3202; x_wconf 91' lang='lat' dir='ltr'><strong>ipso</strong></span> 
     </span>
     <span class='ocr_line' id='line_1_42' title="bbox 833 3216 3951 3300; baseline 0 -22"><span class='ocrx_word' id='word_1_226' title='bbox 833 3216 1121 3280; x_wconf 89' lang='lat' dir='ltr'><strong>nondum</strong></span> <span class='ocrx_word' id='word_1_227' title='bbox 1150 3217 1404 3293; x_wconf 85' lang='lat' dir='ltr'><strong>adultae,</strong></span> <span class='ocrx_word' id='word_1_228' title='bbox 1428 3217 1578 3294; x_wconf 90' lang='lat' dir='ltr'><strong>fide,</strong></span> <span class='ocrx_word' id='word_1_229' title='bbox 1609 3220 1895 3282; x_wconf 89' lang='lat' dir='ltr'><strong>oratione</strong></span> <span class='ocrx_word' id='word_1_230' title='bbox 1925 3227 1990 3282; x_wconf 88' lang='lat' dir='ltr'><strong>et</strong></span> <span class='ocrx_word' id='word_1_231' title='bbox 2017 3218 2337 3282; x_wconf 87' lang='lat' dir='ltr'><strong>sacrificio</strong></span> <span class='ocrx_word' id='word_1_232' title='bbox 2446 3235 2636 3280; x_wconf 90' lang='lat' dir='ltr'><strong>omne</strong></span> <span class='ocrx_word' id='word_1_233' title='bbox 2702 3217 2989 3280; x_wconf 88' lang='lat' dir='ltr'><strong>deleatur</strong></span> <span class='ocrx_word' id='word_1_234' title='bbox 3048 3225 3402 3300; x_wconf 88' lang='lat' dir='ltr'><strong>peccatum.</strong></span> <span class='ocrx_word' id='word_1_235' title='bbox 3457 3217 3622 3280; x_wconf 90' lang='lat' dir='ltr'><strong>Ordo</strong></span> <span class='ocrx_word' id='word_1_236' title='bbox 3679 3218 3951 3280; x_wconf 90' lang='lat' dir='ltr'><strong>demum</strong></span> 
     </span>
     <span class='ocr_line' id='line_1_43' title="bbox 835 3315 3953 3398; baseline 0.001 -23"><span class='ocrx_word' id='word_1_237' title='bbox 835 3321 1174 3396; x_wconf 88' lang='lat' dir='ltr'><strong>parentum</strong></span> <span class='ocrx_word' id='word_1_238' title='bbox 1202 3315 1592 3396; x_wconf 87' lang='lat' dir='ltr'><strong>juvabantur</strong></span> <span class='ocrx_word' id='word_1_239' title='bbox 1621 3324 1686 3379; x_wconf 90' lang='lat' dir='ltr'><strong>et</strong></span> <span class='ocrx_word' id='word_1_240' title='bbox 1716 3317 2170 3398; x_wconf 82' lang='lat' dir='ltr'><strong>purgabantur.</strong></span> <span class='ocrx_word' id='word_1_241' title='bbox 2196 3317 2341 3379; x_wconf 86' lang='lat' dir='ltr'><strong>Por·</strong></span> <span class='ocrx_word' id='word_1_242' title='bbox 2449 3315 2800 3377; x_wconf 86' lang='lat' dir='ltr'><strong>maximum</strong></span> <span class='ocrx_word' id='word_1_243' title='bbox 2870 3317 3177 3377; x_wconf 82' lang='lat' dir='ltr'><strong>asseritur</strong></span> <span class='ocrx_word' id='word_1_244' title='bbox 3240 3315 3569 3396; x_wconf 85' lang='lat' dir='ltr'><strong>dignitate,</strong></span> <span class='ocrx_word' id='word_1_245' title='bbox 3632 3322 3953 3398; x_wconf 82' lang='lat' dir='ltr'><strong>potestate</strong></span> 
     </span>
     <span class='ocr_line' id='line_1_44' title="bbox 834 3409 3955 3495; baseline 0 -22"><span class='ocrx_word' id='word_1_246' title='bbox 834 3427 905 3474; x_wconf 91' lang='lat' dir='ltr'><strong>ro</strong></span> <span class='ocrx_word' id='word_1_247' title='bbox 936 3409 1000 3472; x_wconf 92' lang='lat' dir='ltr'><strong>in</strong></span> <span class='ocrx_word' id='word_1_248' title='bbox 1036 3409 1172 3492; x_wconf 90' lang='lat' dir='ltr'><strong>lege</strong></span> <span class='ocrx_word' id='word_1_249' title='bbox 1211 3420 1475 3485; x_wconf 79' lang='lat' dir='ltr'><strong>naturae,</strong></span> <span class='ocrx_word' id='word_1_250' title='bbox 1511 3413 1741 3476; x_wconf 87' lang='lat' dir='ltr'><strong>ceteris</strong></span> <span class='ocrx_word' id='word_1_251' title='bbox 1781 3413 2116 3495; x_wconf 89' lang='lat' dir='ltr'><strong>utriusque</strong></span> <span class='ocrx_word' id='word_1_252' title='bbox 2147 3432 2337 3476; x_wconf 89' lang='lat' dir='ltr'><strong>sexus</strong></span> <span class='ocrx_word' id='word_1_253' title='bbox 2444 3420 2509 3476; x_wconf 91' lang='lat' dir='ltr'><strong>et</strong></span> <span class='ocrx_word' id='word_1_254' title='bbox 2565 3412 2873 3476; x_wconf 80' lang='lat' dir='ltr'><strong>efficacia.</strong></span> <span class='ocrx_word' id='word_1_255' title='bbox 2938 3413 3354 3476; x_wconf 84' lang='lat' dir='ltr'><strong>Confirmatio</strong></span> <span class='ocrx_word' id='word_1_256' title='bbox 3412 3413 3793 3495; x_wconf 84' lang='lat' dir='ltr'><strong>praeeminet</strong></span> <span class='ocrx_word' id='word_1_257' title='bbox 3860 3413 3955 3475; x_wconf 91' lang='lat' dir='ltr'><strong>di-</strong></span> 
     </span>
     <span class='ocr_line' id='line_1_45' title="bbox 835 3507 3955 3594; baseline 0.001 -23"><span class='ocrx_word' id='word_1_258' title='bbox 835 3507 1169 3571; x_wconf 88' lang='lat' dir='ltr'><strong>infantulis</strong></span> <span class='ocrx_word' id='word_1_259' title='bbox 1210 3509 1342 3572; x_wconf 86' lang='lat' dir='ltr'><strong>fide</strong></span> <span class='ocrx_word' id='word_1_260' title='bbox 1381 3517 1446 3573; x_wconf 92' lang='lat' dir='ltr'><strong>et</strong></span> <span class='ocrx_word' id='word_1_261' title='bbox 1483 3511 1822 3574; x_wconf 89' lang='lat' dir='ltr'><strong>sacrificiis</strong></span> <span class='ocrx_word' id='word_1_262' title='bbox 1854 3518 2193 3593; x_wconf 89' lang='lat' dir='ltr'><strong>parentum</strong></span> <span class='ocrx_word' id='word_1_263' title='bbox 2224 3530 2333 3574; x_wconf 90' lang='lat' dir='ltr'><strong>seu</strong></span> <span class='ocrx_word' id='word_1_264' title='bbox 2443 3511 2682 3591; x_wconf 80' lang='lat' dir='ltr'><strong>gnitate</strong></span> <span class='ocrx_word' id='word_1_265' title='bbox 2744 3511 3038 3586; x_wconf 90' lang='lat' dir='ltr'><strong>ministri,</strong></span> <span class='ocrx_word' id='word_1_266' title='bbox 3100 3512 3251 3594; x_wconf 89' lang='lat' dir='ltr'><strong>quia</strong></span> <span class='ocrx_word' id='word_1_267' title='bbox 3306 3531 3344 3574; x_wconf 91' lang='lat' dir='ltr'><strong>a</strong></span> <span class='ocrx_word' id='word_1_268' title='bbox 3402 3512 3536 3575; x_wconf 90' lang='lat' dir='ltr'><strong>solo</strong></span> <span class='ocrx_word' id='word_1_269' title='bbox 3600 3510 3955 3574; x_wconf 88' lang='lat' dir='ltr'><strong>exhibetur</strong></span> 
     </span>
     <span class='ocr_line' id='line_1_46' title="bbox 837 3599 3953 3692; baseline 0.002 -25"><span class='ocrx_word' id='word_1_270' title='bbox 837 3599 1150 3687; x_wconf 83' lang='lat' dir='ltr'><strong>majorum</strong></span> <span class='ocrx_word' id='word_1_271' title='bbox 1185 3607 1708 3684; x_wconf 88' lang='lat' dir='ltr'><strong>subveniebatur,</strong></span> <span class='ocrx_word' id='word_1_272' title='bbox 1734 3617 1923 3691; x_wconf 89' lang='lat' dir='ltr'><strong>prout</strong></span> <span class='ocrx_word' id='word_1_273' title='bbox 1952 3610 2121 3672; x_wconf 90' lang='lat' dir='ltr'><strong>circa</strong></span> <span class='ocrx_word' id='word_1_274' title='bbox 2151 3629 2336 3692; x_wconf 89' lang='lat' dir='ltr'><strong>quar·</strong></span> <span class='ocrx_word' id='word_1_275' title='bbox 2444 3610 2765 3692; x_wconf 91' lang='lat' dir='ltr'><strong>episcopo.</strong></span> <span class='ocrx_word' id='word_1_276' title='bbox 2800 3610 3178 3673; x_wconf 87' lang='lat' dir='ltr'><strong>Poenitentia</strong></span> <span class='ocrx_word' id='word_1_277' title='bbox 3205 3610 3397 3672; x_wconf 88' lang='lat' dir='ltr'><strong>etiam</strong></span> <span class='ocrx_word' id='word_1_278' title='bbox 3429 3629 3544 3672; x_wconf 91' lang='lat' dir='ltr'><strong>sua</strong></span> <span class='ocrx_word' id='word_1_279' title='bbox 3580 3609 3953 3673; x_wconf 87' lang='lat' dir='ltr'><strong>indesinen-</strong></span> 
     </span>
     <span class='ocr_line' id='line_1_47' title="bbox 2443 3701 3955 3790; baseline 0.001 -20"><span class='ocrx_word' id='word_1_280' title='bbox 2443 3707 2490 3770; x_wconf 91' lang='lat' dir='ltr'><strong>ti</strong></span> <span class='ocrx_word' id='word_1_281' title='bbox 2522 3701 2853 3772; x_wconf 80' lang='lat' dir='ltr'><strong>iteratione</strong></span> <span class='ocrx_word' id='word_1_282' title='bbox 2896 3708 3227 3790; x_wconf 88' lang='lat' dir='ltr'><strong>potissime</strong></span> <span class='ocrx_word' id='word_1_283' title='bbox 3262 3707 3652 3789; x_wconf 80' lang='lat' dir='ltr'><strong>suffragatur</strong></span> <span class='ocrx_word' id='word_1_284' title='bbox 3684 3725 3763 3770; x_wconf 91' lang='lat' dir='ltr'><strong>ac</strong></span> <span class='ocrx_word' id='word_1_285' title='bbox 3800 3726 3955 3789; x_wconf 90' lang='lat' dir='ltr'><strong>pro-</strong></span> 
     </span>
     <span class='ocr_line' id='line_1_48' title="bbox 2442 3805 3949 3888; baseline 0.002 -21"><span class='ocrx_word' id='word_1_286' title='bbox 2442 3806 2597 3867; x_wconf 91' lang='lat' dir='ltr'><strong>dest.</strong></span> <span class='ocrx_word' id='word_1_287' title='bbox 2664 3806 2885 3869; x_wconf 89' lang='lat' dir='ltr'><strong>Unctio</strong></span> <span class='ocrx_word' id='word_1_288' title='bbox 2950 3813 3161 3868; x_wconf 90' lang='lat' dir='ltr'><strong>autem</strong></span> <span class='ocrx_word' id='word_1_289' title='bbox 3222 3806 3538 3880; x_wconf 81' lang='lat' dir='ltr'><strong>Extrema,</strong></span> <span class='ocrx_word' id='word_1_290' title='bbox 3598 3805 3949 3888; x_wconf 89' lang='lat' dir='ltr'><strong>adeptione</strong></span> 
     </span>
     <span class='ocr_line' id='line_1_49' title="bbox 2442 3903 3322 3986; baseline 0.001 -21"><span class='ocrx_word' id='word_1_291' title='bbox 2442 3904 2732 3984; x_wconf 86' lang='lat' dir='ltr'><strong>proxima</strong></span> <span class='ocrx_word' id='word_1_292' title='bbox 2773 3904 2927 3966; x_wconf 86' lang='lat' dir='ltr'><strong>finis</strong></span> <span class='ocrx_word' id='word_1_293' title='bbox 2969 3903 3322 3986; x_wconf 82' lang='lat' dir='ltr'><strong>praefulget.</strong></span> 
     </span>
    </p>
   </div>
   <div class='ocr_carea' id='block_1_16' title="bbox 833 2239 2336 2810">
    <p class='ocr_par' dir='ltr' id='par_1_16' title="bbox 836 2239 2334 2501">
     <span class='ocr_line' id='line_1_50' title="bbox 919 2239 2333 2320; baseline 0.001 -15"><span class='ocrx_word' id='word_1_294' title='bbox 919 2241 1338 2320; x_wconf 84' lang='lat' dir='ltr'><strong>Nunquam</strong></span> <span class='ocrx_word' id='word_1_295' title='bbox 1367 2239 1630 2306; x_wconf 76' lang='lat' dir='ltr'><strong>defuit</strong></span> <span class='ocrx_word' id='word_1_296' title='bbox 1668 2242 2016 2307; x_wconf 84' lang='lat' dir='ltr'><strong>humano</strong></span> <span class='ocrx_word' id='word_1_297' title='bbox 2057 2242 2333 2319; x_wconf 79' lang='lat' dir='ltr'><strong>generi</strong></span> 
     </span>
     <span class='ocr_line' id='line_1_51' title="bbox 836 2336 2334 2417; baseline 0.001 -15"><span class='ocrx_word' id='word_1_298' title='bbox 836 2336 1280 2403; x_wconf 81' lang='lat' dir='ltr'><strong>remedium</strong></span> <span class='ocrx_word' id='word_1_299' title='bbox 1350 2338 1627 2404; x_wconf 81' lang='lat' dir='ltr'><strong>contra</strong></span> <span class='ocrx_word' id='word_1_300' title='bbox 1699 2337 2090 2416; x_wconf 77' lang='lat' dir='ltr'><strong>originale</strong></span> <span class='ocrx_word' id='word_1_301' title='bbox 2165 2351 2334 2417; x_wconf 83' lang='lat' dir='ltr'><strong>pec-</strong></span> 
     </span>
     <span class='ocr_line' id='line_1_52' title="bbox 836 2437 1128 2501; baseline -0.003 0"><span class='ocrx_word' id='word_1_302' title='bbox 836 2437 1128 2501; x_wconf 87' lang='lat' dir='ltr'><strong>catum.</strong></span> 
     </span>
    </p>

    <p class='ocr_par' dir='ltr' id='par_1_17' title="bbox 833 2532 2336 2810">
     <span class='ocr_line' id='line_1_53' title="bbox 913 2532 2336 2614; baseline 0.001 -20"><span class='ocrx_word' id='word_1_303' title='bbox 913 2532 1089 2606; x_wconf 86' lang='lat' dir='ltr'><strong>Quod</strong></span> <span class='ocrx_word' id='word_1_304' title='bbox 1121 2539 1240 2606; x_wconf 86' lang='lat' dir='ltr'><strong>est,</strong></span> <span class='ocrx_word' id='word_1_305' title='bbox 1274 2533 1427 2614; x_wconf 89' lang='lat' dir='ltr'><strong>quia</strong></span> <span class='ocrx_word' id='word_1_306' title='bbox 1456 2532 1600 2596; x_wconf 88' lang='lat' dir='ltr'><strong>fons</strong></span> <span class='ocrx_word' id='word_1_307' title='bbox 1630 2533 1848 2613; x_wconf 83' lang='lat' dir='ltr'><strong>gratiae</strong></span> <span class='ocrx_word' id='word_1_308' title='bbox 1879 2532 2083 2595; x_wconf 92' lang='lat' dir='ltr'><strong>multo</strong></span> <span class='ocrx_word' id='word_1_309' title='bbox 2124 2533 2336 2596; x_wconf 88' lang='lat' dir='ltr'><strong>minus</strong></span> 
     </span>
     <span class='ocr_line' id='line_1_54' title="bbox 835 2629 2335 2713; baseline 0 -19"><span class='ocrx_word' id='word_1_310' title='bbox 835 2629 1059 2694; x_wconf 83' lang='lat' dir='ltr'><strong>deficit</strong></span> <span class='ocrx_word' id='word_1_311' title='bbox 1116 2629 1182 2691; x_wconf 91' lang='lat' dir='ltr'><strong>in</strong></span> <span class='ocrx_word' id='word_1_312' title='bbox 1241 2631 1619 2694; x_wconf 90' lang='lat' dir='ltr'><strong>necessariis</strong></span> <span class='ocrx_word' id='word_1_313' title='bbox 1669 2631 1748 2693; x_wconf 89' lang='lat' dir='ltr'><strong>ad</strong></span> <span class='ocrx_word' id='word_1_314' title='bbox 1797 2631 2091 2705; x_wconf 89' lang='lat' dir='ltr'><strong>salutem,</strong></span> <span class='ocrx_word' id='word_1_315' title='bbox 2143 2651 2335 2713; x_wconf 90' lang='lat' dir='ltr'><strong>quam</strong></span> 
     </span>
     <span class='ocr_line' id='line_1_55' title="bbox 833 2728 2331 2810; baseline 0.001 -20"><span class='ocrx_word' id='word_1_316' title='bbox 833 2735 1061 2790; x_wconf 89' lang='lat' dir='ltr'><strong>natura</strong></span> <span class='ocrx_word' id='word_1_317' title='bbox 1129 2728 1194 2790; x_wconf 91' lang='lat' dir='ltr'><strong>in</strong></span> <span class='ocrx_word' id='word_1_318' title='bbox 1248 2729 1646 2791; x_wconf 78' lang='lat' dir='ltr'><strong>‚necessariis</strong></span> <span class='ocrx_word' id='word_1_319' title='bbox 1715 2730 1794 2791; x_wconf 91' lang='lat' dir='ltr'><strong>ad</strong></span> <span class='ocrx_word' id='word_1_320' title='bbox 1875 2729 2331 2810; x_wconf 89' lang='lat' dir='ltr'><strong>operationem.</strong></span> 
     </span>
    </p>
   </div>
   <div class='ocr_carea' id='block_1_17' title="bbox 536 3704 2335 3984">
    <p class='ocr_par' dir='ltr' id='par_1_18' title="bbox 536 3704 2335 3984">
     <span class='ocr_line' id='line_1_56' title="bbox 835 3704 2335 3788; baseline 0.002 -22"><span class='ocrx_word' id='word_1_321' title='bbox 835 3709 974 3766; x_wconf 89' lang='lat' dir='ltr'><strong>tum</strong></span> <span class='ocrx_word' id='word_1_322' title='bbox 1026 3704 1497 3769; x_wconf 87' lang='lat' dir='ltr'><strong>Sententiarum</strong></span> <span class='ocrx_word' id='word_1_323' title='bbox 1547 3726 1624 3770; x_wconf 89' lang='lat' dir='ltr'><strong>ex</strong></span> <span class='ocrx_word' id='word_1_324' title='bbox 1673 3707 1887 3770; x_wconf 88' lang='lat' dir='ltr'><strong>verbis</strong></span> <span class='ocrx_word' id='word_1_325' title='bbox 1936 3709 1994 3771; x_wconf 91' lang='lat' dir='ltr'><strong>S.</strong></span> <span class='ocrx_word' id='word_1_326' title='bbox 2050 3707 2335 3788; x_wconf 88' lang='lat' dir='ltr'><strong>Gregorii</strong></span> 
     </span>
     <span class='ocr_line' id='line_1_57' title="bbox 538 3801 2330 3883; baseline -0.002 -12"><span class='ocrx_word' id='word_1_327' title='bbox 538 3809 904 3883; x_wconf 70' lang='lat' dir='ltr'><strong>cs.t.xx1v‚et</strong></span> <span class='ocrx_word' id='word_1_328' title='bbox 973 3801 1253 3883; x_wconf 86' lang='lat' dir='ltr'><strong>Hugonis</strong></span> <span class='ocrx_word' id='word_1_329' title='bbox 1325 3805 1616 3868; x_wconf 89' lang='lat' dir='ltr'><strong>doctores</strong></span> <span class='ocrx_word' id='word_1_330' title='bbox 1682 3804 1987 3867; x_wconf 85' lang='lat' dir='ltr'><strong>diffusius</strong></span> <span class='ocrx_word' id='word_1_331' title='bbox 2053 3805 2330 3868; x_wconf 88' lang='lat' dir='ltr'><strong>tradunt.</strong></span> 
     </span>
     <span class='ocr_line' id='line_1_58' title="bbox 536 3891 2334 3984; baseline 0.003 -23"><span class='ocrx_word' id='word_1_332' title='bbox 536 3891 810 3946; x_wconf 75' lang='lat'>¹²·⁷³⁰&#39;⁰⁸⁸·</span> <span class='ocrx_word' id='word_1_333' title='bbox 838 3900 956 3974; x_wconf 86' lang='lat' dir='ltr'><strong>Qui</strong></span> <span class='ocrx_word' id='word_1_334' title='bbox 986 3907 1198 3964; x_wconf 88' lang='lat' dir='ltr'><strong>autem</strong></span> <span class='ocrx_word' id='word_1_335' title='bbox 1232 3902 1296 3964; x_wconf 91' lang='lat' dir='ltr'><strong>in</strong></span> <span class='ocrx_word' id='word_1_336' title='bbox 1329 3903 1466 3984; x_wconf 89' lang='lat' dir='ltr'><strong>lege</strong></span> <span class='ocrx_word' id='word_1_337' title='bbox 1495 3910 1640 3966; x_wconf 87' lang='lat' dir='ltr'><strong>ante</strong></span> <span class='ocrx_word' id='word_1_338' title='bbox 1671 3910 1965 3967; x_wconf 88' lang='lat' dir='ltr'><strong>octavum</strong></span> <span class='ocrx_word' id='word_1_339' title='bbox 2001 3904 2172 3966; x_wconf 92' lang='lat' dir='ltr'><strong>diem</strong></span> <span class='ocrx_word' id='word_1_340' title='bbox 2204 3921 2334 3967; x_wconf 92' lang='lat' dir='ltr'><strong>mo-</strong></span> 
     </span>
    </p>
   </div>
   <div class='ocr_carea' id='block_1_18' title="bbox 2050 4345 2720 4432">
    <p class='ocr_par' dir='ltr' id='par_1_19' title="bbox 2050 4345 2720 4432">
     <span class='ocr_line' id='line_1_59' title="bbox 2050 4345 2720 4432; baseline 0.003 -2"><span class='ocrx_word' id='word_1_341' title='bbox 2050 4348 2193 4431; x_wconf 85' lang='lat' dir='ltr'><strong>DE</strong></span> <span class='ocrx_word' id='word_1_342' title='bbox 2278 4345 2720 4432; x_wconf 80' lang='lat' dir='ltr'><strong>GRATIA</strong></span> 
     </span>
    </p>
   </div>
   <div class='ocr_carea' id='block_1_19' title="bbox 917 4682 3949 4966">
    <p class='ocr_par' dir='ltr' id='par_1_20' title="bbox 917 4682 3949 4966">
     <span class='ocr_line' id='line_1_60' title="bbox 1161 4682 3949 4772; baseline 0.001 -24"><span class='ocrx_word' id='word_1_343' title='bbox 1161 4682 1687 4749; x_wconf 90' lang='lat' dir='ltr'>PROPOSITIO</span> <span class='ocrx_word' id='word_1_344' title='bbox 1736 4682 2001 4749; x_wconf 88' lang='lat' dir='ltr'><strong>CXLII.</strong></span> <span class='ocrx_word' id='word_1_345' title='bbox 2360 4683 2410 4744; x_wconf 95' lang='lat' dir='ltr'>D</span> <span class='ocrx_word' id='word_1_346' title='bbox 2439 4689 2503 4744; x_wconf 85' lang='lat' dir='ltr'><strong>ta</strong></span> <span class='ocrx_word' id='word_1_347' title='bbox 2523 4701 2633 4745; x_wconf 92' lang='lat' dir='ltr'><strong>seu</strong></span> <span class='ocrx_word' id='word_1_348' title='bbox 2655 4683 2888 4765; x_wconf 88' lang='lat' dir='ltr'><strong>pietate</strong></span> <span class='ocrx_word' id='word_1_349' title='bbox 2920 4683 3138 4746; x_wconf 90' lang='lat' dir='ltr'><strong>divina</strong></span> <span class='ocrx_word' id='word_1_350' title='bbox 3165 4683 3360 4764; x_wconf 82' lang='lat' dir='ltr'><strong>gratis</strong></span> <span class='ocrx_word' id='word_1_351' title='bbox 3388 4686 3949 4772; x_wconf 87' lang='lat' dir='ltr'><strong>donante,accipi-</strong></span> 
     </span>
     <span class='ocr_line' id='line_1_61' title="bbox 2436 4781 3947 4870; baseline 0.007 -29"><span class='ocrx_word' id='word_1_352' title='bbox 2436 4787 2541 4842; x_wconf 91' lang='lat' dir='ltr'><strong>tur</strong></span> <span class='ocrx_word' id='word_1_353' title='bbox 2574 4798 2588 4842; x_wconf 75' lang='grc' dir='ltr'><strong><em>ε</em></strong></span> <span class='ocrx_word' id='word_1_354' title='bbox 2622 4781 3165 4862; x_wconf 89' lang='lat' dir='ltr'><strong>quemadmodum</strong></span> <span class='ocrx_word' id='word_1_355' title='bbox 3196 4790 3260 4845; x_wconf 87' lang='lat' dir='ltr'><strong>et</strong></span> <span class='ocrx_word' id='word_1_356' title='bbox 3286 4792 3514 4847; x_wconf 89' lang='lat' dir='ltr'><strong>natura</strong></span> <span class='ocrx_word' id='word_1_357' title='bbox 3552 4788 3947 4870; x_wconf 90' lang='lat' dir='ltr'><strong>quandoque</strong></span> 
     </span>
     <span class='ocr_line' id='line_1_62' title="bbox 917 4874 3945 4966; baseline 0.002 -22"><span class='ocrx_word' id='word_1_358' title='bbox 917 4875 1197 4944; x_wconf 77' lang='lat' dir='ltr'><strong>Gratia</strong></span> <span class='ocrx_word' id='word_1_359' title='bbox 1265 4876 1353 4941; x_wconf 88' lang='lat' dir='ltr'><strong>in</strong></span> <span class='ocrx_word' id='word_1_360' title='bbox 1422 4874 1864 4956; x_wconf 80' lang='lat' dir='ltr'><strong>scripturis</strong></span> <span class='ocrx_word' id='word_1_361' title='bbox 1932 4877 2014 4942; x_wconf 75' lang='lat' dir='ltr'><strong>et</strong></span> <span class='ocrx_word' id='word_1_362' title='bbox 2085 4875 2329 4943; x_wconf 82' lang='lat' dir='ltr'><strong>dictis</strong></span> <span class='ocrx_word' id='word_1_363' title='bbox 2436 4897 2552 4960; x_wconf 88' lang='lat' dir='ltr'><strong>pro</strong></span> <span class='ocrx_word' id='word_1_364' title='bbox 2595 4887 2819 4942; x_wconf 89' lang='lat' dir='ltr'><strong>natura</strong></span> <span class='ocrx_word' id='word_1_365' title='bbox 2860 4881 3139 4943; x_wconf 89' lang='lat' dir='ltr'><strong>sumitur</strong></span> <span class='ocrx_word' id='word_1_366' title='bbox 3181 4890 3536 4956; x_wconf 87' lang='lat' dir='ltr'><strong>naturante,</strong></span> <span class='ocrx_word' id='word_1_367' title='bbox 3579 4903 3722 4966; x_wconf 87' lang='lat' dir='ltr'><strong>quae</strong></span> <span class='ocrx_word' id='word_1_368' title='bbox 3770 4886 3945 4950; x_wconf 89' lang='lat' dir='ltr'><strong>Deus</strong></span> 
     </span>
    </p>
   </div>
   <div class='ocr_carea' id='block_1_20' title="bbox 823 4972 3945 5356">
    <p class='ocr_par' dir='ltr' id='par_1_21' title="bbox 825 4972 3945 5064">
     <span class='ocr_line' id='line_1_63' title="bbox 825 4972 3945 5064; baseline 0.001 -22"><span class='ocrx_word' id='word_1_369' title='bbox 825 4975 1300 5042; x_wconf 82' lang='lat' dir='ltr'><strong>Sanctorum</strong></span> <span class='ocrx_word' id='word_1_370' title='bbox 1330 4972 1588 5041; x_wconf 80' lang='lat' dir='ltr'><strong>variis</strong></span> <span class='ocrx_word' id='word_1_371' title='bbox 1616 4975 1876 5041; x_wconf 85' lang='lat' dir='ltr'><strong>modis</strong></span> <span class='ocrx_word' id='word_1_372' title='bbox 1906 4976 2323 5056; x_wconf 78' lang='lat' dir='ltr'><strong>accipitur.</strong></span> <span class='ocrx_word' id='word_1_373' title='bbox 2432 4983 2545 5039; x_wconf 86' lang='lat' dir='ltr'><strong>est.</strong></span> <span class='ocrx_word' id='word_1_374' title='bbox 2602 4977 2835 5058; x_wconf 82' lang='lat' dir='ltr'><strong>Sicque</strong></span> <span class='ocrx_word' id='word_1_375' title='bbox 2877 4977 3157 5040; x_wconf 83' lang='lat' dir='ltr'><strong>Verbum</strong></span> <span class='ocrx_word' id='word_1_376' title='bbox 3202 4985 3513 5042; x_wconf 74' lang='lat' dir='ltr'><strong>aeternum</strong></span> <span class='ocrx_word' id='word_1_377' title='bbox 3558 4981 3693 5044; x_wconf 79' lang='lat' dir='ltr'><strong>sola</strong></span> <span class='ocrx_word' id='word_1_378' title='bbox 3734 4985 3945 5064; x_wconf 76' lang='lat' dir='ltr'><strong>gratia</strong></span> 
     </span>
    </p>

    <p class='ocr_par' dir='ltr' id='par_1_22' title="bbox 823 5071 3944 5356">
     <span class='ocr_line' id='line_1_64' title="bbox 905 5071 3944 5162; baseline 0.004 -28"><span class='ocrx_word' id='word_1_379' title='bbox 905 5073 1083 5147; x_wconf 86' lang='lat' dir='ltr'><strong>Quod</strong></span> <span class='ocrx_word' id='word_1_380' title='bbox 1139 5080 1257 5146; x_wconf 89' lang='lat' dir='ltr'><strong>est,</strong></span> <span class='ocrx_word' id='word_1_381' title='bbox 1309 5071 1460 5154; x_wconf 89' lang='lat' dir='ltr'><strong>quia</strong></span> <span class='ocrx_word' id='word_1_382' title='bbox 1507 5090 1969 5154; x_wconf 84' lang='lat' dir='ltr'><strong>nonnunquam</strong></span> <span class='ocrx_word' id='word_1_383' title='bbox 2019 5089 2135 5155; x_wconf 89' lang='lat' dir='ltr'><strong>pro</strong></span> <span class='ocrx_word' id='word_1_384' title='bbox 2185 5073 2326 5156; x_wconf 90' lang='lat' dir='ltr'><strong>ipso</strong></span> <span class='ocrx_word' id='word_1_385' title='bbox 2432 5081 2722 5136; x_wconf 91' lang='lat' dir='ltr'><strong>naturam</strong></span> <span class='ocrx_word' id='word_1_386' title='bbox 2770 5076 3119 5158; x_wconf 89' lang='lat' dir='ltr'><strong>assumpsit</strong></span> <span class='ocrx_word' id='word_1_387' title='bbox 3164 5075 3529 5140; x_wconf 89' lang='lat' dir='ltr'><strong>humanam.</strong></span> <span class='ocrx_word' id='word_1_388' title='bbox 3577 5079 3944 5162; x_wconf 86' lang='lat' dir='ltr'><strong>Aliquando</strong></span> 
     </span>
     <span class='ocr_line' id='line_1_65' title="bbox 823 5168 3941 5255; baseline 0.003 -22"><span class='ocrx_word' id='word_1_389' title='bbox 823 5170 1020 5234; x_wconf 88' lang='lat' dir='ltr'><strong>totius</strong></span> <span class='ocrx_word' id='word_1_390' title='bbox 1051 5169 1326 5244; x_wconf 81' lang='lat' dir='ltr'><strong>virtutiS,</strong></span> <span class='ocrx_word' id='word_1_391' title='bbox 1360 5168 1758 5231; x_wconf 85' lang='lat' dir='ltr'><strong>liberalitatis</strong></span> <span class='ocrx_word' id='word_1_392' title='bbox 1801 5177 1991 5252; x_wconf 89' lang='lat' dir='ltr'><strong>atque</strong></span> <span class='ocrx_word' id='word_1_393' title='bbox 2032 5170 2324 5252; x_wconf 84' lang='lat' dir='ltr'><strong>gratuitae</strong></span> <span class='ocrx_word' id='word_1_394' title='bbox 2430 5189 2583 5236; x_wconf 88' lang='lat' dir='ltr'><strong>vero</strong></span> <span class='ocrx_word' id='word_1_395' title='bbox 2610 5172 2809 5254; x_wconf 86' lang='lat' dir='ltr'><strong>gratia</strong></span> <span class='ocrx_word' id='word_1_396' title='bbox 2838 5172 3197 5255; x_wconf 89' lang='lat' dir='ltr'><strong>appellatur</strong></span> <span class='ocrx_word' id='word_1_397' title='bbox 3238 5191 3430 5238; x_wconf 90' lang='lat' dir='ltr'><strong>omne</strong></span> <span class='ocrx_word' id='word_1_398' title='bbox 3460 5174 3704 5240; x_wconf 89' lang='lat' dir='ltr'><strong>bonum</strong></span> <span class='ocrx_word' id='word_1_399' title='bbox 3732 5185 3798 5240; x_wconf 88' lang='lat' dir='ltr'><strong>et</strong></span> <span class='ocrx_word' id='word_1_400' title='bbox 3823 5179 3941 5243; x_wconf 90' lang='lat' dir='ltr'><strong>do-</strong></span> 
     </span>
     <span class='ocr_line' id='line_1_66' title="bbox 825 5265 3941 5356; baseline 0.003 -22"><span class='ocrx_word' id='word_1_401' title='bbox 825 5266 1186 5334; x_wconf 88' lang='lat' dir='ltr'><strong>donationis</strong></span> <span class='ocrx_word' id='word_1_402' title='bbox 1216 5265 1548 5341; x_wconf 88' lang='lat' dir='ltr'><strong>fonte,hoc</strong></span> <span class='ocrx_word' id='word_1_403' title='bbox 1579 5273 1674 5328; x_wconf 85' lang='lat' dir='ltr'><strong>est</strong></span> <span class='ocrx_word' id='word_1_404' title='bbox 1703 5284 1820 5348; x_wconf 89' lang='lat' dir='ltr'><strong>pro</strong></span> <span class='ocrx_word' id='word_1_405' title='bbox 1846 5267 2047 5348; x_wconf 90' lang='lat' dir='ltr'><strong>gratia</strong></span> <span class='ocrx_word' id='word_1_406' title='bbox 2079 5268 2321 5332; x_wconf 90' lang='lat' dir='ltr'><strong>increa-</strong></span> <span class='ocrx_word' id='word_1_407' title='bbox 2430 5290 2587 5334; x_wconf 91' lang='lat' dir='ltr'><strong>num</strong></span> <span class='ocrx_word' id='word_1_408' title='bbox 2628 5271 2905 5356; x_wconf 90' lang='lat' dir='ltr'><strong>desuper</strong></span> <span class='ocrx_word' id='word_1_409' title='bbox 2943 5271 3049 5355; x_wconf 88' lang='lat' dir='ltr'><strong>pie</strong></span> <span class='ocrx_word' id='word_1_410' title='bbox 3088 5290 3199 5336; x_wconf 90' lang='lat' dir='ltr'><strong>seu</strong></span> <span class='ocrx_word' id='word_1_411' title='bbox 3242 5273 3437 5355; x_wconf 88' lang='lat' dir='ltr'><strong>gratis</strong></span> <span class='ocrx_word' id='word_1_412' title='bbox 3481 5273 3785 5340; x_wconf 89' lang='lat' dir='ltr'><strong>collatum</strong></span> <span class='ocrx_word' id='word_1_413' title='bbox 3819 5295 3834 5340; x_wconf 89' lang='lat'>:</span> <span class='ocrx_word' id='word_1_414' title='bbox 3870 5287 3941 5342; x_wconf 88' lang='lat' dir='ltr'><strong>et</strong></span> 
     </span>
    </p>
   </div>
  </div>
 </body>
</html>
