4300 6259
104 2467 113 2509 l
129 2467 217 2508 Tin..
233 2482 269 2517 u,
282 2471 317 2510 t.

118 3730 254 3836 ιονιωι.
266 3750 315 3786 τι,

108 3801 121 3836 l
146 3827 155 3836 .

1004 512 1429 562 nmnnnnno
1466 509 1863 560 mmmmm.
1911 525 1991 538 —
2033 508 2113 556 DE
2155 507 2276 556 ΒΕΘ
2317 509 2438 558 1]Νο
2480 510 2556 556 BT
2595 509 2777 557 ‘mmo

3327 484 3446 552 153

348 685 569 750 sistere
588 703 607 766 ;
639 687 707 750 in
752 686 940 768 cujus
980 684 1223 750 ditione
1266 690 1496 747 cuncta
1538 688 1689 746 sunt
1728 698 1839 764 po-
1869 678 1922 743 A
1952 697 2081 744 non
2126 679 2528 764 permitteret
2567 679 2714 744 fieri
2759 679 2945 755 mala,
2979 677 3104 743 nisi
3147 677 3344 743 vellet
3383 683 3448 742 et

349 785 487 858 sita,
531 793 593 848 et
640 786 753 868 qui
804 784 964 848 nulli
1015 791 1113 848 est
1158 782 1499 864 obligatuS‚
1544 781 1669 844 nisi
1718 780 1845 843 for-

346 881 529 944 tassis
556 882 623 944 in
654 890 963 965 quantum
992 879 1409 962 diligentibus
1437 878 1843 961 fideliterque

348 978 705 1042 colentibus
732 997 989 1053 eum‚se
1020 979 1233 1062 ipsum
1267 977 1562 1060 promisit
1591 975 1657 1039 in
1688 994 1843 1058 prae·

350 1078 550 1138 mium
594 1085 661 1140 et
700 1076 1113 1140 beneficium.
1160 1075 1319 1138 Hinc
1363 1075 1533 1157 quod
1576 1074 1839 1157 quidam

348 1173 711 1257 philosophi
760 1175 1083 1249 dixerunt,
1134 1175 1201 1236 in
1261 1174 1390 1236 Deo
1444 1171 1837 1237 voluntatem

346 1289 469 1334 non
513 1291 679 1346 esse,
724 1272 1213 1354 intelligendum
1256 1279 1353 1334 est
1394 1271 1475 1334 de
1514 1269 1839 1334 voluntate

345 1371 667 1444 desiderii,
707 1373 877 1454 quod
906 1379 1005 1435 est
1041 1371 1191 1434 boni
1220 1369 1521 1443 habendi,
1554 1369 1839 1432 nondum

343 1469 553 1551 adepti
605 1488 725 1532 nec
768 1469 997 1544 habiti,
1049 1487 1175 1533 non
1222 1469 1301 1532 de
1348 1468 1675 1530 voluntate
1724 1466 1839 1529 im·

346 1567 603 1630 mobilis
660 1567 1158 1651 complacentia.
1212 1566 1500 1649 Denique
1546 1566 1841 1630 voluntas

344 1666 451 1728 Dei
512 1675 704 1749 prout
763 1668 829 1729 in
888 1667 1031 1749 ipso
1077 1667 1207 1730 Deo
1256 1665 1569 1740 consistit,
1618 1672 1840 1747 estque

344 1763 565 1827 volitio
624 1765 787 1846 eJus,
847 1783 973 1847 qua
1029 1763 1169 1827 vult
1224 1762 1468 1846 aliquid
1529 1761 1673 1825 fieri
1730 1768 1838 1824 aut

1950 787 2168 862 posset
2207 780 2356 842 inde
2394 779 2630 844 elicere
2671 778 2856 843 bona.

2323 986 2841 1053 PROPOSITIO
2887 985 3068 1054 LIII.

2028 1172 2480 1242 Rationalis
2520 1172 2888 1238 creatura
2916 1184 3144 1237 suam
3175 1170 3450 1238 volun-

1947 1272 2200 1337 tatem
2249 1269 2738 1338 conformare
2793 1283 2886 1336 ae
2937 1267 3275 1336 subdere
3324 1268 3450 1335 de-

1948 1368 2086 1434 bet
2122 1369 2528 1435 voluntati
2571 1367 2889 1435 divinae.

2029 1465 2206 1540 Quod
2250 1472 2366 1538 est,
2399 1464 2550 1546 quia
2591 1471 2656 1528 et
2699 1464 2836 1546 ipse
2879 1462 3450 1545 superbenedictus

1950 1561 2208 1626 Creator
2235 1561 2356 1625 hoc
2381 1560 2564 1642 jubet
2591 1568 2655 1624 et
2683 1561 2899 1643 exigit,
2914 1560 3277 1624 obedientia
3307 1578 3452 1642 quo-

1950 1679 2076 1743 que
2133 1661 2426 1742 requirit,
2471 1667 2699 1742 estque
2738 1657 3196 1740 justissimum,
3238 1665 3301 1720 et
3344 1658 3450 1722 bo-

1950 1757 2359 1821 norificentia
2396 1757 2508 1821 Dei
2549 1757 2840 1820 consistit
2881 1757 2944 1820 in
2987 1757 3128 1820 hoc.
3163 1755 3452 1839 Denique

342 1879 466 1925 non
514 1861 665 1925 fieri
720 1861 1032 1936 absolute,
1083 1881 1227 1944 quae
1276 1869 1341 1924 et
1388 1860 1681 1924 voluntas
1730 1860 1837 1923 be·
1866 1861 1913 1924 B
1951 1855 2372 1920 conformatio
2403 1855 2523 1918 ista
2555 1854 2967 1936 intelligenda
3006 1862 3103 1918 est
3139 1861 3451 1937 quantum

343 1959 645 2041 neplaciti
677 1960 837 2023 solet
868 1959 1393 2042 vocari,.semper
1428 1967 1493 2022 et
1520 1967 1693 2022 certe
1722 1959 1842 2020 im-

342 2057 571 2139 pletur.

418 2153 849 2236 Distinguitur
884 2163 1099 2218 autem
1139 2155 1435 2219 voluntas
1472 2154 1585 2217 Dei
1630 2153 1697 2216 in
1733 2170 1841 2216 vo·

346 2253 653 2315 luntatem
721 2253 1227 2326 antecedentem,
1288 2271 1416 2336 qua
1470 2252 1637 2316 Deus
1702 2251 1843 2314 vult

342 2349 583 2432 aliquid
616 2351 973 2414 secundum
1016 2370 1217 2414 unum
1256 2357 1642 2433 respectum,
1674 2348 1842 2412 sicut

343 2447 479 2510 vult
518 2466 749 2512 omnes
790 2448 1083 2512 homines
1124 2448 1377 2522 salvari,
1422 2449 1487 2510 in
1528 2455 1841 2530 quantum

344 2555 491 2610 sunt
532 2546 877 2610 rationales
922 2554 1249 2620 creaturae,
1282 2547 1360 2610 ad
1406 2553 1709 2610 aeternam
1752 2545 1843 2608 fe·

343 2645 651 2708 licitatem
699 2643 1003 2708 ordinatae
1044 2653 1109 2708 et
1151 2644 1443 2718 conditae,
1488 2662 1561 2706 ac
1610 2642 1842 2708 Christi

342 2742 655 2825 sanguine
696 2741 1019 2822 liberatae3
1049 2749 1113 2806 et
1153 2742 1221 2805 in
1260 2741 1653 2806 voluntatem
1696 2759 1843 2804 con-

343 2847 745 2924 sequentem,
794 2859 922 2922 qua
976 2841 1117 2903 vult
1171 2839 1416 2923 aliquid
1464 2839 1847 2922 simpliciter

342 2957 451 3001 seu
478 2939 798 3011 absolute,
832 2939 1135 3002 omnibus
1165 2938 1315 3001 hinc
1348 2938 1495 3002 inde
1526 2939 1841 3021 pensatis:

1949 1955 2028 2017 ad
2076 1961 2291 2017 actum
2352 1953 2696 2017 voluntatis
2755 1961 3003 2026 creatae,
3053 1969 3181 2015 non
3235 1960 3452 2015 tamen

1951 2071 2208 2134 semper
2238 2052 2302 2114 in
2337 2051 2610 2115 volendo
2639 2059 2703 2114 et
2734 2050 3010 2115 nolendo
3038 2069 3115 2114 ea
3143 2069 3284 2133 quae
3313 2049 3454 2113 vult

1952 2152 2119 2215 Deus
2163 2157 2273 2213 aut
2329 2170 2472 2233 quae
2525 2168 2653 2213 non
2696 2150 2854 2213 vult.
2909 2151 3043 2212 lmo
3085 2148 3454 2231 frequenter

1952 2249 2246 2313 volumus
2277 2257 2342 2312 et
2370 2257 2668 2332 optamus
2697 2248 2990 2331 opposita
3019 2248 3118 2310 his
3149 2266 3293 2330 quae
3319 2246 3455 2310 vult

1952 2350 2141 2422 DeuS,
2173 2355 2239 2411 et
2282 2348 2582 2413 nolumus
2626 2366 2768 2430 quae
2811 2346 2952 2410 vult
2996 2347 3134 2429 ipse
3175 2363 3190 2408 :
3233 2365 3452 2428 quem-

1950 2447 2296 2510 admodum
2355 2446 2778 2528 deprecamur
2836 2463 2953 2527 pro
3009 2445 3300 2508 omnium
3359 2443 3451 2506 in-

1951 2544 2250 2627 fidelium
2317 2544 2758 2618 conversione,
2823 2561 2941 2628 pro
3005 2544 3452 2607 universorum

1953 2642 2180 2718 salute,
2213 2659 2488 2726 quorum
2523 2642 2708 2705 multi
2741 2649 2892 2705 sunt
2918 2639 3174 2724 reprobi
3204 2647 3268 2703 et
3297 2659 3453 2722 prae-

1954 2740 2119 2803 sciti.
2175 2740 2478 2804 Consistit
2531 2757 2686 2822 ergo
2743 2738 3186 2813 conformatio,
3236 2739 3455 2802 obedi-

1952 2839 2043 2902 tio
2073 2845 2136 2902 et
2165 2839 2482 2920 subjectio
2514 2839 2653 2910 ista,
2689 2837 2753 2900 in
2797 2838 2918 2900 hoc
2961 2845 3030 2900 ut
3064 2856 3140 2899 ea
3179 2835 3456 2900 velimus

1954 2957 2097 3019 quae
2146 2938 2312 2999 Deus
2363 2937 2503 3000 vult
2551 2955 2666 3000 nos
2715 2935 2902 3008 velle,
2948 2943 3014 2999 et
3055 2954 3130 2998 ea
3173 2952 3302 2997 non
3351 2953 3457 2998 ve-

343 3037 518 3100 etita
558 3037 703 3100 vult
738 3036 956 3119 plures
994 3037 1281 3100 damnari
1324 3045 1583 3120 propter
1620 3054 1839 3099 eorum
1875 3032 1918 3097 C
1958 3034 2151 3098 limus
2183 3054 2325 3117 quae
2357 3035 2494 3117 ipse
2535 3035 2675 3098 vult
2717 3051 2832 3097 nos
2862 3051 2990 3097 non
3032 3033 3234 3112 velle3
3265 3040 3456 3115 atque

342 3153 662 3198 excessus.
714 3135 955 3198 Rursus
1014 3134 1323 3197 dividitur
1380 3135 1673 3197 voluntas
1732 3135 1841 3197 Dei

343 3233 407 3294 in
462 3233 861 3296 voluntatem
922 3230 1329 3314 beneplaciti,
1388 3239 1451 3294 et
1502 3232 1567 3294 in
1626 3231 1847 3295 volun-

344 3337 533 3393 tatem
596 3329 767 3410 signi
832 3346 848 3391 ε
914 3329 1137 3411 sicque
1194 3327 1491 3392 voluntas
1554 3329 1665 3391 Dei
1728 3327 1846 3392 fre-

342 3435 616 3509 quenter
662 3426 1021 3510 appellatur
1065 3426 1293 3508 jussio,
1340 3425 1689 3509 prohibitio
1738 3433 1847 3488 aut

344 3526 666 3589 consultio
720 3525 863 3606 ejus
908 3524 1017 3606 (de
1076 3524 1313 3607 quibus
1370 3531 1617 3587 constat
1674 3525 1845 3607 quod

342 3624 691 3706 aliquando
746 3623 1200 3705 adimplentur,
1262 3623 1585 3686 interdum
1646 3640 1775 3686 non
1825 3641 1840 3687 ε

344 3724 509 3786 unde
556 3740 842 3796 oramus,
876 3722 1010 3784 Fiat
1048 3721 1341 3783 voluntas
1389 3728 1520 3794 tua,
1562 3721 1726 3784 sicut
1776 3721 1842 3785 in

342 3822 500 3885 coelo
530 3829 599 3884 et
638 3821 706 3882 in
740 3822 978 3900 terra);
1012 3818 1353 3901 permissio
1384 3837 1661 3902 quoque,
1694 3839 1843 3884 con-

342 3926 433 3982 tra
474 3939 675 4003 quam
720 3918 812 3982 nil
856 3917 1001 3981 fieri
1046 3917 1236 3991 valet,
1286 3919 1416 3981 imo
1459 3918 1551 3981 nil
1596 3918 1674 3981 fit
1720 3919 1842 3982 nisi

340 4018 465 4082 Deo
518 4025 753 4100 agente
818 4022 929 4078 aut
992 4015 1422 4097 permittente.
1483 4015 1610 4078 Nec
1676 4016 1843 4080 Deus

338 4117 691 4198 quidquam
738 4114 1053 4197 permittit
1096 4112 1219 4176 nisi
1268 4112 1731 4177 rationabiliter
1780 4122 1843 4176 et

1958 3142 2027 3196 ut
2068 3133 2204 3196 haec
2247 3133 2524 3196 velimus
2563 3151 2678 3195 seu
2717 3149 2843 3196 non
2884 3131 3160 3195 velimus
3208 3148 3286 3194 eo
3329 3149 3458 3195 mo-

1955 3233 2037 3295 do
2080 3239 2145 3294 et
2193 3231 2326 3294 fine
2359 3223 2428 3294 ut'
2469 3231 2605 3314 ipse
2645 3231 2943 3303 instituit,
2977 3237 3132 3312 puta
3169 3229 3456 3293 ordinate

1954 3330 2032 3392 ad
2091 3329 2204 3392 Dei
2254 3329 2521 3410 gloriam
2572 3335 2636 3392 et
2683 3327 3013 3401 honorem,
3063 3333 3128 3389 et
3175 3326 3329 3390 item
3377 3345 3453 3388 ex

1954 3427 2236 3490 caritate.
2290 3427 2618 3500 Praeterea,
2672 3425 2838 3488 sicut
2897 3425 3038 3488 fons
3094 3425 3304 3488 omnis
3359 3424 3456 3505 ju-

1954 3524 2143 3587 stitiae
2209 3543 2282 3586 ac
2347 3524 2540 3586 totius
2597 3523 2816 3605 regula
2883 3522 3220 3606 aequitatis,
3282 3522 3448 3584 Deus

1954 3621 2330 3694 altissimus,
2373 3621 2512 3682 vult
2558 3621 2846 3702 quaedam
2889 3638 3016 3683 uno
3066 3620 3276 3692 mod0‚
3327 3637 3454 3682 non

1953 3718 2081 3781 alio
2139 3718 2350 3792 modo,
2409 3725 2475 3781 et
2533 3719 2824 3800 quaedam
2893 3717 3220 3780 voluntate
3285 3725 3456 3779 ante·

1954 3817 2242 3891 cedente,
2301 3833 2426 3880 non
2486 3815 2814 3879 voluntate
2877 3823 3330 3898 consequente,
3391 3822 3455 3876 et

1952 3915 2244 3998 quaedam
2313 3914 2668 3978 secundum
2739 3914 2916 3996 quid,
2977 3933 3090 3976 seu
3149 3912 3457 3977 conditio-

1954 4013 2181 4075 naliter
2225 4019 2337 4075 aut
2383 4019 2694 4094 quantum
2746 4012 2810 4073 in
2869 4030 2938 4074 se
2989 4017 3106 4084 est,
3156 4011 3444 4093 quaedam

1950 4129 2104 4173 vero
2140 4109 2522 4192 simpliciter
2560 4117 2624 4172 et
2661 4109 2991 4188 absolute;
3026 4110 3112 4172 ita
3149 4110 3228 4173 de
3267 4109 3453 4173 nobis

336 4214 523 4293 juste,
556 4214 917 4277 secundum
954 4219 1243 4276 tenorem
1283 4219 1347 4274 et
1381 4211 1671 4274 ordinem
1704 4229 1843 4294 pro·
1870 4209 1919 4270 D
1951 4216 2046 4272 est
2090 4208 2515 4272 sentiendum.
2550 4207 2852 4282 Quamvis
2894 4207 3068 4272 enim
3113 4224 3451 4270 noscamus

338 4312 637 4376 videntiae
686 4330 835 4374 suae.
883 4310 1031 4374 Ideo
1078 4309 1407 4373 voluntate
1454 4308 1839 4392 beneplaciti

341 4410 723 4492 simpliciter
752 4408 943 4482 dicta,
976 4425 1103 4472 non
1143 4407 1284 4471 vult
1321 4407 1465 4470 fieri
1509 4407 1674 4472 mala
1713 4408 1842 4470 cul-

340 4527 431 4589 pae
462 4509 527 4570 in
558 4515 876 4591 quantum
916 4507 1288 4587 huiusmodi
1315 4525 1331 4585 ;
1364 4507 1476 4569 sed
1506 4515 1696 4589 prout
1727 4507 1840 4568 ini·

342 4607 447 4687 qui
494 4612 829 4669 merentur
873 4605 1045 4686 juste
1100 4605 1377 4688 relinqui
1430 4623 1502 4667 ac
1551 4604 1629 4667 de
1672 4605 1841 4668 malo

342 4703 405 4766 in
436 4703 623 4788 pejus
656 4721 977 4776 corruere,
1010 4721 1127 4766 suo
1158 4703 1347 4767 modo
1382 4704 1522 4766 vult
1548 4721 1661 4766 ea:
1687 4722 1841 4785 prae·

342 4803 559 4864 sertim
590 4801 952 4864 secundum
982 4803 1154 4883 quod
1184 4821 1262 4865 ex
1304 4800 1489 4864 malis
1534 4802 1663 4864 illis
1703 4802 1840 4884 ipse

342 4899 565 4974 bonuS,
627 4899 887 4982 sapiens
936 4907 1144 4984 atque
1210 4901 1615 4982 omnipotens
1673 4901 1841 4964 Deus

341 4999 621 5063 decrevit
664 4997 866 5061 multa
909 4998 1077 5061 bona
1114 4997 1365 5062 elicere.
1403 4999 1557 5062 Nam
1602 5007 1667 5062 et
1704 5001 1839 5082 ipse

339 5104 465 5160 tam
522 5097 733 5160 bonus
788 5113 864 5158 ac
920 5096 1175 5178 sapiens
1224 5096 1617 5180 perhibetur,
1668 5097 1839 5180 quod

1951 4308 2186 4370 multos
2234 4325 2374 4370 esse
2421 4313 2676 4369 vocatos
2726 4313 2788 4369 et
2837 4306 3162 4388 reprobos„
3217 4323 3450 4387 paucos

1948 4423 2101 4468 vero
2131 4405 2399 4482 electos;
2421 4412 2700 4467 attamen
2733 4404 2920 4466 modo
2950 4411 3252 4486 praetacto
3279 4411 3451 4485 opta-

1952 4522 2094 4566 mus
2155 4520 2372 4564 omnes
2443 4501 2695 4564 salvari.
2761 4502 2838 4563 Et
2901 4501 3196 4584 quamvis
3265 4501 3450 4564 nobis

1952 4607 2268 4664 constaret
2298 4601 2376 4663 de
2407 4601 2598 4664 certis
2629 4601 2922 4683 personis
2953 4600 3123 4682 quod
3164 4599 3450 4682 reprobae

1950 4698 2324 4772 sint,nibilo
2355 4699 2568 4761 minus
2599 4699 2718 4760 sub
2751 4698 3136 4771 conditione,
3158 4698 3222 4760 in
3253 4716 3449 4779 quan-

1947 4806 2084 4860 tum
2114 4795 2324 4858 adhuc
2354 4795 2629 4858 viatores
2661 4803 2831 4869 sunt,
2865 4813 3199 4878 possemus
3229 4813 3444 4857 earum

1947 4903 2168 4977 optare
2198 4893 2492 4956 salutem.
2525 4893 2668 4956 Haec
2709 4893 2969 4955 demum
3009 4893 3088 4956 de
3127 4892 3448 4956 voluntate

1948 4992 2206 5077 proprie
2256 4998 2533 5072 sumpta,
2586 5007 2712 5053 non
2774 4991 2852 5053 de
2899 4991 3188 5072 appetitu
3238 4989 3443 5054 solum

1946 5090 2219 5154 naturali
2249 5097 2361 5152 aut
2390 5089 2693 5164 sensuali,
2728 5096 2879 5152 sunt
2906 5089 3330 5172 suscipienda.

3505 4320 3683 4364 March.

3477 4397 3576 4435 xxti,
3599 4385 3666 4427 ss.
