4300 6259
855 524 933 571 ΒΕ
973 524 1201 571 Lunum
1244 524 1627 571 cnnls‘rlANAE
1666 522 1969 579 Tamum,
2015 522 2192 569 1.th
2234 524 2297 569 11.
2343 542 2424 553 --
2465 526 2604 571 Aur.
2652 525 2844 572 xxxiv

3289 506 3412 569 429

278 694 513 758 nullus
566 696 801 760 dicitur
840 698 1097 781 proprie
1154 698 1485 762 caritatem
1539 694 1792 759 babere.
1829 694 1879 757 A
1912 695 2364 758 communicet.
2419 696 2574 759 Nam
2624 696 2842 777 gloriae
2891 694 3224 779 plenitudo
3273 694 3412 757 sine

276 792 805 879 Unumquodque
826 804 1037 859 autem
1070 797 1135 859 in
1166 804 1416 860 tantum
1439 802 1536 859 est
1562 792 1799 857 amabi-

280 892 363 963 le,
400 892 473 954 in
509 902 819 975 quantum
858 895 1054 957 fuerit
1094 895 1355 957 bonum.
1394 893 1617 957 Omnis
1648 908 1799 955 vero

280 997 503 1051 creata
536 988 785 1055 bonitas
816 992 1001 1055 finita
1030 999 1145 1055 est.
1172 992 1306 1055 Non
1333 1009 1483 1072 ergo
1503 989 1799 1052 amabilis

280 1097 381 1150 est
418 1108 681 1152 summa
722 1091 983 1155 caritate
1022 1110 1165 1173 quae
1208 1091 1271 1153 in
1304 1091 1431 1153 Deo
1471 1096 1569 1152 est
1606 1096 1669 1151 et
1710 1087 1799 1149 in-

282 1186 481 1249 finita
514 1187 783 1251 exsistit.
809 1188 873 1251 Si
906 1207 1057 1270 ergo
1087 1197 1185 1251 est
1216 1188 1281 1251 in
1306 1189 1433 1251 Deo
1462 1205 1715 1250 summa
1734 1192 1799 1247 et

284 1285 485 1367 plena
516 1285 745 1348 caritas
765 1288 892 1365 (est
920 1287 1187 1367 autem),
1214 1294 1367 1348 tunc
1400 1302 1797 1366 consequens

282 1390 405 1455 est,
450 1391 525 1445 ut
562 1385 647 1446 sit
696 1384 761 1446 in
804 1386 944 1467 ipso
984 1384 1315 1467 pluralitas
1356 1401 1793 1467 personarum.

364 1482 665 1545 Secunda
696 1483 855 1546 ratio
884 1490 1019 1545 est:
1044 1482 1593 1557 Quemadmodum
1624 1481 1798 1543 enim

286 1580 629 1661 plenitudo
688 1581 1013 1655 bonitatiS‚
1059 1582 1153 1644 sic
1198 1589 1261 1643 et
1308 1580 1631 1643 felicitatis
1672 1579 1799 1661 ple-

287 1678 523 1741 nitudo
556 1680 759 1760 exigit
801 1696 1121 1743 summam
1162 1679 1289 1743 Deo
1332 1680 1541 1741 inesse
1578 1678 1802 1741 carita-

286 1784 443 1838 tem.
483 1776 662 1840 Sicut
700 1796 935 1859 nempe
976 1777 1237 1839 caritate
1282 1776 1373 1839 nil
1422 1776 1672 1849 meliuS,
1706 1775 1799 1837 sic

1912 793 2021 857 illo
2051 793 2272 856 haberi
2305 812 2432 857 non
2465 802 2694 877 potest,
2727 814 2856 877 quo
2886 796 2978 858 nil
3009 794 3262 857 dulcius
3294 793 3416 857 nil-

1910 910 2035 973 que
2068 892 2432 974 possidetur
2468 893 2838 973 jucundius.
2867 893 3160 957 Caritatis
3199 900 3412 955 autem

1911 989 2162 1052 deliciis
2191 990 2638 1053 delectabilius
2670 992 2830 1054 nihil
2863 992 3133 1054 exsistit.
3161 991 3280 1053 Sed
3315 991 3414 1053 his

1912 1087 2164 1150 deliciis
2209 1089 2592 1152 internaliter
2637 1090 2803 1153 Deus
2853 1098 3121 1164 careret,
3170 1090 3222 1152 si
3275 1090 3414 1151 sine

1912 1193 2206 1249 consorte
2251 1186 2314 1247 in
2357 1187 2518 1249 solio
2559 1188 2912 1268 majestatis
2951 1186 3348 1250 subsisteret.

1994 1284 2115 1346 Sed
2161 1283 2257 1347 hae
2306 1284 2604 1357 rationes,
2646 1286 2942 1366 quamvis
2993 1303 3410 1367 personarum

1914 1382 2368 1464 pluralitatem,
2421 1383 2706 1446 nondum
2765 1392 2980 1446 tamen
3040 1383 3412 1447 earumdem

1914 1480 2264 1543 trinitatem
2315 1482 2747 1544 ostenderunt.
2796 1482 2886 1544 Ex
2936 1482 3179 1545 eisdem
3221 1482 3414 1563 igitur

1912 1578 2532 1642 considerationibus
2592 1580 2880 1662 procedit
2941 1582 3019 1643 ad
3087 1581 3413 1644 Trinitatis

1913 1677 2547 1752 demonstrationem,
2580 1697 2658 1741 ex
2701 1679 2938 1761 quibus
2982 1679 3410 1762 pluralitatem

1914 1774 2015 1837 vel
2062 1776 2277 1859 potius
2321 1777 2694 1840 dualitatem
2735 1778 3013 1841 ostendit
3048 1778 3412 1841 divinarum

287 1894 363 1937 ea
406 1875 505 1937 nil
540 1876 895 1957 jucundius
934 1876 1237 1939 cernitur.
1284 1876 1657 1939 Jucunditas
1695 1893 1801 1936 au·
1834 1870 1881 1933 B
1915 1891 2352 1956 personarum.
2405 1876 2562 1939 Nam
2617 1878 3156 1958 quemadmodum
3217 1877 3416 1959 pleni-

286 1982 421 2035 tem
484 1974 563 2037 ad
622 1973 1086 2037 beatitudinem
1142 1974 1387 2037 attinet.
1440 1975 1509 2036 In
1568 1972 1801 2035 divinae

290 2072 495 2153 igitur
524 2072 852 2135 felicitatis
891 2072 1293 2155 plenitudine
1334 2090 1651 2135 summam
1695 2088 1801 2133 ne-

289 2189 473 2233 cesse
504 2179 603 2233 est
632 2172 962 2234 caritatem
1004 2170 1209 2233 fateri.
1246 2171 1485 2235 Caritas
1526 2170 1803 2252 denique

292 2270 489 2352 plena
516 2270 637 2333 hoc
670 2269 963 2352 requirit,
982 2278 1050 2332 ut
1078 2270 1163 2332 sit
1190 2269 1303 2352 qui
1333 2288 1474 2332 eam
1506 2266 1803 2331 exhibeat

291 2376 355 2430 et
387 2368 744 2450 impendat,
782 2368 1076 2450 adsitque
1105 2368 1165 2430 ei
1196 2368 1301 2431 cui
1332 2368 1619 2450 impendi
1661 2384 1805 2449 pos-

292 2466 395 2527 sit.
432 2466 559 2528 Sed
589 2465 819 2527 caritas
862 2466 983 2528 ista
1022 2466 1307 2547 perfecta
1344 2484 1484 2528 esse
1528 2483 1654 2527 non
1699 2483 1806 2526 va-

296 2563 381 2626 let
441 2582 655 2646 neque
702 2564 1010 2645 jucunda,
1072 2564 1125 2627 si
1184 2582 1313 2627 non
1372 2565 1455 2626 sit
1510 2571 1735 2627 mutua
1785 2580 1799 2624 ε

294 2664 633 2746 proprium
665 2664 905 2726 etenim
936 2664 1171 2728 amoris
1202 2672 1321 2737 est,
1354 2671 1425 2727 ut
1464 2683 1684 2727 amans
1722 2662 1803 2725 ab

291 2770 505 2825 amato
554 2762 736 2843 diligi
780 2762 955 2824 velit.
1004 2762 1223 2845 ltaque
1270 2762 1334 2825 in
1380 2762 1571 2846 pleno
1614 2770 1805 2843 atque

290 2861 585 2940 jucundo
612 2878 829 2923 amore
858 2878 1121 2923 necesse
1160 2867 1259 2923 est
1294 2878 1435 2923 esse
1477 2860 1588 2944 qui
1634 2877 1804 2923 amo-

295 2976 433 3020 rem
478 2958 833 3040 impendat‚
867 2966 931 3021 et
972 2958 1083 3041 qui
1124 2976 1407 3021 amorem
1448 2959 1753 3042 rependat
1786 2976 1801 3020 ε

1916 1972 2068 2035 tudo
2098 1972 2402 2035 bonitatis
2432 1980 2496 2035 et
2526 1973 2852 2037 felicitatis
2881 1994 2954 2037 ac
2986 1974 3221 2055 gloriae‚
3257 1976 3416 2038 cari·

1915 2077 2105 2132 tatem
2170 2070 2234 2133 in
2285 2072 2414 2133 Deo
2461 2072 2660 2153 exigit
2707 2081 2972 2145 tantam,
3026 2093 3153 2155 qua
3212 2074 3417 2155 major

1914 2187 2053 2231 esse
2086 2186 2212 2231 non
2247 2171 2580 2251 potest,sic
2612 2188 2872 2253 prorsus
2901 2172 3094 2234 talem
3125 2172 3414 2254 requirit,

1914 2285 2041 2348 qua
2100 2266 2328 2330 melior
2391 2287 2532 2331 esse
2601 2271 2842 2351 nequit.
2907 2269 3144 2333 Caritas
3201 2278 3416 2333 autem

1913 2365 2156 2447 optima
2186 2373 2249 2429 et
2278 2374 2718 2429 consummata
2751 2367 2869 2431 hoc
2911 2369 3244 2451 potissime
3275 2388 3416 2451 pro-

1916 2462 2129 2545 prium
2163 2462 2374 2537 babet,
2409 2472 2480 2526 ut
2518 2465 2674 2527 velit
2711 2465 2986 2529 alterum
3027 2465 3208 2548 diligi
3250 2468 3418 2530 sicut

1914 2580 2003 2633 se,
2050 2570 2119 2623 ut
2169 2562 2470 2625 videlicet
2515 2563 2600 2625 sit
2647 2564 2906 2627 tertium
2956 2565 3411 2640 condilectum,

1912 2660 2139 2723 alterni
2190 2662 2424 2723 amoris
2471 2662 2746 2727 duorum
2797 2664 3140 2727 insolubile
3197 2665 3416 2727 vincu-

1917 2759 2369 2823 lum.Duorum
2401 2760 2700 2843 equidem
2732 2780 2800 2825 se
2831 2782 3084 2825 summe
3111 2764 3416 2826 ardentis-

1915 2858 2204 2939 simeque
2247 2858 2678 2940 diligentium,
2727 2861 3064 2943 utriusque
3107 2863 3412 2942 gaudium

1916 2956 1981 3017 in
2014 2956 2131 3019 hoc
2163 2956 2476 3031 consistit,
2509 2965 2582 3020 ut
2611 2958 2728 3021 iste
2759 2959 2986 3023 intimo
3015 2977 3232 3023 amore
3272 2959 3415 3022 dili-

294 3058 466 3139 quod
512 3058 655 3120 sine
698 3057 1063 3140 pluralitate
1107 3075 1523 3140 personarum
1566 3057 1805 3121 contin·
1835 3054 1880 3118 C
1914 3062 2019 3135 gat
2058 3054 2242 3117 illum
2281 3062 2346 3117 et
2385 3056 2746 3119 redametur
2773 3056 2855 3119 ab
2885 3075 2984 3133 eo,
3021 3058 3128 3121 ille
3160 3077 3415 3141 quoque

294 3174 443 3237 gere
496 3156 743 3237 nequit.
796 3156 1067 3219 Gratuiti
1128 3174 1279 3238 ergo
1334 3156 1571 3219 amoris
1626 3156 1802 3219 exhi-

302 3255 485 3329 bitio,
560 3263 625 3317 et
694 3253 895 3317 debiti
964 3256 1201 3319 amoris
1272 3255 1801 3345 recompensatio,

296 3372 513 3416 veram
548 3370 961 3436 personarum
993 3354 1417 3437 pluralitatem
1442 3354 1505 3416 in
1528 3354 1803 3437 simplici

298 3452 542 3515 Deitate
588 3452 877 3533 requirit.

376 3552 588 3613 Tertia
625 3551 839 3613 denuo
878 3551 1019 3633 ejus
1070 3550 1231 3613 ratio
1276 3559 1372 3613 est
1422 3569 1436 3614 :
1480 3551 1801 3633 Quidquid

298 3649 373 3711 ad
404 3648 627 3730 gloriae
658 3649 1123 3731 plenitudinem
1157 3649 1453 3732 pertinet,
1486 3650 1545 3712 ei
1586 3668 1802 3713 neces-

301 3766 367 3810 se
396 3754 495 3810 est
528 3748 737 3811 inesse
768 3747 871 3809 cui
905 3746 995 3810 nil
1029 3747 1441 3829 perfectionis
1471 3748 1665 3811 deest.
1702 3750 1803 3812 Nil

301 3853 515 3907 autem
571 3844 765 3907 alicui
822 3844 1184 3925 gloriosiuS,
1236 3845 1327 3907 nil
1393 3846 1805 3927 magnificen-

304 3944 453 4017 tius,
486 3962 683 4026 quam
715 3943 805 4005 nil
840 3942 1073 4005 habere
1112 3944 1281 4025 quod
1320 3944 1481 4006 nolit
1519 3962 1805 4008 commu-

304 4043 519 4106 nicare
554 4063 568 4106 ε
603 4042 723 4105 hoc
754 4042 929 4105 enim
972 4042 1251 4105 caritatis
1296 4061 1492 4124 purae,
1526 4044 1805 4107 caritatis

305 4150 539 4205 sanctae
566 4142 701 4221 (cui
750 4140 937 4223 plena
978 4140 1143 4203 inest
1182 4139 1454 4215 bonitaS,
1489 4141 1665 4205 nulla
1707 4160 1805 4207 co-

1918 3152 2141 3215 intime
2175 3154 2344 3216 bunc
2375 3163 2546 3217 amet
2583 3164 2646 3218 et
2674 3156 2756 3218 ab
2795 3156 3020 3219 eodem
3062 3158 3366 3239 diligatur
3399 3176 3414 3220 :

1913 3250 2099 3313 aliter
2127 3269 2256 3315 non
2289 3250 2453 3316 foret
2485 3262 2744 3317 mutuus
2773 3273 2970 3318 amor.
2988 3256 3292 3329 Quamdiu
3326 3275 3420 3319 er-

1913 3367 1993 3431 go
2033 3350 2153 3413 iste
2182 3348 2262 3412 ab
2293 3349 2404 3413 illo
2435 3352 2608 3415 solus
2638 3353 2926 3434 diligitur
2955 3363 3018 3417 et
3047 3372 3415 3429 econverso,

1916 3455 2185 3529 uterque
2215 3448 2576 3511 dulcedinis
2606 3469 2735 3513 suae
2764 3451 3026 3515 delicias
3067 3452 3240 3515 solus
3279 3471 3418 3536 pos-

1916 3546 2081 3607 sidet
2142 3563 2158 3607 :
2213 3548 2382 3628 quod
2441 3566 2710 3611 summae
2769 3547 3230 3614 benevolentiae
3289 3568 3414 3614 non

1916 3644 2238 3718 convenit,
2273 3662 2414 3725 quae
2443 3645 2753 3727 quidquid
2785 3644 2997 3719 habet,
3033 3648 3098 3710 in
3131 3667 3416 3712 commu-

1918 3763 1997 3805 ne
2057 3744 2335 3807 deducit.
2389 3744 2466 3807 Ut
2515 3762 2665 3826 ergo
2723 3753 2991 3828 uterque
3040 3750 3242 3830 possit
3301 3750 3414 3813 has

1914 3842 2149 3904 amoris
2181 3842 2444 3905 delicias
2483 3844 2982 3919 communicare,
3017 3864 3276 3909 necesse
3317 3855 3416 3910 est

1916 3958 2023 4004 eos
2090 3940 2520 4004 condilectum
2579 3940 2834 4004 habere.
2896 3942 3142 4006 Prolixe
3198 3952 3412 4009 'autem

1916 4048 1979 4101 et
2024 4038 2468 4121 multipliciter
2525 4047 3006 4120 argumentatur
3063 4042 3414 4107 Richardus

1917 4138 2056 4210 iste,
2139 4136 2216 4198 ad
2293 4137 2856 4199 demonstrandum
2935 4134 3412 4205 conclusionem

306 4240 505 4303 haeret
564 4238 833 4318 invidia)
888 4238 1221 4321 proprium
1280 4246 1398 4312 est,
1460 4247 1529 4301 ut
1585 4240 1679 4303 sic
1736 4260 1803 4303 se
1836 4238 1883 4299 D
1915 4236 2078 4297 hanc
2108 4254 2280 4297 nunc
2313 4236 2549 4298 illatam
2578 4254 2594 4315 ;
2625 4237 2736 4299 sed
2769 4238 2864 4299 vis
2897 4256 3234 4319 processus
3263 4240 3414 4323 ipsi·

308 4337 743 4400 communicet
772 4344 837 4399 et
862 4336 1205 4399 diffundat.
1240 4337 1305 4400 Si
1339 4337 1533 4418 igitur
1570 4338 1635 4401 in
1676 4340 1805 4402 Deo

310 4454 433 4499 non
486 4444 581 4499 est
629 4452 1047 4518 personarum
1100 4434 1455 4517 pluralitas,
1506 4455 1634 4501 non
1684 4438 1805 4500 erit

310 4533 373 4595 in
422 4552 501 4596 eo
548 4532 653 4595 cui
704 4533 1181 4595 communicare
1229 4534 1433 4615 possit
1480 4534 1801 4598 infinitam

310 4631 483 4694 illam
530 4630 951 4713 plenitudinis
996 4650 1127 4695 suae
1168 4630 1646 4695 abundantiam.
1682 4634 1801 4696 Sed

311 4729 427 4792 hoc
472 4736 665 4803 esset,
718 4729 819 4791 vel
871 4728 1023 4812 quia
1070 4748 1137 4792 se
1186 4730 1279 4793 sic
1328 4732 1804 4795 communicare

312 4829 487 4902 nolit,
551 4846 755 4909 quum
822 4835 1035 4889 tamen
1103 4830 1344 4909 possit;
1402 4837 1511 4892 aut
1578 4829 1800 4911 possit,

312 4946 507 5008 quum
558 4934 771 4988 tamen
820 4944 948 4989 non
999 4926 1174 4989 velit.
1230 4927 1348 4989 Sed
1406 4945 1531 4991 non
1593 4946 1801 5010 posse,

311 5023 791 5107 omnipotentiae
819 5023 959 5104 ejus
994 5032 1333 5106 repugnat;
1356 5026 1527 5089 nolle
1557 5044 1708 5091 vero
1738 5046 1805 5090 se

314 5122 809 5195 communicare,
844 5140 973 5185 suae
1004 5121 1465 5187 benevolentiae
1496 5142 1626 5189 non
1658 5142 1807 5189 con-

316 5223 501 5302 gruit.
556 5221 887 5284 Plenitudo
942 5238 1095 5302 ergo
1142 5222 1375 5286 divinae
1420 5224 1637 5304 gloriae
1687 5225 1808 5289 hoc

319 5320 533 5402 exigit,
585 5328 656 5382 ut
710 5320 1175 5405 omnipotentia
1230 5320 1683 5387 benevolenter
1738 5342 1807 5389 se

1916 4352 1989 4395 us
2028 4334 2162 4415 jam
2207 4341 2372 4396 tacta
2414 4344 2528 4397 est.

2237 4570 2726 4637 ARTICULUS
2773 4572 3088 4638 XXXIV.

1918 4702 2103 4769 Quod
2147 4703 2422 4761 trinitas
2459 4722 2897 4778 personarum
2943 4706 3012 4763 in
3065 4712 3412 4782 supersim-

1988 4792 2160 4867 plici
2175 4792 2774 4861 Deitatematurali
2814 4794 3069 4853 ratione
3099 4797 3416 4873 inda-qm&

1998 4888 2274 4957 nequeat
2321 4900 2436 4938 nec
2481 4882 2928 4940 demonstrari
2943 4902 2972 4949 ,⁰
3018 4892 3079 4943 et
3125 4888 3291 4963 quid
3326 4891 3416 4949 ad

1996 4988 2069 5027 ea
2110 4988 2256 5046 quoe
2284 4969 2662 5029 Bia-hardus
2705 4970 3111 5043 introduoeit,
3157 4993 3412 5050 respon-

1997 5058 2282 5116 dendum
2329 5058 2435 5117 sit.

2042 5215 2141 5277 ΕΙ)
2193 5234 2273 5277 ne
2321 5223 2580 5298 putetur
2625 5216 2780 5278 fidei
2829 5218 3062 5281 veritas
3117 5220 3413 5289 humanae

2067 5314 2604 5395 argumentationi
2679 5314 2993 5399 vanisque.
3060 5320 3412 5393 rationibus
