4300 6259
797 450 876 518 ⁷2

800 644 1197 727 superiorem
1230 650 1294 707 et
1322 644 1809 719 inferiorem,ex
1843 643 2122 707 motione
2153 643 2293 724 ejus
2323 642 2376 705 A
2404 651 2468 705 et
2526 643 2856 707 individua
2918 662 2931 707 :

799 760 928 807 non
968 743 1260 826 sequitur
1300 762 1577 807 vacuum
1616 762 1824 826 neque
1863 742 2106 817 scissi0,
2139 759 2294 824 quo-

1344 472 1767 521 mummulo
1807 471 2264 520 PmnoSOPmCA.
2310 488 2391 501 -
2432 472 2513 519 ΒΕ
2554 472 2922 520 ΕΟΒΡΟΒΙΒῙΙΒ
2964 472 3352 521 GOELESTIBUS

2994 664 3137 727 quae
3192 654 3259 709 et
3312 645 3534 709 retulit
3595 643 3893 706 animata.

2406 742 2601 824 Cujus
2632 744 2919 825 opinioni
2950 742 3204 807 obsistit
3234 744 3401 826 quod
3436 743 3705 825 legitur:
3740 739 3897 806 Coeli

798 842 972 905 niam
1019 842 1398 925 superficies
1442 841 1647 906 ambae
1689 850 1834 904 sunt
1876 842 2295 905 concentricae
2404 841 2775 905 solidissimi
2817 850 2967 905 sunt
3008 844 3188 925 quasi
3218 862 3341 907 aere
3383 844 3533 905 fusi.

798 941 1267 1023 superficiebus
1310 940 1477 1004 intra
1516 960 1672 1023 quas
1713 941 2072 1004 continetur
2109 948 2295 1021 atque

801 1048 1092 1103 movetur
1123 1057 1149 1115 ,τ
1193 1040 1414 1123 sicque
1446 1039 1628 1102 stella
1667 1039 1800 1102 fixa
1845 1040 1909 1101 in
1951 1046 2130 1121 parte
2169 1057 2296 1100 una

797 1138 990 1218 hujus
1022 1138 1390 1211 deferentiS,
1425 1139 1806 1220 quandoque
1845 1137 1968 1200 erit
2007 1138 2070 1199 in
2110 1154 2293 1217 auge,

797 1236 1052 1319 quando
1095 1236 1395 1298 videlicet
1438 1254 1582 1318 pars
1629 1236 1694 1297 in
1738 1255 1864 1318 qua
1907 1242 2022 1309 θεῖ,
2056 1235 2297 1297 directe

799 1334 1253 1416 superponitur
1296 1334 1460 1416 parti
1505 1334 1795 1416 spissiori
1835 1333 2158 1396 inferioris
2202 1352 2296 1395 re-

799 1432 1140 1507 volventis,
1177 1440 1241 1495 et
1281 1432 1666 1515 supponitur
1699 1433 1858 1515 parti
1893 1433 2107 1494 minus
2136 1432 2297 1512 spis·

802 1550 886 1593 sae
917 1531 1265 1614 superioris
1297 1531 1682 1594 revolventis
1705 1548 1717 1593 :
1740 1531 1890 1613 quia
1921 1539 2072 1592 tunc
2108 1529 2301 1592 maxi-

511 1648 911 1708 cfi2.xx11.me
952 1648 989 1691 a
1032 1638 1251 1693 centro
1292 1637 1477 1692 terrae
1517 1628 1797 1692 distabit.

505 1712 777 1822 rar·-

888 1729 1174 1811 Insuper,
1222 1747 1420 1810 quum
1471 1728 1818 1790 Mercurius
1865 1725 2090 1790 habeat
2129 1725 2300 1790 defe-

2764 1052 3284 1118 PROPOSITIO
3332 1053 3539 1117 LVII.

2486 1238 2713 1303 Varii
2762 1252 2854 1304 ac
2913 1238 3276 1304 distincti
3326 1239 3515 1305 sunt
3573 1236 3908 1303 effectus

2407 1335 2857 1401 coelestium
2886 1335 3198 1403 orbium
3228 1336 3907 1416 luminariumque

2409 1448 2707 1501 eorum.

2488 1531 2664 1604 Quod
2696 1538 2813 1603 est,
2846 1531 3147 1613 quoniam
3182 1530 3557 1612 peritissimi
3599 1531 3909 1614 expertis-

2410 1630 2686 1711 simique
2732 1637 3242 1692 astronomorum
3290 1630 3615 1712 principes
3659 1649 3732 1692 ac
3776 1649 3909 1692 ma-

2408 1728 2613 1808 gistri,
2662 1746 2775 1809 per
2812 1727 3250 1809 experimenta
3296 1734 3359 1789 et
3402 1728 3707 1790 exercitia
3744 1728 3909 1790 mul-

808 1843 953 1887 rens
985 1825 1170 1906 cujus
1202 1831 1493 1888 centrum
1529 1832 1840 1897 movetur,
1873 1833 1937 1887 et
1965 1841 2092 1886 non
2133 1823 2301 1885 circa
2338 1829 2384 1892 B
2410 1835 2474 1888 ta
2502 1844 2575 1887 ac
2606 1826 2907 1888 diuturna
2938 1833 3314 1907 repererunt
3343 1833 3637 1908 oportere
3669 1844 3908 1907 ponere

805 1932 1063 1996 terram,
1096 1932 1168 1985 ut
1198 1930 1489 1985 centrum
1524 1923 1710 1995 lunae,
1745 1923 1855 1985 sed
1886 1940 1964 1983 ex
2005 1942 2130 1984 una
2163 1941 2300 2003 par-

803 2030 866 2084 te
896 2020 1316 2084 describendo
1349 2020 1659 2083 circulum
1697 2040 1986 2102 parvum,
2020 2028 2091 2081 ut
2131 2027 2303 2101 patet

805 2120 868 2181 in
900 2120 1268 2199 Almagesti,
1312 2119 1722 2181 distinctione
1766 2126 1978 2197 sexta3
2011 2119 2301 2200 sequitur

803 2218 972 2299 quod
1031 2217 1205 2279 orbis
1263 2217 1606 2279 deferentis
1669 2217 2111 2279 concentricus
2172 2235 2298 2279 non

802 2316 883 2378 sit
946 2314 1444 2387 revolventibuS,
1505 2331 1808 2397 supremo
1872 2314 2174 2377 videlicet
2238 2322 2301 2376 ct

803 2413 1032 2476 infimo
1074 2405 1098 2474 ‘t
1151 2411 1389 2475 idcirco
1447 2420 1544 2475 est
1602 2412 1691 2473 ibi
1750 2430 1986 2494 ponere
2050 2412 2125 2473 ad
2188 2412 2301 2473 mi-

801 2531 922 2574 nus
976 2519 1249 2593 quatuor
1303 2511 1490 2573 orbes
1549 2511 1948 2575 revolventes
2001 2520 2066 2573 θῖ
2119 2512 2301 2593 quin-

802 2619 934 2673 tum
1003 2610 1420 2673 deferentem.
1490 2609 1626 2672 Imo
1691 2616 1756 2672 et
1823 2617 2051 2691 praeter
2121 2609 2297 2682 istos,

799 2715 1050 2791 oportet
1099 2708 1420 2790 epicyclos
1481 2725 1740 2790 ponere,
1793 2707 1905 2789 qui
1965 2726 2092 2771 non
2151 2716 2301 2770 sunt

799 2806 986 2870 orbes
1047 2805 1261 2887 magni
1329 2814 1560 2868 terram
1633 2806 2125 2879 circumdanteS,
2187 2806 2296 2868 sed

801 2906 977 2987 parvi
1027 2903 1215 2967 orbes
1263 2905 1476 2966 situati
1538 2905 1602 2965 in
1653 2904 2072 2966 determinata
2123 2912 2300 2986 parte

2411 1924 2643 1988 coelum
2688 1923 3128 2006 crystallinum
3174 1942 3287 1986 seu
3331 1942 3633 2005 aqueum,
3676 1924 3907 1986 deinde

2410 2022 2644 2086 coelum
2675 2021 3222 2103 stellatum,atque
3254 2022 3374 2083 sub
3404 2021 3517 2084 illo
3545 2029 3787 2103 septem
3816 2038 3913 2084 or-

2411 2119 2521 2183 bes
2555 2120 2970 2201 planetarum.
3006 2120 3306 2193 Quamvis
3350 2138 3627 2201 namque
3670 2120 3909 2183 theolo-

2411 2221 2473 2300 gi
2507 2219 2790 2301 quidam,
2823 2218 3021 2300 aliqui
3054 2236 3310 2300 quoque
3340 2218 3661 2299 astrologi,
3693 2220 3905 2281 testati

2412 2318 2541 2381 sint
2570 2318 3075 2391 firmamentum,
3109 2317 3229 2379 hoc
3259 2324 3355 2379 est
3386 2318 3699 2399 sphaeram
3742 2326 3909 2380 octa·

2412 2435 2580 2489 vam,
2614 2436 2755 2498 quae
2789 2416 3027 2478 dicitur
3075 2415 3310 2479 coelum
3361 2416 3706 2489 stellatum,
3754 2435 3903 2479 cum

2412 2522 2655 2597 septem
2686 2514 2949 2577 orbibus
2983 2514 3383 2595 planetarum
3415 2514 3493 2576 ad
3525 2513 3903 2577 inferiorum

2411 2613 2896 2695 productionem
2946 2612 3271 2687 sufficere,
3324 2611 3766 2675 rationabilius
3816 2620 3905 2675 ta-

2411 2730 2558 2773 men
2618 2719 2872 2773 tenetur
2921 2728 3154 2773 nonam
3205 2711 3396 2773 etiam
3452 2712 3762 2793 sphaeram
3816 2730 3903 2773 re-

2410 2809 2600 2891 quiri.
2646 2810 2954 2890 Apertum
3000 2817 3097 2870 θεῖ
3144 2807 3318 2871 enim
3366 2809 3428 2871 in
3480 2809 3641 2872 coelo
3684 2817 3905 2872 octavo

2409 2906 2735 2989 duplicem
2787 2925 2926 2969 esse
2979 2914 3221 2968 motum
3268 2924 3281 2969 ε
3328 2926 3528 2969 unum
3576 2907 3903 2979 diurnum,

799 3001 1056 3065 orbium
1117 3002 1657 3064 circumdantium
1715 3010 1992 3075 terram3
2044 3010 2108 3065 et
2153 3004 2295 3077 hoc,
2334 3009 2378 3074 C
2409 3003 2489 3066 ab
2534 3004 2777 3066 oriente
2824 3004 2887 3065 in
2932 3004 3373 3081 occidentem3
3413 3003 3610 3065 alium
3658 3003 3905 3066 lentum

801 3101 1104 3183 quoniam
1152 3101 1355 3181 major
1402 3109 1498 3163 est
1544 3101 1814 3163 elevatio
1859 3100 2058 3164 stellae
2105 3122 2301 3183 quan-

801 3199 1011 3281 doque
1072 3218 1264 3279 quam
1326 3198 1482 3261 alias
1546 3216 1559 3260 :
1622 3218 1764 3280 quae
1829 3198 2100 3262 elevatio
2160 3219 2299 3263 esse

801 3296 1027 3378 nequit
1073 3316 1151 3360 ex
1202 3296 1338 3359 solo
1387 3296 1736 3359 deferente.
1785 3296 1982 3359 Statio
2033 3297 2187 3359 item
2236 3304 2299 3359 et

803 3394 1256 3475 retrogradatio
1311 3393 1565 3457 facilius
1623 3394 1948 3457 salvantur
1997 3413 2111 3477 per
2168 3396 2299 3477 cpi-

804 3493 1075 3576 cyclum.
1110 3493 1346 3555 Verum
1377 3493 1690 3575 quidquid
1721 3494 1804 3555 sit
1847 3494 1926 3555 de
1965 3494 2295 3577 epicycliS,

805 3590 951 3654 coeli
995 3590 1264 3653 mobiles
1303 3598 1534 3653 terram
1578 3591 2070 3665 circumdante8‚
2111 3600 2300 3655 erunt

803 3690 881 3751 ad
914 3689 1126 3751 minus
1157 3689 1384 3769 viginti
1415 3689 1722 3771 quinque,
1748 3690 2067 3765 videlicet,
2101 3690 2301 3771 vigin-

804 3788 852 3850 ti
894 3794 1021 3850 tres
1063 3787 1484 3869 planetarum,
1517 3795 1582 3849 et
1621 3795 1846 3869 praeter
1888 3788 2030 3862 hoc,
2064 3788 2298 3851 coelum

802 3894 1099 3950 octavum
1137 3895 1202 3948 θῖ
1243 3886 1477 3949 coelum
1522 3904 1782 3948 nonum.
1817 3887 2138 3950 Postremo
2182 3906 2303 3951 coe-

804 3986 936 4048 lum
983 4002 1111 4048 non
1151 3991 1359 4067 potest
1397 3985 1620 4047 cedere
1651 3984 1870 4058 stelIae,
1905 3985 2072 4047 sicut
2100 4004 2208 4047 aer
2238 3994 2303 4047 et

803 4083 968 4163 ignis
1012 4082 1204 4145 rebus
1248 4101 1362 4164 per
1403 4082 1572 4165 ipsos
1606 4084 1793 4144 motis
1829 4100 1843 4144 ε
1878 4102 2076 4164 quum
2109 4101 2299 4146 omne

2410 3110 2474 3165 et
2510 3102 2969 3183 longiturnum,
3004 3103 3112 3183 qui
3159 3119 3387 3181 magno
3428 3101 3492 3163 in
3532 3120 3699 3164 anno
3738 3120 3906 3165 com-

2409 3201 2641 3282 pletur.
2698 3199 3006 3263 Similiter
3064 3200 3128 3262 in
3190 3200 3589 3281 planetarum
3638 3199 3903 3263 orbibus

2408 3316 2481 3359 ac
2527 3298 2795 3380 planetis
2842 3297 2998 3359 varii
3049 3304 3257 3360 motus
3301 3305 3468 3369 sunt,
3502 3316 3620 3360 nec
3658 3306 3906 3379 queunt

2409 3395 2618 3458 eidem
2666 3395 2945 3476 simplici
2993 3396 3244 3477 corpori
3281 3394 3361 3457 ab
3402 3396 3625 3459 eodem
3660 3403 3903 3459 motore

2409 3493 2715 3555 uniformi
2746 3494 2846 3574 (ut
2876 3492 3103 3574 fertur)
3143 3494 3369 3556 inesse.
3403 3495 3718 3567 SecundO,
3751 3495 3903 3576 quia

2411 3611 2610 3674 quum
2642 3592 2877 3655 coelum
2919 3591 3239 3654 stellatum
3276 3592 3358 3653 sit
3394 3600 3566 3654 tanta
3599 3593 3903 3655 varietate

2410 3690 2736 3753 stellarum
2790 3698 3105 3762 ornatum,
3158 3699 3417 3772 tamque
3469 3690 3793 3754 diversum
3836 3690 3901 3753 in

2411 3788 2720 3870 partibuS,
2771 3786 3050 3850 motibus
3100 3796 3165 3849 et
3214 3788 3694 3870 operationibus
3744 3790 3902 3861 suiS,

2410 3903 2534 3948 non
2567 3886 2874 3949 condecet
2908 3886 3119 3968 ipsum
3150 3887 3455 3948 exsistere
3497 3886 3733 3950 mobile
3777 3886 3905 3970 pri-

2410 4003 2611 4057 mum,
2646 3984 2815 4065 quod
2855 4001 3001 4046 cum
3034 3984 3241 4066 primo
3285 3992 3525 4048 motore
3556 3986 3903 4067 specialem

2410 4082 2597 4145 debet
2624 4082 3135 4145 convenientiam
3175 4083 3499 4163 possidere
3542 4083 3605 4145 in
3646 4102 3762 4146 suo
3800 4102 3905 4165 ge-

803 4199 1035 4262 corpus
1087 4179 1458 4242 naturaliter
1505 4179 2012 4261 incorruptibile,
2063 4180 2145 4242 sit
2192 4200 2297 4243 na·
2327 4186 2376 4247 D
2410 4200 2583 4256 nere,
2604 4181 2670 4242 in
2700 4180 3129 4262 simplicitate,
3155 4181 3612 4257 uniformitate,
3636 4190 3809 4246 motu
3840 4192 3909 4246 et

802 4278 1092 4341 turalitcr
1121 4276 1534 4340 indivisibile.
1569 4312 1650 4321 —
1677 4276 1821 4339 Haec
1852 4276 2093 4339 Scotus.

887 4378 976 4439 Ex
1036 4375 1270 4458 quibus
1329 4376 1583 4437 elicitur
1639 4384 1875 4457 quanta
1922 4376 2005 4438 sit
2051 4377 2297 4459 opinio-

807 4495 962 4539 num
1010 4476 1281 4539 varietas
1332 4473 1397 4536 in
1449 4474 1568 4536 ista
1615 4475 1898 4549 materia,
1951 4495 2092 4557 quae
2141 4476 2299 4539 citra

805 4574 1257 4637 certitudinem
1315 4580 1428 4635 est.
1489 4572 1616 4635 Nec
1676 4573 1908 4636 mirum
1970 4583 2088 4649 est,
2149 4575 2298 4657 quia

509 4693 772 4751 Sap.1x‚16.
801 4675 902 4755 (ut
940 4674 1252 4755 scriptum
1291 4680 1387 4735 est
1424 4672 1762 4754 Sapientiae
1799 4675 1998 4756 nono)
2026 4674 2297 4738 difficile

801 4772 1170 4835 invenimus
1201 4792 1342 4854 quae
1375 4771 1439 4834 in
1470 4780 1638 4835 terra
1673 4779 1823 4834 sunt
1851 4790 1868 4851 3
1903 4793 2043 4856 quae
2079 4781 2295 4835 autem

799 4870 866 4933 in
912 4870 1073 4935 coelo
1117 4878 1288 4945 sunt,
1335 4871 1480 4953 quis
1531 4870 1984 4952 investigabit?
2024 4870 2102 4934 At
2143 4890 2296 4935 vero

797 4969 989 5044 Plato,
1040 4969 1148 5051 qui
1211 4969 1371 5031 dixit
1427 4968 1642 5032 stellas
1702 4970 1945 5032 moveri
2004 4970 2068 5031 in
2133 4970 2295 5033 coelo

689 5146 701 5155 ,
797 5068 964 5131 εἰθυῖ
1015 5075 1306 5131 movetur
1353 5067 1548 5149 piscis
1601 5068 1665 5130 in
1719 5068 1900 5141 mari,
1947 5075 2009 5131 et
2059 5068 2295 5131 coelum

794 5174 982 5241 stare,
1038 5166 1332 5230 concedit
1381 5167 1562 5248 quasi
1615 5166 2111 5229 innumerabilia
2160 5184 2293 5228 cor-

793 5281 948 5348 pora
978 5263 1260 5328 coelestia
1285 5262 1367 5326 ab
1398 5263 1676 5327 invicem
1708 5282 1776 5326 re
1806 5263 2125 5340 distincta,
2162 5263 2291 5327 imo

2408 4279 2673 4341 actione.
2701 4278 2931 4351 Tertio,
2965 4279 3265 4359 quoniam
3296 4279 3397 4359 (ut
3427 4279 3490 4341 in
3520 4281 3754 4344 Timaeo
3782 4282 3909 4343 dis-

2408 4376 2608 4440 seruit
2653 4376 2851 4457 Plato)
2888 4375 3108 4439 orbem
3159 4377 3480 4441 coelestem
3534 4378 3789 4443 Creator
3836 4380 3903 4442 in

2409 4474 2682 4537 circulos
2736 4474 2893 4537 duos
2946 4472 3219 4547 reflexit,
3272 4483 3425 4557 puta
3472 4476 3535 4537 in
3586 4476 3903 4539 circulum

2408 4578 2697 4650 aplanes,
2742 4572 2805 4634 id
2849 4580 2946 4633 est
2988 4571 3053 4633 in
3099 4573 3381 4653 primum
3426 4573 3685 4647 mobile,
3732 4577 3903 4658 quod

2408 4679 2505 4734 est
2542 4672 2732 4733 unius
2774 4669 3087 4752 simplicis
3126 4688 3199 4732 ac
3241 4671 3629 4735 velocissimi
3666 4681 3899 4747 motus,

2406 4778 2597 4851 atque
2630 4768 2694 4831 in
2726 4767 3037 4830 circulum
3064 4772 3317 4845 planes,
3352 4769 3414 4832 id
3453 4778 3551 4833 θεῖ
3587 4770 3901 4853 sphaeram

2406 4876 2695 4933 octavam
2756 4874 3047 4929 motuum
3106 4866 3505 4930 diversorum
3557 4886 3571 4931 τ
3629 4870 3739 4951 qui
3796 4890 3902 4935 ne-

2407 4974 2654 5049 queunt
2682 4984 2820 5028 esse
2852 4965 3114 5046 sphaerae
3143 4965 3454 5045 ejusdem.
3490 4966 3692 5031 Motus
3723 4989 3898 5032 nam-

2408 5082 2532 5146 que
2588 5062 2848 5145 aplanes
2906 5070 3004 5125 est
3059 5081 3253 5143 super
3308 5064 3487 5145 polos
3537 5068 3783 5143 mundi,
3834 5076 3899 5131 et

2405 5181 2599 5245 super
2638 5162 2911 5226 circulos
2942 5179 3123 5244 aeque
3164 5162 3471 5226 distantes
3500 5164 3583 5227 ab
3620 5168 3898 5250 aequino-

2403 5261 2574 5325 ctiali
2624 5260 2703 5323 ad
2755 5260 3075 5343 tropicum
3128 5262 3475 5326 aestivalem
3526 5271 3590 5327 θῖ
3641 5266 3717 5330 ad
3772 5274 3892 5331 tro·

3940 759 4040 805 Job
4052 770 4216 812 xxxva,

3930 828 4010 871 18.
