4300 6259
942 493 1062 558 484
1529 513 1607 559 DE
1649 512 1875 559 Lmnruz
1915 510 2297 560 CHRISTIANAE
2337 510 2638 568 THEORIAE,
2683 511 2858 558 LIBER
2899 513 2962 558 11.
3008 532 3087 542 —
3127 513 3267 559 ΛΒΤ.
3313 513 3474 558 Lxxx

944 683 1076 764 agit
1122 682 1186 745 in
1230 682 1465 746 virtute
1508 682 1701 766 primi
1747 682 2072 765 principii.
2121 681 2441 764 Quidquid
2473 679 2523 744 A
2553 690 2786 745 cuntur
2832 682 3072 766 ubique
3120 691 3184 746 et
3231 701 3485 765 semper
3531 701 3693 756 esse,
3738 684 3987 765 quoniam

944 781 1222 863 denique
1269 801 1305 844 a
1350 781 1646 844 secundis
1694 781 2091 863 producitur,
2140 801 2177 843 a
2236 780 2444 862 prima
2554 779 2840 862 ipsorum
2881 781 3042 844 ratio
3083 781 3392 844 abstrahit
3433 781 3515 843 ab
3561 781 3668 843 hic
3707 789 3767 843 et
3803 801 3985 844 nunc:

945 899 1151 952 causa,
1214 899 1355 961 quae
1414 887 1510 943 est
1566 880 1769 942 virtus
1818 879 2127 943 virtutum
2189 888 2253 941 et
2298 878 2442 941 fons
2551 879 2734 941 aliter
2762 880 2953 942 homo
2988 880 3256 943 univoce
3295 896 3422 941 non
3462 879 3777 942 diceretur
3807 881 3876 942 de
3907 882 3989 944 ho·

944 978 1259 1041 universae
1316 979 1595 1052 virtutis,
1646 978 2037 1041 eminentius
2083 977 2442 1058 fortiusque
2555 976 2727 1039 mine
2760 978 2868 1060 qui
2901 985 2998 1040 est
3035 978 3268 1050 Romae,
3303 985 3367 1040 et
3405 977 3516 1059 qui
3558 977 3820 1051 ParisiiS,
3849 985 3902 1040 et
3933 997 3990 1042 eo

946 1076 1342 1157 producitur,
1395 1077 1563 1139 sicut
1612 1077 1675 1138 in
1728 1076 1893 1139 libro
1942 1076 2289 1138 Causarum
2336 1076 2441 1138 de·
2552 1076 2662 1159 qui
2721 1096 2894 1139 nunc
2951 1085 3068 1150 est,
3121 1085 3184 1138 ct
3241 1076 3353 1159 qui
3411 1083 3558 1138 ante
3617 1093 3804 1138 annos
3855 1079 3992 1139 1111116

942 1180 1349 1236 monstratur.
1405 1175 1469 1237 Si
1518 1192 1669 1256 ergo
1709 1173 2062 1236 substantia
2101 1181 2332 1246 creata,
2378 1173 2440 1235 in
2551 1173 2832 1252 exstitit3
2875 1175 3168 1257 quamvis
3217 1174 3646 1255 quorumdam
3690 1175 3992 1237 intellectus

940 1272 1176 1334 virtute
1222 1273 1415 1355 primi
1460 1273 1806 1347 causantis,
1839 1272 2270 1335 accidentium
2315 1273 2440 1335 for·
2553 1271 2908 1354 intelligere
2955 1272 3057 1335 vel
3107 1273 3314 1336 nolint
3362 1272 3464 1334 vel
3513 1279 3839 1354 nequeant,
3873 1292 3994 1354 quo-

942 1389 1078 1434 mas
1124 1378 1188 1432 et
1236 1371 1530 1452 producit
1586 1379 1650 1433 et
1700 1379 2051 1444 conservat,
2104 1378 2258 1432 tunc
2321 1371 2439 1432 uti·
2553 1371 2740 1433 modo
2773 1369 3158 1433 universalia
3197 1370 3502 1432 dicuntur
3539 1389 3680 1432 6556
3715 1370 3920 1451 ubique
3945 1381 3994 1433 ct

941 1487 1065 1550 que
1097 1469 1487 1549 DeuS,cujus
1520 1475 1799 1550 potestas
1830 1486 2089 1550 prorsus
2122 1469 2442 1531 illimitata
2551 1487 2807 1551 semper
2841 1487 2854 1530 :
2889 1469 3010 1531 1106
3041 1468 3217 1530 enim
3257 1485 3385 1530 non
3425 1477 3524 1530 est
3561 1467 3992 1549 intelligendum

940 1574 1057 1640 est,
1103 1565 1471 1629 immediate
1514 1573 1704 1649 atque
1754 1585 1821 1628 se
1870 1566 2004 1628 solo
2044 1565 2194 1628 dare
2234 1573 2442 1648 potest
2551 1568 2902 1630 secundum
2935 1568 3246 1630 actualem
3279 1567 3848 1640 exsistentiam‚sed
3871 1569 3993 1648 (sic-

938 1663 1378 1727 accidentibus
1431 1665 1979 1727 conservationem
2027 1672 2090 1726 et
2128 1683 2285 1727 esse.
2331 1666 2443 1727 De·
2551 1672 2622 1727 ut
2666 1665 3076 1747 antiquorum
3125 1665 3388 1747 exponit
3435 1665 3777 1745 subtilitas)
3817 1685 3996 1727 secun·

940 1761 1065 1824 leta
1106 1769 1203 1824 est
1244 1763 1437 1844 igitur
1479 1763 1687 1844 prima
1729 1760 2101 1824 difficultas,
2551 1763 2704 1824 dum
2763 1762 3438 1825 communicabilitatis
3490 1763 3888 1844 aptitudinem
3935 1781 3994 1824 ac

1019 1862 1207 1924 Porro
1264 1861 1619 1923 accidentia
1668 1861 1805 1922 sine
1854 1860 2145 1941 subjecto
2203 1879 2316 1941 per
2371 1878 2439 1922 se
2470 1865 2516 1926 B
2553 1859 3237 1923 indeterminationem.
3274 1860 3566 1923 Secunda
3595 1861 3808 1923 horum
3843 1861 3995 1923 dille-

940 1977 1125 2041 posse
1155 1959 1482 2034 exsistere,
1508 1959 1847 2040 diligenter
1878 1959 2264 2041 perscrutari
2295 1976 2440 2021 con·
2549 1957 2754 2019 rentia
2783 1958 3066 2041 est,quia
3097 1958 3484 2021 universalia
3513 1957 3629 2020 sub
3659 1958 3860 2020 eadem
3886 1977 3996 2040 spe-

938 2058 1126 2139 gruit.
1162 2058 1290 2120 Hoc
1322 2058 1563 2141 quippe
1600 2056 1909 2120 accidenti
1952 2067 2309 2139 repugnare
2347 2057 2439 2120 vi·
2549 2055 2647 2117 cie
2677 2073 2802 2117 non
2836 2055 3312 2137 plurificantur,
3348 2055 3458 2117 sed
3489 2063 3738 2118 tantum
3767 2056 3996 2137 singula·

937 2156 1141 2217 detur.
1174 2156 1333 2218 Nam
1378 2157 1545 2217 sicut
1573 2174 1651 2217 ex
1684 2156 1746 2218 vi
1785 2155 2065 2217 nominis
2105 2155 2434 2229 elucescit,
2549 2153 2660 2216 ria.
2697 2153 3034 2216 Distinctio
3062 2153 3234 2216 enim
3267 2154 3728 2216 universalium
3758 2153 3997 2217 formalis

940 2254 1238 2316 accidens
1268 2253 1451 2335 quasi
1480 2253 1558 2315 ad
1588 2253 1763 2315 aliud
1804 2254 2037 2316 cadens
2081 2253 2335 2315 dicitur.
2372 2254 2436 2317 Si
2549 2260 2666 2326 est,
2699 2260 2763 2314 et
2800 2253 2878 2314 fit
2918 2272 3032 2335 per
3069 2252 3470 2316 differentias
3505 2271 3518 2316 :
3555 2253 3722 2316 sicut
3750 2271 3848 2336 per
3884 2255 3999 2316 rati·

934 2370 1085 2433 ergo
1116 2371 1231 2434 per
1261 2371 1329 2414 se
1361 2351 1685 2425 subsistat,
1720 2369 1956 2414 nomen
1997 2351 2436 2434 rationemque
2548 2352 2732 2414 onale
2780 2360 2844 2414 et
2887 2351 3272 2426 irrationale,
3321 2353 3562 2414 animal
3607 2353 3673 2415 in
3717 2353 3994 2415 hominem

931 2450 1303 2525 accidentis,
1363 2457 1436 2511 ut
1491 2457 1777 2533 apparet,
1830 2451 2080 2513 deserit.
2144 2449 2435 2512 Contem-
2547 2449 2940 2532 brutumque
2984 2451 3279 2532 partitur.
3329 2450 3690 2532 singularia
3731 2468 3865 2513 vero
3903 2470 3995 2532 per

932 2548 1240 2631 plandum
1294 2548 1508 2629 igitur,
1550 2549 2094 2630 quemadmodum
2142 2549 2439 2611 duodeci-
2550 2548 2877 2611 materiam
2910 2548 3222 2630 signatam
3253 2547 3780 2631 multiplicantur,
3809 2567 3994 2611 secun·

935 2665 1039 2708 mo
1087 2645 1529 2728 Metaphysicae
1578 2647 1932 2709 introduxit
1973 2656 2438 2713 commentator
2547 2646 2701 2708 dum
2731 2646 3133 2710 Aristotelem
3165 2655 3230 2708 et
3257 2647 3570 2711 Boetium.
3597 2647 3796 2710 Tertia
3821 2647 3994 2729 proin-

930 2745 1261 2818 AverroeS,
1308 2745 1525 2807 omnia
1570 2746 1925 2808 accidentia
1968 2745 2118 2808 licet
2165 2765 2242 2808 ex
2287 2747 2433 2808 sub·
2546 2746 2625 2807 de
2654 2745 2982 2809 distinctio
3009 2746 3446 2828 est,quoniam
3479 2745 3850 2809 universalia
3873 2753 3992 2808 sunt

930 2843 1160 2905 stantia
1202 2843 1491 2905 oriantur
1533 2843 1722 2925 eique
1768 2844 2140 2917 innitantur,
2187 2845 2307 2907 1106
2347 2853 2436 2907 ta-
2546 2843 3060 2926 incorruptibilia
3117 2851 3180 2908 et
3238 2844 3636 2924 immobilia3
3696 2843 3994 2925 singularia

930 2959 1078 3004 meu
1108 2942 1331 3004 ordine
1361 2943 1636 3025 quodam
1665 2943 1975 3005 accidere.
2011 2943 2223 3006 Primo
2260 2962 2436 3006 nam·
2544 2950 2758 3004 autem
2800 2942 3272 3005 destructibilia
3314 2950 3465 3004 sunt
3511 2944 3832 3025 mutuique
3871 2941 3994 3004 sub-

929 3059 1054 3123 que
1094 3040 1515 3103 substantiam
1562 3042 2028 3103 concomitatur
2069 3043 2430 3124 quantitas:
2469 3048 2513 3112 C
2542 3041 2728 3121 jecta.
2763 3041 3042 3104 Scientia
3083 3041 3260 3104 enim
3299 3042 3496 3122 (sicut
3535 3043 3743 3125 primo
3777 3041 3995 3104 Posteri·

929 3144 994 3199 et
1022 3138 1141 3200 hoc
1171 3139 1271 3218 (ut
1299 3139 1389 3200 ait
1416 3139 1700 3218 Boetius)
1722 3146 1818 3200 est
1848 3139 2094 3202 ratione
2128 3139 2428 3203 materiae.
2544 3157 2728 3202 orum
2764 3141 2851 3202 ait
2880 3140 3331 3222 Philosophus)
3361 3158 3488 3203 non
3534 3141 3660 3203 nisi
3704 3149 3992 3223 perpetuo·

930 3236 1079 3298 Sine
1109 3239 1461 3318 quantitate
1490 3238 1664 3300 enim
1696 3238 2053 3300 substantia
2086 3239 2431 3302 materialis
2543 3257 2709 3312 rum,
2747 3237 3338 3320 incorruptibilium
3373 3246 3437 3300 et
3477 3240 3665 3302 aliter
3699 3259 3764 3302 se
3799 3238 3994 3300 habere

929 3354 1137 3416 neque
1181 3337 1381 3398 motui
1419 3355 1628 3417 neque
1670 3336 1809 3399 loco
1848 3344 2119 3418 aptatur.
2166 3338 2432 3421 Reliqua
2541 3353 2668 3398 non
2713 3336 3072 3418 potentium
3113 3336 3383 3400 exsistit.
3417 3336 3691 3420 Ideoque
3733 3337 3991 3399 Boetius:

928 3434 1139 3496 denuo
1168 3434 1525 3496 accidentia
1556 3436 1876 3498 mediante
1909 3437 2261 3519 quantitate
2292 3436 2431 3500 fun·
2541 3436 2816 3497 Scientia
2847 3443 2964 3509 est,
2999 3435 3228 3517 inquit,
3261 3453 3486 3499 eorum
3517 3456 3660 3519 quae
3690 3437 3995 3499 incommu-

928 3532 1159 3594 dantur
1218 3532 1283 3593 in
1342 3533 1698 3596 substantia
1750 3552 1764 3595 :
1817 3535 1983 3596 sicut
2028 3534 2256 3598 albedo
2317 3554 2431 3617 per
2539 3534 2803 3597 tabilem
2864 3535 2963 3597 sui
3023 3535 3384 3598 sortiuntur
3439 3536 3865 3598 substantiam.
3921 3531 3992 3593 Ex

926 3629 1360 3712 superficiem.
1426 3631 1527 3694 Sic
1585 3632 1779 3713 igitur
1834 3633 2224 3697 confitemur
2269 3635 2430 3696 acci·
2539 3651 2667 3715 quo
2709 3642 2974 3709 constat,
3007 3634 3177 3717 quod
3209 3635 3321 3716 qui
3355 3633 3737 3696 universalia
3775 3639 3989 3714 negant,

926 3728 1140 3791 dentia
1170 3729 1307 3792 sine
1345 3730 1700 3792 substantia
1730 3731 1795 3792 in
1827 3732 2234 3796 Sacramento
2265 3733 2426 3794 exsi-
2540 3733 2824 3794 nondum
2869 3739 3269 3814 agnoverunt
3315 3733 3394 3795 de
3441 3750 3571 3815 quo
3619 3733 3702 3795 sit
3739 3729 3987 3794 scientia.

926 3835 1115 3902 stere,
1148 3836 1217 3890 ut
1248 3829 1383 3891 sola
1420 3829 1741 3911 quantitas
1781 3849 1896 3912 per
1936 3849 2002 3892 se
2042 3839 2184 3905 stet,
2219 3839 2428 3894 cetera
2539 3829 2875 3913 Propterea
2913 3830 2976 3892 B.
3012 3830 3354 3892 Anselmus
3393 3830 3830 3912 hujuscemodi
3867 3828 3992 3910 phy·

925 3934 1138 3988 autem
1172 3927 1236 3988 in
1278 3927 1416 4009 ipsa
1455 3927 1898 4008 subjectentur
1937 3936 1998 3990 et
2048 3948 2164 4011 per
2211 3948 2428 3993 conse·
2539 3928 2832 4009 siologoS,
2879 3928 3247 3992 dialecticos
3277 3929 3612 3992 haereticos
3655 3927 3923 4010 appellat.

925 4043 1129 4106 quens
1190 4026 1692 4088 individuentur.
1755 4026 1818 4089 Si
1887 4027 2099 4109 itaque
2171 4029 2427 4092 demon·
2618 4026 2971 4089 innotescet
3029 4027 3267 4110 itaque,
3319 4028 3736 4108 quantitatem
3791 4043 3892 4108 per
3937 4039 3992 4084 se

924 4122 1110 4184 strari
1143 4131 1353 4204 queat,
1387 4124 1557 4205 quod
1589 4125 1910 4206 quantitas
1941 4143 2055 4207 per
2085 4144 2151 4188 se
2181 4145 2254 4188 ac
2286 4126 2426 4188 siue
2537 4124 2673 4188 sore
2731 4125 3150 4200 individuam,
3213 4125 3267 4188 si
3326 4125 3584 4207 probari
3643 4125 3850 4208 possit,
3901 4121 3993 4184 has

923 4219 1216 4301 subjecto
1247 4221 1580 4284 individua
1612 4223 1713 4296 sit,
1749 4230 1902 4284 tunc
1932 4224 2212 4285 secunda
2248 4224 2424 4286 dissi·
2455 4228 2505 4290 D
2537 4242 2709 4286 nunc
2741 4224 2976 4306 positas
3009 4223 3430 4306 singularium
3474 4232 3600 4287 tres
3641 4223 3994 4287 conditiones

924 4318 1128 4380 cultas
1172 4319 1439 4401 sopitur.
2537 4321 2661 4403 ipsi
2705 4330 3068 4404 competere
3108 4322 3246 4384 sine
3287 4322 3663 4395 substantia,
3697 4327 3902 4403 utputa
3933 4335 3994 4379 ex

1000 4417 1130 4480 Hoc
1160 4435 1313 4480 vero
1342 4418 1434 4480 sic
1465 4418 1909 4481 deducendum
1945 4427 2057 4482 est.
2095 4420 2222 4482 Ει15
2253 4421 2422 4483 6111111
2535 4437 2603 4481 56
2636 4419 2790 4503 ipsa.
2828 4420 2976 4482 Tres
3019 4420 3214 4501 igitur
3251 4439 3330 4482 ex
3368 4420 3692 4503 praedictis
3729 4419 3994 4497 colligun-

922 4516 1231 4579 dividitur
1278 4517 1343 4578 in
1392 4536 1505 4579 ens
1556 4517 1876 4598 singulare
1927 4527 1989 4580 et
2038 4519 2418 4594 universale,
2537 4525 2638 4579 tur
2695 4519 2970 4580 rationes
3028 4518 3264 4601 quibus
3316 4519 3377 4580 id
3438 4518 3653 4600 ipsum
3711 4513 3994 4580 convinci-

920 4616 1087 4676 sicut
1124 4615 1189 4676 in
1230 4615 1395 4678 libro
1428 4614 1568 4700 Περὶ
1613 4619 1931 4700 ἑρμηνείας,
1971 4616 2034 4678 id
2066 4625 2163 4680 est
2200 4618 2287 4680 De
2331 4619 2422 4680 in·
2533 4623 2655 4677 tur.
2703 4616 2912 4678 Prima
2955 4636 3033 4678 ex
3082 4617 3297 4682 verbis
3347 4617 3688 4680 Avicenuae
3732 4614 3987 4678 sumitur.

920 4713 1392 4795 terpretatione,
1412 4714 1501 4775 ait
1522 4713 1944 4795 Philosophus
1974 4732 1987 4776 :
2020 4715 2250 4778 Rerum
2281 4717 2420 4780 aliae
2533 4714 2897 4777 Substantia
2937 4716 3132 4790 enim,
3177 4735 3378 4798 quum
3431 4715 3513 4778 sit
3559 4714 3896 4778 secundum
3935 4728 3990 4772 se

920 4809 1333 4884 universaleS,
1392 4811 1533 4874 aliae
1598 4810 2032 4892 particulares.
2106 4813 2416 4896 Denique,
2532 4812 2969 4889 indivisibilis,
3004 4832 3130 4876 non
3162 4814 3287 4876 nisi
3319 4834 3441 4896 per
3467 4815 3872 4896 quantitatem
3907 4809 3990 4871 de-

916 4915 1106 4988 prout
1163 4909 1461 4990 praesenti
1529 4908 1951 4990 speculationi
2019 4909 2290 4986 sufficit,
2353 4913 2417 4975 in
2529 4911 2907 4974 terminatur
2951 4913 3029 4974 ad
3089 4913 3300 4976 locum
3353 4931 3366 4975 :
3423 4931 3543 4996 per
3599 4911 3988 4975 dimensiones

914 5006 1123 5068 tribus
1171 5007 1654 5089 distinguuntur
1700 5007 2083 5070 universalia
2126 5029 2162 5070 a
2207 5009 2419 5091 singu·
2529 5029 2806 5093 namque
2835 5012 3216 5075 extenditur.
3251 5012 3588 5085 Quantitas
3623 5029 3765 5091 ergo
3801 5027 3903 5091 per
3933 5023 3986 5066 se

916 5103 1179 5166 laribus,
1203 5106 1434 5179 Primo,
1467 5104 1769 5186 quoniam
1804 5105 2149 5186 singularia
2179 5107 2417 5171 habent
2528 5109 2734 5190 ipsam
2775 5117 3102 5191 coaptatur
3148 5110 3304 5174 loco.
3347 5112 3526 5178 Nam
3570 5111 3730 5194 quod
3773 5116 3858 5171 est
3895 5123 3988 5188 per

915 5221 1055 5265 esse
1086 5204 1581 5266 determinatum
1627 5203 1702 5265 ad
1744 5202 1849 5265 hic
1888 5211 1954 5266 et
1986 5224 2180 5279 nuuc,
2217 5205 2280 5268 id
2319 5216 2415 5270 est
2524 5207 2720 5282 aliud,
2769 5208 2986 5270 reduci
3032 5227 3292 5272 necesse
3329 5217 3430 5272 est
3477 5212 3566 5275 a‘d
3612 5211 3671 5273 id
3715 5207 3870 5290 quod
3909 5209 3986 5264 est

914 5303 993 5364 ad
1034 5301 1247 5366 locum
1288 5310 1352 5365 et
1390 5310 1664 5386 tempus.
1702 5301 2088 5366 Universalia
2131 5323 2284 5368 vero
2320 5307 2409 5369 di·
2526 5325 2642 5390 per
2685 5325 2770 5368 se.
2825 5307 2889 5370 Si
2938 5325 3090 5389 ergo
3134 5327 3250 5391 per
3305 5317 3729 5392 quantitatem
3780 5307 3984 5370 locatur
