4300 6259
846 481 928 545 48
1153 498 1576 546 maxumum
1621 494 2078 543 Pmmsol'fflcA.
2125 511 2206 521 —-
2247 491 2325 537 DE
2370 489 2804 537 SUBSTAN'I'IALI
2845 478 3163 536 CORPORUM
3207 484 3645 536 conroslnorm

1152 670 1671 737 PROPOSITIO
1718 666 2038 733 XXXIII.

927 854 1353 923 Minci-alia
1409 840 1970 934 nuncupantur
2014 865 2189 930 quoe
2246 864 2345 915 ex

845 953 1178 1021 mineris
1223 953 1668 1032 gignuntur
1711 953 1796 1017 in
1844 954 2086 1015 terra.

925 1052 1181 1114 Minerae
1224 1050 1464 1132 quippe
1504 1056 1653 1111 sunt
1693 1046 2046 1110 materialia
2094 1053 2159 1107 et
2203 1062 2343 1127 pro-

848 1150 1091 1233 pinqua
1135 1148 1359 1211 talium
1405 1166 1619 1210 rerum
1665 1145 2002 1229 principia.
2053 1144 2130 1205 Et
2180 1144 2345 1205 inter

850 1247 1180 1311 mineralia
1224 1251 1676 1328 computantur
1720 1242 2023 1306 metalla:
2067 1258 2343 1323 quorum

845 1346 1092 1430 species
1133 1353 1284 1409 sunt
1325 1362 1577 1418 aurum,
1616 1350 1973 1424 argentum,
2007 1340 2341 1412 electrum,

845 1454 1168 1519 stannum,
1203 1442 1564 1527 plumbum,
1599 1460 1705 1515 aes,
1739 1440 2000 1503 ferrum.
2036 1439 2185 1513 Quae
2216 1454 2345 1499 om-

845 1544 951 1608 nia
990 1550 1375 1625 generantur
1418 1560 1495 1604 ex
1538 1539 1886 1621 vaporibus
1935 1536 2220 1600 humidis
2267 1556 2345 1598 ex

841 1651 1012 1707 terra
1067 1640 1364 1703 resolutis
1413 1640 1651 1701 virtute
1701 1636 1853 1700 solis
1901 1655 1975 1698 ac
2034 1635 2342 1708 siderum,

844 1741 910 1803 in
954 1748 1123 1803 terra
1167 1738 1429 1802 retentis
1473 1756 1486 1799 ε
1530 1737 1681 1800 hinc
1724 1735 1980 1799 metalla
2013 1732 2347 1817 liquabilia

2375 657 2427 721 A
2456 658 2713 721 sibilem
2758 658 3021 722 reddere
3062 664 3451 721 asseruntur.
3500 656 3577 719 Et
3617 655 3789 739 quod
3834 653 3963 717 mi·
3996 668 4219 742 epum

2455 757 2723 820 rabilius
2795 764 3144 839 reputatur,
3218 757 3508 838 quaedam
3580 737 4079 845 hujusmodiff,²
4088 732 4231 849 (ἲς

2455 855 2756 917 dicuntur
2797 856 3116 918 daemones
3161 854 3483 918 refrenare
3529 871 3542 915 :
3588 853 3759 935 quod
3802 871 4020 962 qua-e

2453 1150 2604 1213 hinc
2652 1149 2818 1223 inde,
2854 1156 2918 1212 et
2959 1148 3135 1211 alibi.

2759 1357 3282 1423 PROPOSITIO
3327 1356 3644 1421 XXXIV.

2534 1542 2630 1608 In
2707 1541 3171 1623 corporibus
3242 1540 3528 1607 mixtis
3607 1554 3763 1606 non
3831 1542 3963 1606 est

2454 1640 2805 1721 perfecta
2861 1639 3350 1720 commixtio,
3407 1639 3565 1704 nisi
3628 1653 3959 1705 concur·

2453 1741 2638 1806 rant
2718 1741 2800 1805 et
2885 1738 3293 1805 confluant
3370 1739 3713 1820 quatuor
3798 1738 3953 1804 ele-

843 1845 1034 1921 atque
1079 1836 1346 1899 ductilia
1393 1835 1830 1919 perhibentur.
1880 1832 2148 1915 Lapides
2193 1848 2345 1894 vero
2380 1833 2427 1896 B
2455 1841 2747 1904 menta.

845 1945 908 2001 et
937 1936 1172 1999 similia
1203 1954 1345 2018 quae
1376 1952 1504 1998 non
1537 1933 1915 1997 malleantur
1952 1949 2163 2014 neque
2203 1930 2345 1992 fun·

845 2036 1105 2109 duntur,
1157 2053 1235 2097 ex
1284 2034 1682 2096 exhalatione
1731 2033 2173 2115 producuntur
2224 2031 2345 2093 sic-

847 2152 942 2207 ca,
994 2132 1162 2195 infra
1214 2141 1447 2194 terram
1502 2140 1764 2194 retenta.
1815 2130 2348 2193 Diversificantur

846 2249 1100 2314 quoque
1130 2231 1376 2313 species
1406 2230 1804 2292 metallorum
1835 2229 2186 2291 secundum
2221 2246 2345 2289 ma-

844 2330 1050 2411 jor-em
1095 2336 1204 2391 aut
1245 2328 1556 2390 minorem
1597 2328 2076 2409 depurationem
2125 2334 2190 2388 et
2234 2344 2347 2407 pu-

846 2428 1098 2490 ritatem
1160 2426 1438 2489 materiae
1484 2445 1596 2489 seu
1656 2425 1908 2507 vaporis
1939 2424 2224 2497 resoluti,
2272 2442 2347 2486 ac

849 2544 1046 2609 penes
1075 2525 1449 2588 varietatem
1479 2524 1826 2605 digerentis
1866 2523 2094 2585 caloris
2131 2540 2144 2583 :
2182 2523 2348 2584 inter

848 2643 990 2705 quae
1031 2622 1288 2685 metalla
1332 2622 1556 2704 purius
1605 2628 1794 2703 atque
1839 2620 2181 2702 pretiosius
2225 2618 2349 2681 fer-

847 2731 952 2786 tur
1007 2741 1259 2796 aurum,
1320 2721 1549 2784 deinde
1607 2728 1963 2801 argentum.
2028 2719 2104 2781 Et
2168 2717 2349 2799 juxta

849 2821 1156 2903 maj0rem
1217 2820 1611 2883 minoremve
1669 2818 2151 2900 depurationem
2219 2834 2349 2880 sor—

848 2920 1095 2982 tiuntur
1133 2918 1390 2981 metalla
1427 2916 1856 2980 communiter
1898 2915 2181 2977 diversas
2222 2914 2346 2975 ori-

2534 1936 2715 2018 Aqua
2747 1954 3043 2017 namque,
3069 1952 3270 2018 quum
3301 1933 3385 1996 sit
3412 1934 3625 1997 decies
3656 1932 3957 1997 subtilior

2456 2043 2641 2108 terra,
2714 2035 2778 2097 in
2849 2034 3120 2116 decupla
3188 2032 3599 2115 proportione
3665 2042 3959 2115 penetrat

2456 2142 2665 2215 partes
2713 2141 2918 2206 terrae,
2965 2140 3029 2194 et
3071 2131 3281 2195 decies
3326 2132 3465 2213 ipsa
3507 2139 3676 2194 terra
3718 2139 3812 2195 est
3859 2152 3957 2195 ra-

2456 2231 2623 2309 rior3
2655 2248 2783 2293 non
2823 2237 3034 2293 tamen
3078 2230 3360 2311 undique
3400 2236 3693 2311 penetrat
3721 2237 3955 2292 terram

2457 2328 2759 2410 perfecte,
2810 2328 3111 2409 quoniam
3160 2327 3441 2409 aliquam
3491 2325 3685 2389 habet
3730 2327 3959 2408 grossi·

2456 2428 2629 2489 tiem.
2655 2429 2779 2490 Aer
2811 2444 2979 2500 vero,
3013 2418 3213 2508 quum
3246 2425 3329 2487 sit
3358 2425 3631 2507 decuplo
3660 2426 3960 2488 subtilior

2454 2545 2640 2608 aqua,
2662 2534 2724 2587 et
2755 2544 2869 2608 per
2900 2542 3297 2605 consequens
3328 2523 3629 2606 centuplo
3660 2524 3959 2587 subtilior

2456 2633 2644 2698 terra,
2691 2625 2758 2686 in
2809 2622 3108 2705 centupla
3151 2623 3561 2705 proportione
3608 2624 3816 2685 adhuc
3861 2624 3957 2685 in-

2455 2724 2677 2785 timius
2715 2742 2782 2786 se
2822 2722 3166 2805 profundat
3208 2722 3775 2804 penetrantiusque
3817 2741 3959 2805 per-

2458 2822 2682 2884 miscet
2731 2822 2797 2884 in
2848 2822 3064 2884 mixto.
3120 2820 3286 2901 Ignis
3336 2828 3571 2894 autem,
3624 2839 3823 2901 quum
3872 2820 3960 2883 sit

2456 2920 2664 2983 decies
2712 2920 2911 2982 rarior
2952 2937 3119 2990 aere,
3154 2936 3227 2980 ac
3274 2937 3386 2999 per
3423 2918 3542 2980 boc
3582 2920 3825 2981 centies
3864 2938 3959 2981 ra—

846 3018 1026 3098 gines
1069 3034 1085 3080 :
1128 3017 1297 3078 unde
1339 3034 1568 3077 aurum
1613 3013 1938 3077 invenitur
1982 3012 2347 3097 frequenter
2381 3016 2424 3079 C
2457 3018 2584 3080 rior
2619 3036 2804 3100 aqua,
2839 3025 3029 3098 atque
3078 3015 3382 3079 millesies
3424 3016 3723 3078 subtilior
3763 3023 3953 3089 terra,

849 3116 1015 3177 inter
1057 3114 1402 3177 fluviorum
1447 3132 1694 3188 arenaS,
1726 3112 1808 3175 ob
1851 3112 2100 3194 copiam
2143 3119 2207 3173 et
2247 3129 2346 3173 ca-

850 3214 1161 3276 liditatem
1192 3231 1397 3275 arenae
1429 3211 1800 3293 hujusmodi
1825 3228 1842 3291 3
1873 3219 2206 3291 argentum
2246 3228 2349 3271 ve-

849 3330 940 3386 ro,
1005 3312 1070 3374 in
1129 3311 1312 3374 venis
1368 3319 1553 3374 terrai
1611 3318 1718 3372 aut
1788 3309 2094 3391 lapidum.
2156 3308 2348 3371 Porro

847 3428 1116 3492 gemmae
1173 3428 1251 3471 ex
1310 3410 1480 3472 sicca
1537 3408 1934 3471 exhalatione
1989 3407 2191 3488 magis
2240 3413 2349 3467 aut

850 3508 1064 3571 minus
1108 3508 1415 3589 depurata
1457 3496 1824 3568 nascuntur.

927 3606 1162 3669 Verum
1203 3605 1268 3667 in
1311 3604 1732 3668 mineralibus
1776 3603 1914 3667 istis
1959 3602 2136 3665 mirae
2178 3621 2347 3684 quae-

848 3705 994 3766 dam
1054 3702 1472 3765 inveniuntur
1528 3702 1798 3763 virtutes
1853 3718 1928 3762 ac
1987 3699 2348 3781 magnificae

848 3802 1148 3864 actiones,
1185 3801 1348 3874 Quas
1379 3819 1458 3863 ex
1491 3800 1714 3881 quinta
1743 3798 2019 3861 essentia
2047 3797 2349 3859 dicuntur

847 3902 1082 3975 sortiri,
1105 3900 1408 3983 quoniam
1440 3916 1701 3982 prorsus
1733 3897 2191 3960 transcendunt
2218 3896 2347 3959 ele-

851 4008 1202 4063 mentarem
1247 4004 1310 4062 et
1350 3997 1745 4080 corporalem
1795 3995 2169 4058 inferiorum
2215 3995 2347 4057 vim

843 4116 920 4161 ac
951 4104 1240 4161 naturam
1279 4113 1292 4157 :
1328 4112 1456 4157 non
1496 4094 1666 4177 quod
1701 4093 1944 4175 aliquid
1986 4092 2345 4157 coelestium

2456 3116 2521 3178 in
2564 3116 2973 3197 proportione
3030 3114 3369 3177 millesima
3411 3114 3792 3196 profundius
3841 3134 3958 3176 un-

2454 3214 2648 3295 dique
2707 3220 2997 3296 penetrat
3054 3213 3120 3274 in
3172 3230 3435 3295 corpore
3493 3213 3694 3276 mixto
3753 3230 3956 3294 usque

2455 3314 2532 3375 ad
2566 3314 2811 3385 intima,
2845 3331 2919 3374 ac
2951 3312 3281 3393 potissime
3313 3311 3521 3374 efficit
3552 3319 3818 3375 motum.
3843 3313 3959 3375 De-

2456 3410 2653 3493 nique
2709 3410 3083 3472 animalium
3146 3427 3411 3492 corpora
3471 3409 3537 3472 in
3594 3428 3662 3472 se
3722 3410 3958 3473 habent

2457 3516 2749 3571 naturam
2810 3516 3083 3590 quatuor
3130 3508 3597 3570 elementorum
3652 3525 3668 3570 ε
3722 3508 3952 3591 primo,

2458 3614 2528 3668 ut
2574 3606 2705 3668 sint
2750 3606 2827 3668 ad
2877 3606 3283 3668 sentiendum
3336 3604 3600 3684 idonea3
3650 3607 3952 3679 secund0,

2457 3712 2771 3786 quatenus
2820 3705 2897 3766 ad
2944 3712 3186 3768 motum
3232 3703 3361 3765 sint
3401 3711 3588 3785 apta3
3632 3703 3840 3778 tertio,
3888 3712 3957 3765 ut

2456 3804 2535 3865 ad
2564 3803 3000 3885 operationem
3034 3802 3458 3883 multiplicem
3498 3802 3808 3865 exsistant
3835 3802 3958 3864 dis—

2458 3902 2704 3985 posita3
2747 3909 2993 3983 quarto,
3039 3908 3355 3983 quatenus
3399 3901 3465 3962 in
3509 3901 3751 3963 ratione
3796 3902 3954 3963 mix-

2456 4000 2648 4063 tionis
2698 4000 3050 4062 consistant
3092 3998 3391 4080 perfecta.
3438 3998 3665 4062 Tactus
3712 3999 3956 4081 quippe

2456 4099 2703 4181 primus
2754 4105 2851 4160 est
2908 4116 3235 4171 sensuum,
3287 4104 3350 4159 et
3396 4097 3667 4160 aliorum
3724 4096 3955 4159 funda-

846 4213 1187 4278 eorporum
1237 4193 1491 4256 realiter
1538 4192 1664 4254 huo
1713 4192 2076 4264 descendat,
2129 4190 2349 4253 rebus·
2375 4202 2424 4264 D
2459 4205 2769 4270 mentum,
2803 4196 2867 4257 in
2900 4214 3028 4278 quo
3060 4196 3503 4279 praedominari
3546 4203 3795 4278 oportet
3830 4202 3954 4259 ter-

847 4312 974 4378 que
1022 4293 1162 4355 istis
1210 4291 1722 4365 commisceatur,
1768 4289 1880 4352 sed
1927 4289 2097 4371 quod
2146 4288 2346 4350 mine-

849 4392 1008 4455 ralia
1050 4392 1170 4455 ista
1214 4398 1413 4465 motu,
1449 4389 1692 4451 lumine
1733 4396 1797 4451 et
1841 4387 2181 4450 influentia
2225 4404 2349 4449 coe-

850 4491 1108 4555 lestium
1167 4489 1422 4553 orbium
1479 4508 1553 4550 ac
1621 4487 1948 4550 stellarum
2016 4486 2344 4568 producta,

848 4591 1020 4655 vires
1091 4589 1399 4672 quasdam
1469 4594 1745 4650 secretas
1814 4592 1878 4649 et
1945 4584 2347 4667 operationes

849 4688 1184 4774 praeclaras
1223 4687 1372 4749 inde
1411 4685 1818 4769 participant,
1861 4702 1978 4747 nec
2017 4684 2226 4745 solum
2266 4682 2345 4745 ab

849 4788 1002 4862 illis,
1056 4787 1188 4849 imo
1242 4793 1307 4849 et
1363 4803 1441 4848 ex
1499 4785 1786 4867 ipsorum
1848 4800 2104 4865 quoque
2154 4787 2349 4845 moto-

849 4886 1051 4949 ribus.
1113 4886 1366 4947 Etenim
1423 4885 1715 4966 quaedam
1775 4881 2144 4963 hujusmodi
2214 4882 2347 4943 vim

847 4986 1085 5048 habent
1142 4984 1532 5056 laetificandi,
1585 4991 1655 5045 ut
1711 5000 1981 5062 aurum;
2031 4982 2346 5064 quaedam,

849 5085 1226 5166 sanguinem
1284 5083 1782 5164 constringendi,
1835 5089 1905 5143 ut
1961 5081 2346 5164 sapphirus3

851 5183 1142 5265 quaedam
1184 5188 1422 5243 acuunt
1463 5180 1901 5258 intellectum;
1934 5180 2223 5261 quaedam
2256 5178 2347 5242 ef-

855 5281 1090 5349 ficiunt
1117 5286 1404 5359 castum3
1437 5278 1727 5361 quaedam
1767 5278 2159 5359 bajulantem
2190 5279 2350 5342 invi-

2456 4315 2589 4358 ram
2636 4302 2946 4377 quantum
2990 4295 3066 4357 ad
3113 4294 3368 4357 molem.
3400 4294 3495 4356 Ad
3536 4294 3658 4357 hoc
3699 4312 3955 4377 quoque

2458 4395 2627 4478 quod
2662 4394 2931 4456 mixtum
2965 4394 3048 4456 sit
3077 4394 3153 4455 ad
3186 4391 3590 4455 sentiendum
3626 4393 3950 4468 idoneum,

2458 4512 2719 4555 necesse
2788 4500 2884 4554 est
2956 4492 3021 4553 in
3082 4508 3157 4553 eo
3224 4490 3673 4573 praedominari
3737 4492 3952 4573 ignem

2458 4598 2769 4674 quantum
2828 4590 2906 4652 ad
2964 4609 3143 4653 suam
3207 4590 3532 4663 virtutem,
3584 4598 3737 4672 puta
3794 4590 3955 4653 calo·

2458 4710 2593 4753 rem
2659 4708 2673 4752 :
2727 4688 2899 4752 calor
2956 4688 3197 4771 quippe
3252 4696 3316 4750 et
3376 4688 3662 4769 spiritus,
3725 4690 3955 4752 instru-

2462 4796 2673 4851 menta
2738 4796 2884 4850 sunt
2954 4786 3276 4849 sensitivae
3347 4786 3623 4848 virtutis.
3695 4787 3957 4850 Inchoat

2457 4888 2631 4950 enim
2702 4894 2911 4949 motus
2980 4886 3043 4946 in
3112 4884 3413 4947 omnibus
3480 4885 3775 4948 sensibus
3840 4904 3957 4969 per

2460 4986 2625 5067 ignis
2676 4984 3113 5048 subtilitatem.
3161 4983 3525 5066 Requiritur
3571 5003 3722 5065 ergo
3764 4994 3951 5061 terra,

2459 5091 2530 5146 ut
2560 5101 2791 5165 corpus
2822 5083 2905 5145 sit
2944 5082 3260 5159 solidum3
3293 5082 3569 5163 exigitur
3595 5102 3781 5165 aqua,
3812 5104 3953 5166 quae

2459 5183 2737 5265 partium
2784 5181 3326 5246 continuationem
3380 5181 3956 5265 cohaerentiamque

2457 5280 2743 5361 efficiat3
2776 5300 2884 5345 aer
2922 5296 3200 5363 quoque,
3236 5287 3307 5341 ut
3344 5278 3830 5344 rarefactionem
3862 5281 3955 5345 in·

2455 953 2601 1015 liter
2651 972 2870 1016 verum
2922 952 3023 1026 sit,
3080 959 3143 1015 et
3191 953 3269 1014 de
3328 952 3667 1035 praetactiS,
3720 948 3957 1032 scripsi
3993 922 4233 1027 35932‘

2454 1052 2835 1133 completius
2866 1069 3059 1132 super
3093 1050 3447 1113 secundum
3480 1048 3957 1113 Sententiarum
3989 1046 4137 1091 XXV!
4130 1059 4220 1152 2⁷⁴⁹
4195 1119 4233 1149 k

3992 1172 4042 1215 c·
4062 1130 4151 1214 0³⁹1
