4300 6259
838 480 915 526 DE
957 478 1185 526 Lmnrm
1225 476 1607 525 cnmsrlANAE
1646 472 1947 531 Tamum,
1994 474 2169 519 Lmen
2217 474 2255 519 1.
2301 492 2382 503 -·
2421 476 2560 522 ΛΒΤ.
2607 474 2770 533 CXIV,
2815 474 2930 522 CXV

3243 462 3250 465 ’
3318 457 3432 521 381

359 670 485 733 quae
528 648 711 713 simul
760 656 975 732 agunt,
1028 649 1188 712 ratio
1232 648 1565 711 veritatem
1613 645 1825 718 habet,
1858 644 1909 706 A
1940 644 2337 708 stituendum
2379 645 2616 708 animal
2668 646 2769 708 vel
2819 644 3100 728 speciem
3149 643 3434 717 animati,

358 766 470 809 non
500 756 703 810 autem
748 748 811 809 in
852 748 1060 809 causis
1100 745 1579 809 accidentaliter
1608 743 1829 807 subor-

358 847 590 919 dinatiS,
622 846 787 909 sicut
818 846 880 909 in
915 845 1243 927 proposito
1272 844 1583 925 contingit
1618 860 1631 905 :
1666 842 1831 904 acci-

356 946 438 1007 dit
476 945 641 1007 euim
680 943 845 1026 patri
894 944 1189 1017 SocratiS‚
1233 944 1399 1025 quod
1450 944 1530 1004 sit
1578 940 1659 1004 ab
1703 941 1830 1003 alio

356 1050 688 1124 generatus.
743 1078 824 1089 -—
869 1042 961 1105 Ad
1012 1042 1305 1105 ultimam
1363 1041 1605 1114 dicunt,
1659 1040 1828 1122 quod

358 1140 593 1204 infinito
622 1141 790 1222 quod
822 1141 1031 1203 solum
1060 1160 1097 1203 a
1125 1149 1303 1223 parte
1342 1138 1641 1202 anteriori
1682 1137 1828 1201 insi-

358 1240 546 1301 nitum
587 1245 703 1311 est,
738 1245 949 1320 potest
988 1239 1229 1301 additio
1269 1238 1438 1299 fieri.

700 1466 1191 1531 ARTICULUS
1237 1465 1471 1529 CXIV.

358 1591 521 1657 Quod
564 1608 697 1649 non
742 1590 876 1647 sint
923 1590 1165 1667 aliquae
1222 1589 1603 1649 substantioe
1650 1588 1835 1646 intel-

428 1682 723 1737 lectuales
780 1678 1081 1737 habente-s
1136 1695 1409 1753 corpora
1458 1678 1587 1735 sibi
1641 1678 1834 1736 unita

426 1768 768 1843 simplicia,
818 1768 985 1825 sicut
1029 1768 1367 1829 Platonici
1404 1776 1788 1841 posuerunt.

254 1948 335 1977 ιιι-
426 1928 473 1989 Ν
500 1926 939 2009 superioribus
969 1934 1203 2000 autem,
1238 1925 1392 1987 dum
1423 1926 1501 1987 de
1532 1943 1833 2007 processu

450 2026 889 2089 universorum
932 2044 969 2087 a
1008 2025 1217 2107 primo
1266 2024 1585 2107 principio
1632 2025 1836 2088 deter-

356 2124 700 2187 minabatur
742 2123 1095 2186 secundum
1139 2122 1523 2205 positionem
1562 2123 1836 2185 Platonis

290 2264 299 2271 -
354 2223 408 2284 in
456 2222 707 2296 Timaeo,
766 2228 1005 2284 tactum
1064 2228 1160 2283 est
1208 2222 1530 2302 quomodo
1577 2220 1837 2285 calodae-

354 2339 552 2383 mones
598 2328 661 2382 et
712 2320 1185 2383 cacodaemones
1241 2339 1315 2382 ac
1375 2320 1835 2383 catodaemones

350 2419 590 2501 posuit:
626 2420 693 2481 in
740 2437 868 2501 quo
908 2418 1101 2481 etiam
1146 2418 1488 2481 concordat
1530 2438 1678 2481 cum
1724 2419 1831 2481 So·

350 2526 503 2580 crate
560 2526 623 2580 et
667 2517 961 2580 Hesiodo.
1015 2516 1319 2579 Platonici
1370 2517 1565 2597 igitur
1610 2523 1673 2579 et
1723 2533 1831 2578 eos

349 2634 603 2697 sequeus
630 2615 967 2697 ApuleiuS‚
999 2614 1311 2678 daemonia
1344 2614 1667 2697 ponebant
1694 2633 1834 2677 esse

350 2714 633 2775 animalia
696 2731 963 2795 corpore
1029 2712 1221 2787 aeria,
1284 2720 1497 2775 mente
1563 2713 1831 2777 rationa-

352 2810 513 2885 bilia,
545 2812 767 2875 animo
808 2812 1061 2895 passiva
1102 2819 1164 2875 et
1209 2820 1497 2894 tempore
1539 2819 1773 2875 aeterna
1815 2830 1829 2873 :

1940 744 2188 805 ostendi
2223 752 2448 826 potest.
2482 745 2738 807 Materia
2767 744 2940 807 enim
2973 745 3436 807 elementorum

1940 849 2034 904 est
2057 844 2480 925 propinquior
2501 844 2781 907 materiae
2813 844 3266 925 primae‚quam
3291 848 3441 903 sunt

1942 958 2208 1022 corpora
2243 942 2606 1004 mixtorum.
2641 941 2946 1003 Videmus
2984 941 3158 1003 enim
3207 939 3442 1003 formas

1942 1056 2069 1120 quo
2137 1038 2485 1102 nobiliores
2551 1038 2812 1113 fuerint,
2875 1056 3142 1121 corpora
3209 1037 3442 1099 habere

1942 1136 2087 1219 plus
2118 1138 2476 1199 recedentia
2505 1156 2542 1199 a
2570 1138 2873 1220 qualitate
2904 1146 2966 1200 et
2996 1144 3220 1199 natura
3251 1142 3445 1197 mate-

1944 1234 2051 1297 riae
2083 1235 2844 1298 elementorum.Materia
2873 1235 3066 1297 etiam
3097 1234 3444 1297 elemento-

1943 1352 2085 1395 rum
2130 1332 2209 1395 l'it
2252 1334 2543 1415 proxima
2586 1334 2864 1397 materiae
2904 1332 3272 1396 mixtorum.
3321 1331 3442 1394 Sed

1943 1431 2363 1495 nobilissimae
2435 1432 2655 1497 formae
2725 1432 2948 1495 volunt
3019 1430 3442 1494 nobilissimis

1944 1529 2332 1592 materiebus
2365 1531 2688 1612 conjungi.
2723 1531 2860 1594 Non
2893 1548 3040 1611 ergo
3070 1530 3228 1592 tales
3260 1529 3442 1591 intel-

1944 1628 2248 1691 lectuales
2277 1628 2670 1703 substantiae,
2702 1648 2844 1712 quae
2874 1629 3067 1693 etiam
3107 1627 3444 1691 animabus

1945 1726 2282 1789 homiuum
2312 1728 2782 1809 praestantiores
2812 1735 3046 1801 essent,
3089 1726 3140 1789 si
3187 1725 3444 1789 exsiste-

1871 1824 2110 1900 Brent,
2173 1826 2342 1888 uniri
2411 1835 2679 1909 possunt
2736 1826 2988 1909 corpori
3044 1824 3439 1889 elementari.

1946 1924 2272 1999 Praeterea,
2296 1943 2562 2007 corpora
2591 1926 3023 1999 elementaria,
3049 1932 3310 2007 propter
3338 1942 3446 1985 ex-

1946 2022 2308 2085 cellentiam
2342 2024 2884 2098 contrarietatum,
2917 2024 3124 2086 activa
3152 2031 3214 2086 et
3246 2023 3444 2105 passi-

1946 2140 2023 2183 va
2053 2129 2219 2183 sunt.
2256 2122 2321 2185 Si
2351 2140 2503 2203 ergo
2531 2123 2752 2185 unitur
2779 2123 2988 2186 forma
3015 2122 3128 2184 tali
3167 2122 3442 2203 corpori,
3547 2166 3554 2178 .

1947 2219 2262 2299 indigebit
2289 2239 2480 2283 sensu
2513 2227 2826 2294 tactuS‚ut
2851 2220 3054 2303 possit
3082 2220 3446 2283 discernere

1946 2318 2023 2379 de
2063 2318 2649 2401 corrumpentibuS,
2683 2326 2746 2381 et
2784 2320 3006 2383 eadem
3047 2318 3290 2400 fugere.
3325 2319 3446 2382 Sed

1946 2416 2065 2479 hoc
2099 2416 2501 2499 impossibile
2530 2426 2629 2479 est
2657 2419 2722 2480 in
2752 2436 3018 2499 corpore
3047 2418 3440 2481 elementari.

1946 2514 2264 2595 Organum
2311 2516 2482 2577 enim
2529 2524 2756 2590 tactuS,
2800 2534 2926 2579 non
2969 2516 3163 2578 habet
3205 2524 3448 2579 contra-

1946 2613 2202 2675 rietates
2251 2621 2418 2689 actu,
2461 2615 2572 2677 sed
2621 2615 2903 2696 potentia
2954 2633 2967 2677 :
3014 2622 3078 2677 et
3128 2615 3270 2677 ideo
3318 2632 3444 2676 nou

1947 2712 2068 2773 nisi
2124 2712 2190 2773 in
2242 2713 2620 2795 corporibus
2682 2714 2896 2776 mixtis
2955 2722 3019 2776 et
3072 2712 3446 2795 temperatis

1946 2812 2263 2892 reperitur
2321 2819 2543 2875 tactus.
2604 2812 2850 2887 Adhuc,
2911 2813 2966 2875 si
3025 2813 3276 2895 corpori
3337 2811 3444 2874 tali

351 2930 495 2992 quos
560 2912 821 2974 videtur
888 2910 1069 2994 sequi
1136 2910 1543 2993 PorphyriuS‚
1612 2911 1833 2973 dicens
1943 2910 2115 2972 aerio
2155 2917 2261 2973 aut
2301 2910 2582 2993 simplici
2625 2911 2944 2975 elemento
2988 2911 3252 2974 unibilis
3282 2917 3451 2973 esset

348 3010 501 3089 quod
539 3006 809 3073 mortale
850 3009 1137 3071 additum
1184 3008 1393 3083 nobi5‚
1428 3017 1676 3091 separat
1719 3026 1833 3071 nos
1871 3010 1916 3073 C
1945 3008 2153 3071 forma
2183 3008 2816 3085 intellectualis‚tunc
2847 3028 3114 3093 corpora
3143 3010 3450 3073 viciniora

347 3106 417 3168 ab
444 3107 849 3170 illis.Dicitur
880 3106 1115 3190 quippe
1144 3107 1524 3170 daemonium
1553 3126 1590 3169 a
1618 3112 1833 3189 δαίμων
1947 3114 2009 3169 et
2040 3106 2354 3171 similiora
2395 3108 2546 3182 illis,
2578 3117 2792 3171 esseut
2832 3109 3162 3191 capaciora
3200 3109 3347 3172 vitae
3385 3115 3449 3171 et

348 3205 407 3267 in
435 3206 665 3279 Graeco,
701 3206 873 3289 quod
904 3206 1073 3287 apud
1104 3222 1219 3267 nos
1250 3213 1432 3269 sonat
1464 3205 1632 3268 idem
1664 3206 1831 3287 quod
1950 3205 2310 3269 intellectus
2355 3207 2585 3269 ceteris
2624 3207 2770 3290 plus
2808 3207 3195 3270 distantibus
3230 3225 3243 3269 :
3278 3206 3449 3289 quod

1948 3321 2076 3368 non
2127 3304 2439 3367 videmus
2489 3304 2646 3367 Nam
2701 3305 3035 3369 mineralia
3082 3314 3146 3369 et
3193 3306 3448 3389 plantae,

1948 3421 2091 3484 quoe
2132 3403 2346 3465 minus
2382 3404 2582 3465 mixta
2621 3411 2791 3478 sunt,
2824 3404 3102 3487 amplius
3143 3405 3380 3467 distant
3415 3422 3454 3466 a

1950 3500 2344 3582 perfectione
2375 3502 2755 3565 intellectus.
3497 3492 3504 3499 ’

350 3304 827 3377 intellectivum,
860 3311 1193 3387 expertum
1226 3304 1363 3367 sive
1400 3323 1687 3385 gnarum.
1723 3305 1834 3367 Ta-

349 3402 429 3464 les
474 3402 669 3483 igitur
730 3401 1195 3465 intellectuales
1252 3402 1639 3465 substantias
1700 3403 1833 3464 sive

347 3500 667 3574 daemonia,
690 3500 1051 3563 diviserunt
1082 3500 1147 3563 in
1178 3500 1661 3575 calodaemone5‚
1684 3508 1830 3573 etc„

347 3606 410 3660 ut
447 3600 687 3662 dictum
730 3606 828 3663 est
874 3606 938 3661 et
986 3599 1283 3681 superius
1322 3599 1636 3661 habitum.
1690 3600 1833 3663 Haec

346 3706 541 3760 autem
583 3699 820 3781 positio
851 3698 1085 3780 partim
1114 3698 1369 3761 videtur
1398 3716 1585 3780 posse
1615 3698 1834 3761 reduci

345 3796 410 3857 ad
442 3797 502 3858 id
530 3796 705 3878 quod
751 3796 1027 3877 theologi
1077 3795 1258 3857 aiunt
1292 3812 1306 3857 z
1339 3796 1491 3877 quia
1536 3794 1835 3858 Platonici

344 3894 552 3956 dicunt
583 3895 645 3957 id
678 3894 759 3957 de
788 3893 1329 3957 catodaemonibus
1358 3894 1527 3975 quod
1561 3894 1837 3973 theologi

342 3992 411 4053 de
455 3993 723 4074 angelis,
776 3993 944 4075 quod
994 3991 1241 4055 scilicet
1288 3991 1419 4053 sint
1466 3991 1837 4055 substantiae

344 4089 822 4165 intellectualeS,
869 4090 1051 4154 bonae
1094 4098 1155 4153 et
1200 4090 1263 4152 in
1314 4090 1501 4153 bonis
1548 4092 1709 4154 datae
1756 4091 1835 4153 ad

2333 3712 2822 3777 ARTICULUS
2869 3712 3069 3776 CXV.

2039 3836 2224 3902 Quod
2262 3837 2438 3896 Deus
2479 3835 2564 3893 sit
2609 3836 2830 3893 lumen
2863 3852 2988 3909 per
3031 3842 3365 3895 naturam.

2088 3994 2272 4057 MNIS
2304 3994 2582 4075 denique
2611 4000 2790 4072 actus
2820 4000 2883 4055 et
2913 3993 3118 4057 forma
3149 3994 3449 4076 potentiae

2118 4100 2182 4155 et
2214 4093 2491 4155 materiai
2522 4091 2740 4153 lumen
2771 4098 2888 4165 est,
2908 4091 3252 4173 perficiens
3281 4111 3445 4167 eam,

343 4190 687 4252 custodiam
720 4190 1079 4252 hominum.
1106 4188 1591 4253 Cacodaemones
1619 4198 1833 4251 autem
1867 4196 1916 4259 D
1948 4199 2012 4254 et
2051 4191 2534 4254 communicans
2576 4190 2635 4252 ei
2680 4208 2838 4253 esse.
2876 4189 2952 4252 Et
2994 4190 3158 4253 sicut
3201 4210 3237 4253 a
3280 4191 3448 4254 bono

342 4287 549 4349 dicunt
578 4307 722 4351 esse
754 4306 1160 4371 persuasores
1190 4294 1254 4351 et
1284 4288 1613 4369 punitores
1644 4288 1837 4351 malo-

344 4404 473 4447 rum
515 4405 531 4448 ε
575 4387 751 4469 quod
795 4386 1193 4450 daemonibus
1240 4386 1615 4449 adscribunt
1661 4388 1835 4449 theo·

341 4482 479 4565 logi.
502 4485 618 4559 Qui
652 4486 851 4548 etiam
880 4485 1105 4547 dicunt
1133 4486 1391 4567 angelos
1422 4485 1669 4567 species
1702 4504 1839 4549 cor-

342 4600 557 4663 porum
597 4591 665 4647 et
708 4601 975 4665 corpora
1025 4584 1311 4649 vicissim
1362 4584 1649 4659 induere,
1692 4593 1755 4647 et
1800 4604 1837 4647 a

342 4682 491 4746 coelo
520 4683 588 4745 in
622 4691 863 4745 terram
910 4683 1316 4756 descendere,
1347 4690 1537 4765 atque
1576 4684 1655 4745 de
1696 4684 1835 4747 loeo

338 4782 409 4843 ad
438 4782 653 4845 locum
688 4782 992 4845 transire:
1014 4802 1155 4866 quae
1185 4782 1402 4845 omnia
1431 4782 1655 4844 dicunt
1674 4782 1835 4845 Peri-

338 4881 585 4961 patetici
618 4898 752 4944 non
783 4896 969 4962 posse
1000 4881 1343 4943 convenire
1373 4880 1834 4961 intelligentiis.

412 4980 529 5042 Sed
558 4980 701 5041 haee
732 4978 967 5061 positio
996 4978 1350 5041 Stoicorum
1384 4978 1837 5042 inconveniens

338 5085 443 5141 est.
494 5077 675 5152 Quod
735 5076 912 5139 enim
972 5076 1327 5139 substantia
1385 5078 1835 5141 intellectualis

338 5196 455 5239 nou
516 5176 785 5238 uniatur
851 5175 1101 5257 corpori
1168 5174 1473 5257 simplici,
1535 5176 1834 5239 videlicet

336 5276 457 5339 aeri
487 5283 602 5339 aut
639 5273 827 5337 alteri
865 5273 1205 5350 elemento,
1238 5282 1309 5337 ut
1336 5274 1543 5338 forma
1570 5277 1651 5338 ad
1682 5294 1832 5339 con-

1948 4307 2073 4353 non
2107 4297 2204 4352 est
2233 4290 2359 4351 nisi
2391 4289 2654 4363 bonum,
2683 4288 2776 4350 sic
2805 4308 2842 4351 a
2871 4288 3114 4352 lumine
3145 4307 3272 4353 non
3302 4289 3452 4353 fluit

1948 4388 2072 4450 nisi
2125 4388 2360 4451 lumen.
2415 4388 2588 4451 Sicut
2639 4386 2812 4449 enim
2871 4387 3038 4450 calor
3085 4406 3212 4451 non
3273 4388 3450 4451 infri-

1948 4486 2141 4567 gidat,
2188 4488 2280 4549 sic
2333 4487 2551 4549 lumen
2601 4486 3022 4549 obtenebrare
3070 4505 3198 4550 non
3246 4488 3445 4561 novit,

1949 4586 2059 4647 sed
2091 4585 2367 4648 illustrat
2405 4586 2468 4648 id
2510 4585 2696 4666 cujus
2739 4592 2852 4647 est.
2890 4586 3190 4668 Sequitur
3233 4585 3447 4667 igitur,

1951 4685 2119 4765 quod
2163 4685 2374 4747 omnis
2417 4684 2668 4747 bonitas
2715 4684 2932 4746 lumen
2976 4684 3296 4766 quoddam
3345 4685 3445 4747 sit.

1950 4782 2014 4844 ld
2059 4800 2210 4864 ergo
2252 4784 2422 4865 quod
2466 4782 2674 4846 omnis
2725 4782 3028 4845 bonitatis
3078 4791 3140 4845 et
3187 4783 3451 4847 luminis

1949 4882 2209 4944 fontana
2239 4900 2429 4943 causa
2471 4888 2587 4954 est,
2622 4880 2840 4943 lumen
2880 4888 2993 4943 est.
3031 4881 3197 4943 Deus
3234 4890 3450 4944 autem

1946 4987 2045 5042 est
2092 4999 2129 5041 a
2178 4997 2306 5061 quo
2370 4978 2674 5042 omnibus
2748 4978 3293 5042 communicatum
3354 4987 3452 5042 est

1950 5097 2088 5141 esse
2130 5087 2195 5141 et
2237 5078 2472 5140 vivere.
2527 5076 2853 5151 Praeterea,
2907 5077 3299 5159 possibilitas
3356 5078 3449 5142 rei

1950 5185 2175 5240 creatae
2223 5196 2364 5259 quae
2413 5175 2715 5259 praecedit
2773 5194 2913 5239 esse
2971 5176 3135 5257 ejuS‚
3186 5178 3452 5240 tenebra

1950 5276 2243 5360 quaedam
2303 5283 2400 5339 est
2457 5280 2750 5357 respectu
2811 5274 3197 5341 exsistentiae
3253 5276 3450 5343 creati
