4300 6259
835 507 915 570 80
1546 520 1971 568 manuumve
2012 518 2476 566 Pmtosopmm.
2523 537 2603 548 —·
2645 519 2722 565 DE
2757 496 3240 569 'INTELLIGENTHS

836 692 1036 768 cienS,
1088 699 1152 756 et
1198 690 1323 754 alia
1380 691 1696 775 quaedam,
1747 691 1913 754 sicut
1960 708 2335 773 expressum
2367 690 2418 753 A
2451 709 2556 752 ma
2583 697 2646 752 et
2685 691 3221 755 excellentissima
3260 693 3428 756 inter
3465 701 3676 756 creata
3713 691 3960 756 intelli-

835 798 949 853 est.
981 791 1112 855 Hoc
1142 799 1239 854 est
1269 790 1438 872 quod
1483 790 1547 852 in
1591 790 1754 853 libro
1792 790 1873 853 de
1912 789 2131 853 Causis
2171 807 2336 852 asse-

836 889 995 951 ritur
1024 897 1088 952 et
1118 887 1684 972 probaturzomnis
1715 886 2151 969 intelligentiae
2181 885 2338 948 fixio

834 995 899 1050 et
928 988 1227 1060 essentia,
1252 995 1349 1050 est
1378 1005 1493 1069 per
1525 1005 1749 1069 puram
1783 986 2160 1059 bonitatem,
2196 1004 2336 1067 quae

834 1094 931 1149 est
960 1105 1152 1149 causa
1182 1085 1421 1169 prima3
1447 1085 1729 1168 itemque
1755 1083 2015 1148 :Omnis
2047 1083 2336 1146 substan-

836 1184 923 1246 tia
952 1184 1248 1266 simplex,
1282 1189 1378 1246 est
1416 1191 1589 1246 stans
1630 1203 1744 1266 per
1774 1201 1841 1246 se
1875 1183 2102 1266 ipsam,
2137 1181 2201 1243 id
2241 1190 2337 1244 est

834 1301 950 1365 per
990 1301 1170 1345 suam
1214 1280 1577 1344 essentiam.

1175 1489 1702 1556 PROPOSITIO
1752 1490 1989 1554 LXVI.

916 1677 1312 1743 Numerus
1393 1673 2147 1755 intelligentiarum,
2225 1689 2333 1740 se-

834 1776 1181 1843 eundum
1231 1773 1773 1855 philosophos,
1818 1775 2166 1839 sumitur
2209 1787 2335 1853 pe-

2447 787 2692 868 gentias
2737 789 3163 871 appellarunt,
3207 791 3295 852 ita
3344 791 3478 854 haec
3524 791 3662 873 ipsa
3692 809 3729 853 a
3771 791 3958 854 theo·

2448 884 2606 966 logis
2665 887 2872 967 angeli
2932 896 3408 970 nuncupantur.
3460 887 3678 952 Nihilo
3729 889 3956 951 minus

2445 982 2794 1047 formaliter
2811 985 3300 1066 distinguuntur.
3319 986 3758 1068 intelligentiae
3777 1007 3958 1050 nam-

2445 1101 2570 1164 que
2600 1092 2907 1146 vocantur
2934 1084 3015 1146 ab
3056 1085 3406 1148 eminentia
3447 1093 3509 1148 et
3549 1085 3954 1169 perfectione

2445 1179 2867 1262 intelligendi,
2899 1189 3091 1264 atque
3136 1201 3250 1265 per
3277 1183 3822 1265 comparationem
3863 1185 3950 1246 ad

2445 1279 2730 1359 regimen
2766 1280 3048 1343 universi
3091 1281 3155 1343 in
3199 1281 3574 1345 ministeriis
3613 1282 3952 1364 operibus-

2447 1397 2570 1460 que
2600 1386 2862 1453 naturae,
2897 1388 3087 1461 prout
3115 1387 3265 1442 sunt
3294 1399 3500 1444 causae
3541 1381 3952 1445 uniformita-

2443 1477 2525 1539 tis
2573 1477 2926 1540 coelestium
2981 1485 3294 1554 motuum,
3344 1487 3408 1542 et
3462 1479 3788 1544 directivae
3835 1487 3955 1542 aut

2444 1575 2636 1638 etiam
2687 1575 3004 1639 effectivae
3051 1596 3124 1639 ac
3174 1578 3557 1642 exsecutivae
3606 1578 3950 1641 uniformi-

2444 1674 2590 1736 tatis
2621 1673 2812 1736 illius.
2836 1674 3110 1756 Corpora
3141 1683 3401 1738 movent
3431 1676 3952 1760 coelestia,atque

2447 1791 2561 1854 per
2591 1791 2665 1834 ea
2692 1781 2886 1853 agunt
2919 1773 2980 1834 in
3017 1773 3340 1850 inferiora,
3378 1775 3852 1860 lumine,·motu
3881 1785 3952 1839 et

832 1890 974 1942 nes
1032 1887 1454 1940 numerum
1512 1873 1964 1938 ooelesttlum
2017 1871 2335 1939 orbium
2364 1871 2410 1934 B
2448 1870 2827 1951 influentia;
2860 1891 2978 1934 nec
3020 1880 3377 1950 moventur,
3413 1874 3543 1936 imo
3584 1876 3950 1938 secundum

833 1975 971 2056 qu1
1001 1973 1451 2052 moventur,
1474 1972 1615 2037 aut
1643 1985 1884 2052 penes
1914 1985 2335 2037 numerum

835 2073 1201 2140 motuum
1242 2071 1690 2137 coelestium
1731 2084 2173 2150 corporum.

917 2171 1057 2234 Haec
1090 2169 1438 2253 propositio
1464 2168 1817 2231 Aristotelis
1848 2177 1945 2230 est
1973 2168 2336 2230 duodecima

839 2271 1063 2332 Primae
1122 2268 1565 2350 philosophiae,
1618 2285 1694 2330 eo
1752 2268 1920 2349 quod
1980 2269 2335 2330 secundum

838 2387 1012 2441 eum,
1045 2367 1359 2429 connexio
1390 2367 1472 2428 sit
1513 2365 1578 2426 in
1618 2365 1875 2428 entibus
1915 2366 2158 2428 ordinis
2197 2365 2336 2428 uni-

838 2467 1031 2540 versi,
1064 2484 1182 2529 nec
1215 2465 1432 2548 plures
1471 2464 1597 2527 sint
1637 2464 2005 2527 substantiae
2034 2472 2336 2546 separatae

840 2584 1032 2648 quam
1064 2564 1262 2645 exigit
1291 2565 1445 2626 ordo
1474 2582 1548 2626 ac
1588 2571 1798 2625 motus
1829 2563 2212 2637 coelestium,
2245 2582 2337 2626 re-

838 2664 1055 2745 gimen
1076 2680 1333 2746 quoque
1364 2669 1427 2724 et
1458 2661 1869 2724 consistentia
1902 2660 2150 2735 mundi,
2187 2669 2338 2743 puta

839 2771 932 2826 tot
961 2769 1115 2845 quot
1143 2769 1293 2824 sunt
1332 2760 1519 2823 orbes
1558 2769 1668 2822 aut
1710 2759 2069 2824 coelestium
2115 2778 2336 2843 eorpo-

839 2879 982 2922 rum
1036 2867 1246 2923 motus
1300 2875 1313 2920 :
1369 2877 1517 2920 nam
1566 2865 1631 2920 et
1674 2858 2022 2920 conformis
2072 2865 2169 2920 est
2219 2877 2336 2920 nu-

839 2978 1055 3022 merus
1126 2956 1519 3020 moventium
1582 2975 1697 3018 seu
1762 2963 2080 3019 motorum
2143 2965 2335 3038 atque

2446 1969 2884 2052 philosophOS,
2949 1971 3086 2034 loco
3143 1979 3208 2034 et
3264 1972 3636 2054 operatione
3694 1981 3953 2036 exstant

2448 2067 2850 2148 immobiles3
2884 2087 3091 2151 neque
3136 2070 3554 2145 descendunt,
3589 2090 3708 2135 nec
3747 2071 3811 2134 in
3851 2092 3954 2134 as-

2446 2167 2720 2249 sumptis
2751 2168 3125 2250 corporibus
3165 2178 3475 2251 apparent
3511 2169 3885 2233 hominibus
3931 2188 3949 2234 z

2447 2268 2616 2348 quod
2664 2274 2728 2328 et
2776 2268 2854 2330 de
2905 2267 3346 2350 superioribus
3395 2269 3638 2350 angelis
3686 2269 3952 2333 divinus

2446 2372 2714 2428 testatur
2771 2365 3129 2448 Dionysius.
3184 2367 3444 2448 Propter
3496 2368 3668 2449 quod
3729 2367 3955 2430 retulit
4007 2388 4262 2433 neemias.

3985 2453 4112 2496 hier.
4143 2467 4184 2496 e.
4251 2487 4260 2502 .

3983 2516 4260 2566 madescet.

2448 2562 2512 2624 in
2546 2563 2682 2644 lege
2714 2562 3015 2629 dicuntur
3043 2563 3170 2626 Deo
3209 2563 3518 2628 adsistere
3561 2573 3626 2628 et
3664 2565 3956 2647 superio-
3983 2579 4214 2622 mmm.

2446 2464 2791 2539 Avicenna,
2834 2465 3003 2544 quod
3044 2463 3416 2528 substantiae
3458 2475 3764 2550 separatae
3801 2486 3956 2549 quae

2447 2681 2547 2724 res
2587 2670 2949 2736 censentur,
2992 2681 3029 2724 a
3069 2662 3466 2746 philosophis
3507 2663 3958 2746 intelligentiae

2447 2761 2860 2823 nominantur
2884 2779 2901 2840 ;
2940 2761 3147 2843 angeli
3189 2779 3338 2824 vero
3388 2762 3714 2838 dicuntur,
3756 2772 3958 2845 prout

2448 2858 2513 2920 in
2558 2858 2930 2922 ministeriis
2969 2859 3186 2941 gratiae
3214 2860 3545 2924 Altissimo
3581 2860 3956 2945 obsequun-

2447 2965 2571 3032 tur,
2590 2964 2653 3019 et
2682 2957 3150 3038 supernaturali
3183 2958 3578 3022 beatitudine
3610 2959 3958 3042 perfruun-

840 3056 1199 3120 mobilium.
1249 3056 1407 3118 Hinc
1457 3053 1856 3136 Peripatetici
1908 3053 2336 3119 communiter
2374 3054 2417 3117 C
2448 3064 2568 3118 tur.
2605 3055 2984 3118 Hominibus
3015 3073 3270 3139 quoque
3310 3065 3642 3139 apparent,
3677 3058 3955 3141 loquun-

836 3154 1228 3218 tradiderunt
1250 3155 1471 3216 decem
1500 3172 1639 3216 esse
1672 3151 2119 3234 intelligentias
2150 3152 2333 3215 simul

840 3273 989 3316 cum
1032 3272 1107 3315 ea
1148 3272 1290 3336 quae
1334 3252 1598 3334 sphaerae
1642 3252 1939 3334 praesidet
1975 3251 2330 3314 activorum

838 3359 900 3415 et
930 3350 1351 3434 passivorum.
1386 3350 1837 3412 Verumtamen
1868 3349 2334 3431 argumentatio

837 3451 960 3512 ista
991 3447 1224 3511 modici
1268 3457 1364 3512 est
1402 3447 1637 3528 vigoris
1672 3467 1685 3511 :
1720 3463 1849 3509 non
1887 3447 2061 3510 enim
2100 3447 2337 3528 princi-

836 3548 1001 3632 palis
1031 3557 1207 3610 actus
1236 3555 1346 3609 aut
1384 3546 1536 3609 finis
1576 3546 1935 3628 praecipuus
1976 3545 2334 3626 intelligen-

834 3649 1072 3710 tiarum
1112 3653 1210 3709 est
1245 3645 1431 3709 orbes
1474 3663 1729 3708 movere
1770 3644 2202 3726 inferioraque
2241 3663 2334 3706 re-

836 3765 1009 3829 gere,
1070 3746 1181 3809 sed
1248 3746 1471 3828 primae
1537 3763 1742 3808 causae
1810 3743 2334 3825 contemplationi

838 3845 1187 3909 intendere.
1221 3845 1411 3908 Porro
1442 3861 1748 3906 numerus
1787 3842 1899 3925 qui
1939 3842 2005 3904 in
2046 3841 2338 3904 substan-

835 3946 945 4008 tiis
1002 3944 1260 4027 ponitur
1316 3942 1639 4025 separatis,
1690 3959 1819 4004 non
1875 3948 1973 4004 est
2030 3958 2337 4003 numerus

840 4043 1207 4117 materialiS,
1252 4061 1327 4104 ex
1372 4041 1677 4104 continua
1714 4039 2029 4102 divisione
2077 4057 2336 4101 consur-

836 4161 993 4224 gens
1051 4149 1161 4204 aut
1218 4138 1644 4222 corporalium
1697 4137 2064 4201 diversitate
2117 4155 2337 4219 proce-

838 4241 1020 4316 dens,
1053 4241 1165 4323 qui
1206 4247 1302 4302 est
1337 4240 1417 4300 de
1451 4255 1685 4318 genere
1729 4236 2103 4319 quantitatis
2149 4254 2164 4298 ι
2209 4236 2340 4298 imo
2371 4241 2420 4304 D

837 4347 937 4403 est
964 4355 1275 4401 numerus
1321 4334 1631 4407 formaliS,
1665 4333 1777 4416 qui
1818 4353 1895 4397 ex
1936 4332 2339 4396 substantiali

837 4456 951 4501 seu
982 4435 1305 4499 essentiali
1340 4452 1553 4496 rerum
1598 4433 2009 4496 distinctione
2054 4439 2164 4494 aut
2205 4450 2343 4514 per-

837 4535 1037 4599 sonali
1082 4533 1465 4597 discretione
1510 4530 1855 4612 consurgit.

1170 4739 1690 4805 PROPOSITIO
1737 4740 2011 4805 LXVII.

915 4928 1141 5009 Quod
1190 4941 1239 4995 a
1293 4927 1697 5006 theologis
1752 4926 2051 4993 dieitur
2108 4939 2340 5004 ang-e·

834 5031 991 5111 lue,
1034 5029 1187 5097 hoc
1238 5042 1284 5094 a
1340 5026 1843 5107 philosophis
1890 5024 2341 5091 substantia

837 5128 1207 5210 separata
1276 5126 1359 5192 et
1426 5125 1973 5204 1nteu1gent1a
2040 5139 2339 5191 nuncu·

839 5231 1103 5404 pagis-d
1133 5332 1249 5400 est,
1283 5323 1589 5407 quoniam
1623 5322 1789 5386 sicut
1818 5320 2183 5405 philosophi
2214 5321 2342 5405 pri-

2446 3162 2572 3228 tur,
2616 3154 2921 3228 revelant,
2963 3155 3371 3218 auxiliantur.
3414 3156 3680 3230 Quidam
3732 3165 3956 3220 tamen

2445 3255 2545 3332 (ut
2589 3250 2889 3314 Albertus
2939 3251 3004 3314 in
3055 3260 3414 3316 commento
3463 3273 3659 3338 super
3707 3255 3955 3317 librum

2449 3351 2527 3413 de
2566 3350 2806 3422 CausiS,
2847 3357 2912 3412 et
2959 3350 3022 3412 in
3074 3351 3323 3434 Scripto
3371 3351 3668 3433 secundi)
3711 3353 3956 3417 sentire

2449 3449 2767 3523 videntur,
2810 3449 2981 3531 quod
3027 3467 3154 3512 non
3199 3459 3350 3513 sunt
3379 3451 3475 3514 hae
3518 3452 3760 3516 eaedem
3807 3471 3956 3535 per-

2449 3566 2636 3612 sonae.
2682 3548 2801 3611 Sed
2842 3566 2918 3609 ex
2962 3547 3060 3610 his
3111 3556 3283 3630 patet
3330 3550 3688 3613 concordia.
3733 3550 3952 3615 Nihilo

2450 3647 2663 3709 minus
2694 3645 2818 3708 dici
2861 3645 3147 3708 fortassis
3189 3655 3402 3728 posset
3439 3648 3610 3730 quod
3650 3666 3778 3713 non
3819 3649 3953 3712 sint

2449 3746 2545 3808 hae
2577 3743 2746 3806 idem
2777 3762 3046 3807 numero
3077 3763 3384 3826 personae,
3419 3746 3587 3808 sicut
3614 3765 3734 3810 nec
3763 3765 3952 3828 ange-

2450 3843 2494 3905 li
2537 3841 2648 3926 qui
2692 3842 3030 3917 adsistunt,
3074 3851 3136 3904 et
3177 3844 3385 3925 angeli
3426 3844 3537 3927 qui
3583 3845 3954 3908 ministrant

2448 3960 2520 4004 ac
2587 3941 2990 4016 emittuntur,
3052 3949 3243 4023 prout
3308 3943 3374 4004 in
3443 3942 3952 4008 Elementatione

2451 4039 2805 4121 theologica
2847 4048 3222 4122 exponetur.

2759 4249 3278 4315 PROPOSITIO
3321 4249 3634 4316 LXVIII.

2529 4432 3102 4513 Intelligentiae
3132 4434 3231 4501 ab
3259 4436 3611 4503 invicem
3641 4437 3952 4519 specifi-

2452 4547 2542 4599 ee
2599 4533 3236 4614 d1st1nguuntur,
3283 4537 3950 4616 quemadmodum

2452 4630 2636 4697 coeli
2679 4632 2762 4696 et
2801 4629 3031 4696 orbes
3072 4630 3598 4711 planetarum.

2529 4728 2703 4792 Istud
2733 4748 2767 4791 a
2799 4727 3198 4810 philosophis
3231 4732 3630 4795 concorditer
3657 4732 3750 4795 sic
3779 4741 3953 4798 tene·

2451 4837 2572 4890 tur.
2612 4828 3120 4911 Unumquodque
3159 4828 3400 4892 etenim
3441 4831 3676 4894 coelum
3716 4850 3796 4895 ex
3837 4852 3955 4896 sua

2453 4934 2582 4988 tota
2630 4932 2876 4988 constat
2924 4925 3212 5000 materia,
3263 4927 3562 4991 similiter
3604 4931 3952 5012 unusquis-

2452 5043 2577 5107 que
2621 5025 2874 5105 planeta
2897 5043 2914 5104 ;
2947 5033 3172 5108 estque
3214 5026 3648 5108 appropriatio
3689 5029 3948 5110 grandis

2452 5131 2514 5187 et
2545 5124 2869 5206 proportio
2906 5124 3130 5206 ingens
3172 5125 3337 5187 inter
3377 5133 3652 5190 motores
3690 5128 3948 5192 orbium

2455 5224 2752 5308 ipsosque
2782 5224 3456 5288 orhes,Verumtamen
3485 5225 3565 5289 de
3597 5227 3719 5290 isto
3746 5229 3952 5310 possit

2453 5323 2805 5386 difficultas
2852 5322 3004 5385 oriri
3050 5324 3222 5406 apud
3271 5323 3619 5405 theoIOgOS,
3669 5343 3948 5409 quorum
