4300 6259
138 3557 197 3592 art.
215 3566 254 3593 xx

259 3569 306 3603 τι,

929 519 1008 566 ΒΕ
1049 519 1278 565 mulsa
1317 517 1702 564 CHRlSTlANAE
1742 515 2046 574 'ruscum-3,
2091 515 2267 564 LIBER
2310 516 2347 561 1.
2396 534 2475 546 —-
2514 517 2654 562 ΛΒΤ.
2702 515 2799 562 mv

3292 493 3413 558 295

401 691 722 764 Praeterea,
767 709 958 755 omne
1001 690 1172 773 quod
1213 689 1630 752 determinate
1675 695 1810 750 ten·
1839 685 1890 750 A
1917 686 2173 760 alitatis,
2206 703 2283 750 eo
2320 705 2397 750 ex
2440 705 2508 750 se
2550 694 2648 749 est
2687 683 3170 766 intelligibilior.
3203 681 3415 745 Primo

327 789 416 852 dit
456 791 518 852 iu
561 790 844 872 aliquem
887 789 1110 862 finem,
1153 796 1264 850 aut
1304 788 1518 869 ipsum
1569 786 1809 869 praesti-

327 889 442 950 tuit
495 888 618 952 sibi
677 889 802 970 ipsi
859 888 1084 960 finem,
1143 895 1254 950 aut
1310 894 1482 948 certe
1539 885 1620 948 ab
1686 885 1812 946 alio

329 986 736 1067 praestituitur
775 986 836 1049 ei
879 985 1034 1048 finis
1083 1003 1098 1048 :
1145 985 1382 1068 alioqui
1427 1004 1552 1049 non
1601 985 1811 1067 potius

329 1085 388 1147 in
429 1086 594 1146 hunc
643 1103 838 1167 quam
893 1085 956 1146 in
1009 1085 1208 1147 alium
1255 1084 1456 1148 finem
1501 1083 1806 1146 tenderet.

327 1183 634 1246 Naturalia
671 1191 884 1246 autem
929 1183 994 1246 in
1036 1201 1187 1246 suos
1228 1182 1394 1246 fines
1439 1181 1814 1265 regulariter

325 1284 586 1346 tendunt
631 1299 646 1344 z
699 1301 830 1346 non
881 1282 1102 1364 utique
1151 1301 1188 1344 a
1238 1301 1410 1356 casu,
1461 1299 1662 1364 quum
1709 1277 1813 1340 vel

327 1399 569 1463 semper
625 1381 728 1443 vel
777 1381 1179 1464 frequentius
1229 1381 1348 1442 hoc
1397 1386 1602 1461 agant.
1657 1377 1814 1452 Quo-

327 1480 487 1542 niam
547 1496 699 1542 vero
759 1479 1122 1560 cognitione
1179 1487 1417 1552 carent,
1481 1478 1620 1560 ipsa
1688 1476 1812 1538 sibi

329 1576 512 1638 finem
557 1595 684 1640 non
727 1577 1154 1658 praestituunt‚
1188 1577 1340 1658 quia
1383 1577 1696 1639 rationem
1738 1574 1816 1635 fi-

329 1676 418 1737 nis
454 1693 580 1738 nou
623 1683 999 1756 agnoscunt.
1043 1675 1484 1738 Necessarium
1528 1680 1625 1736 est
1667 1689 1816 1752 ergo

331 1791 552 1855 ponere
595 1773 1020 1848 intellectum,
1055 1773 1442 1836 naturalium
1487 1771 1812 1854 agentium

331 1873 748 1936 institutorem
821 1879 884 1936 et
953 1879 1285 1936 rectorem.
1349 1873 1530 1934 Hunc
1599 1879 1812 1934 autem
1843 1870 1890 1934 B

329 1973 512 2034 Deum
555 1971 860 2044 dicimus,
901 1971 1005 2032 cui
1046 1971 1165 2034 soli
1210 1971 1518 2053 competit
1559 1976 1816 2032 naturas

327 2087 522 2132 rerum
556 2076 622 2130 et
650 2069 1022 2132 earumdem
1053 2068 1408 2131 naturalem
1441 2068 1642 2149 legem
1673 2085 1817 2130 con·

327 2168 476 2230 dere.
511 2168 682 2230 Deus
727 2185 880 2248 ergo
924 2167 1372 2230 intellectualis
1417 2175 1515 2229 est
1553 2173 1812 2228 naturae.

329 2267 408 2328 Ex
443 2266 560 2330 boc
603 2285 842 2348 nempe
882 2266 1222 2329 innotescit
1265 2285 1380 2328 cur
1420 2281 1610 2329 omne
1654 2282 1816 2346 opus

327 2372 548 2428 naturai
577 2365 834 2426 dicatur
859 2381 1022 2446 opus
1051 2364 1276 2447 primae
1305 2383 1528 2427 causae.

397 2462 710 2544 Amplius,
755 2463 1048 2524 omnium
1100 2463 1458 2526 coelestium
1504 2461 1811 2524 lationum

327 2579 392 2621 ac
437 2561 626 2622 etiam
667 2559 858 2623 orbes
899 2561 1296 2624 moventium
1347 2560 1811 2632 intellectuum,

329 2665 416 2720 est
457 2659 618 2721 Deus
667 2658 886 2720 finalis
931 2677 1120 2722 causa
1165 2665 1496 2740 motorque
1540 2656 1754 2719 finalis
1797 2673 1810 2718 ε

333 2775 463 2818 nam
531 2756 892 2818 secundum
961 2755 1364 2818 Aristotelem
1437 2755 1816 2818 duodecimo

331 2853 536 2917 Primae
582 2853 1026 2936 philosophiae,
1069 2855 1352 2936 primum
1399 2861 1610 2916 movet
1651 2853 1818 2914 sicut

332 2952 748 3014 desideratum
785 2959 852 3014 et
887 2951 1254 3035 appetibile.
1291 2953 1496 3025 Quum
1541 2969 1692 3032 ergo
1721 2969 1816 3012 se·

1919 786 2112 867 igitur
2159 785 2313 859 enti,
2361 785 2529 867 quod
2577 785 2827 847 cunctis
2876 782 3415 865 superexaltatum

1919 892 2036 958 est,
2071 883 2515 964 hujuscemodi
2558 883 2761 944 virtus
2802 900 2929 944 non
2969 880 3164 944 deest.
3200 878 3415 942 Enim·

1919 1001 2071 1046 vero
2117 983 2313 1045 totius
2362 982 2645 1044 universi
2694 982 2978 1062 regimen
3030 978 3257 1042 stabile
3314 979 3417 1040 ad-

1923 1081 2183 1144 modum
2214 1089 2277 1143 et
2308 1079 2772 1152 indissolubile,
2808 1097 3067 1161 prorsus
3107 1079 3171 1140 in
3212 1096 3415 1139 unum

1921 1181 2203 1262 primum
2254 1197 2479 1260 regens
2526 1185 2775 1260 oportet
2826 1178 3175 1240 reducere:
3212 1176 3422 1258 plura-

1921 1278 2064 1339 litas
2121 1279 2293 1340 enim
2354 1276 2721 1358 principum
2784 1276 2967 1338 mala.
3041 1274 3212 1337 Unus
3271 1290 3421 1356 ergo

1923 1377 2223 1458 princeps
2258 1392 2271 1438 :
2305 1393 2497 1457 quem
2544 1375 2745 1437 Deum
2786 1373 3205 1456 appellamus.

2317 1637 2807 1702 ARTICULUS
2854 1636 3025 1701 LIV.

1922 1781 2018 1840 De
2053 1778 2433 1854 prioritate,
2466 1779 2887 1852 simplicitate
2928 1786 2987 1836 et
3027 1777 3421 1854 perfectione

2351 1868 2573 1926 divini
2606 1868 2987 1926 intellec-tua.

2067 2063 2252 2126 MNlS
2282 2080 2471 2144 porro
2511 2062 2910 2145 compositio,
2936 2060 3300 2142 indigentiae
3333 2060 3425 2121 in-

2097 2161 2339 2224 dicium
2384 2169 2528 2224 est:
2570 2161 2623 2222 si
2668 2161 2841 2223 enim
2888 2159 3315 2242 compositum
3362 2159 3425 2219 in

1927 2261 2128 2323 altero
2158 2259 2683 2341 componentium
2724 2266 2921 2322 totam
2960 2258 3061 2320 sui
3092 2256 3426 2340 perfectio-

1931 2379 2080 2421 nem
2131 2358 2507 2440 possideret,
2560 2375 2687 2420 non
2732 2357 2865 2439 jam
2916 2357 3211 2440 pluribus
3270 2354 3429 2416 indi-

1926 2465 2133 2540 geret3
2154 2458 2265 2520 sed
2296 2475 2414 2518 nec
2444 2476 2521 2518 ex
2554 2455 2849 2538 pluribus
2881 2462 3426 2536 constaret‚quum

1927 2575 2052 2619 non
2083 2557 2167 2618 sit
2198 2555 2335 2618 sine
2367 2555 2745 2618 necessitate
2778 2555 3105 2636 pluralitas
3140 2560 3421 2615 statuen-

1925 2654 2022 2717 da.
2067 2654 2157 2716 Ex
2202 2654 2321 2716 boc
2368 2671 2599 2734 nempe
2639 2672 2810 2714 nunc
2848 2660 2993 2714 ante
3032 2652 3422 2714 demonstra·
3450 2670 3599 2710 arax.

1926 2761 2062 2814 tum
2121 2760 2239 2824 est,
2289 2751 2571 2834 primum
2634 2750 3025 2832 principium
3083 2749 3424 2832 simplicis·

1927 2851 2155 2913 simam
2188 2869 2260 2912 ac
2292 2849 2703 2932 purissimam
2738 2850 3043 2911 unitatem
3080 2847 3213 2910 fore
3238 2865 3251 2909 t
3276 2847 3427 2930 quia

1927 2968 2208 3030 namque
2277 2947 2559 3030 primum
2628 2947 3011 3029 simpliciter
3069 2946 3425 3028 perfectum

332 3051 510 3112 cundi
537 3057 600 3112 et
632 3048 920 3112 effectivi
953 3048 1210 3112 orbium
1251 3057 1524 3112 motores
1564 3048 1691 3111 sint
1722 3050 1814 3110 in·
1846 3047 1888 3110 C
1929 3055 2045 3120 est,
2107 3047 2229 3129 ipsi
2290 3063 2407 3108 suo
2464 3063 2603 3108 esse
2672 3046 2847 3107 nulla
2906 3063 3165 3126 prorsus
3223 3051 3431 3126 potest

333 3147 712 3210 tellectuales
741 3147 1054 3220 essentiae,
1070 3147 1526 3210 inconveniens
1559 3164 1817 3229 prorsus

331 3255 504 3319 esset,
546 3247 598 3307 si
647 3263 776 3308 non
820 3245 984 3307 foret
1030 3246 1308 3327 primum
1359 3263 1620 3308 movens
1664 3264 1840 3307 cun-.

331 3351 420 3406 cta
461 3344 742 3406 finaliter
785 3343 1168 3424 intelligens.

401 3443 640 3514 Adhuc,
689 3443 972 3524 primum
1019 3451 1114 3504 est
1157 3461 1345 3504 causa
1388 3443 1632 3505 ordinis
1678 3443 1816 3504 uni·

331 3559 671 3615 versorum,
719 3549 790 3602 ut
835 3549 1289 3622 praeostensum
1333 3549 1430 3604 est
1468 3559 1484 3602 t
1523 3541 1818 3604 ordinare

197 3628 228 3654 ¹⁴
331 3657 468 3701 vero
505 3639 868 3722 sapientiali
915 3638 1264 3702 intellectui
1308 3641 1637 3702 dumtaxat
1673 3657 1819 3702 con-

223 4548 306 4586 ιιιιι

329 3739 502 3816 gruit.
539 3739 622 3801 At
651 3756 804 3800 vero
833 3755 948 3800 ens
991 3739 1270 3819 primum
1303 3737 1522 3799 vivens
1555 3745 1670 3810 est,
1709 3745 1818 3798 aut

329 3837 436 3898 erit
475 3837 740 3899 omnino
781 3835 1412 3918 imperfectissimum
1449 3855 1463 3899 :
1495 3837 1666 3918 quod
1697 3835 1816 3898 fiu-

327 3936 381 4014 gi
425 3953 544 3998 non
595 3942 819 4017 potest.
854 3937 980 3996 Aut
1017 3951 1166 4014 ergo
1203 3935 1361 3996 vivit
1401 3933 1814 3996 intellectuali

329 4035 464 4107 vita,
522 4042 636 4096 aut
694 4041 866 4096 certe
925 4033 1228 4106 sensuali,
1279 4033 1378 4094 vel
1437 4032 1652 4094 forsan
1715 4051 1818 4094 ve-

327 4132 600 4209 getabili,
646 4149 762 4194 seu
811 4131 937 4193 alia
983 4131 1112 4192 vita
1159 4131 1390 4210 aliqua.
1446 4131 1566 4192 Sed
1614 4149 1814 4211 quum

1926 3145 2167 3208 additio
2210 3143 2377 3219 fieri,
2424 3144 2534 3206 sed
2580 3143 2643 3205 in
2696 3143 2895 3224 ipsius
2946 3141 3431 3223 supersubstan-

1927 3243 2060 3306 tiali
2109 3261 2250 3304 esse
2293 3249 2797 3324 praecontentum
2850 3248 2945 3302 est
2988 3239 3303 3322 quidquid
3350 3240 3429 3301 ad

1929 3341 2396 3423 plenitudinem
2456 3339 2868 3422 perfectionis
2926 3339 3177 3402 essendi
3238 3339 3429 3420 perti-

1929 3449 2052 3502 net.
2089 3440 2397 3520 Denique,
2434 3439 2497 3500 in
2528 3439 2703 3500 omni
2736 3446 2961 3500 natura
3000 3438 3063 3498 in
3104 3456 3231 3519 qua
3262 3436 3429 3500 actio

1927 3537 2147 3599 differt
2188 3556 2225 3598 a
2266 3537 2551 3617 potentia
2594 3535 2861 3616 agentiS,
2910 3535 3194 3616 potentia
3236 3534 3315 3596 de
3359 3552 3425 3596 se

1929 3634 2305 3716 imperfecta
2363 3645 2479 3708 est,
2532 3643 2592 3696 et
2652 3653 2766 3715 per
2822 3635 2992 3696 aliud
3051 3653 3124 3696 ac
3172 3653 3238 3695 se
3289 3652 3427 3714 per-

1929 3732 2163 3794 ficitur.
2218 3731 2662 3804 conformiter,
2709 3733 2861 3794 dum
2906 3730 3426 3794 diversificantur

1925 3851 2086 3903 esse,
2138 3849 2323 3912 posse
2382 3839 2446 3892 et
2500 3849 2706 3911 agere,
2760 3848 3014 3911 semper
3071 3848 3268 3891 unum
3328 3836 3423 3890 est

1923 3931 2185 3992 alterius
2216 3930 2757 4010 complementum
2786 3928 3021 3991 :altero
3051 3947 3117 3990 se
3150 3927 3421 3989 habente

1927 4048 2040 4111 per
2081 4029 2337 4090 modum
2384 4027 2684 4109 principii
2725 4026 3109 4107 potentialiS,
3140 4025 3266 4087 alio
3312 4043 3420 4086 au-

1929 4135 2054 4189 tem
2107 4145 2222 4209 per
2272 4126 2531 4188 modum
2583 4124 2869 4186 formalis
2930 4124 3252 4206 principii.
3309 4123 3421 4185 De-

330 4229 490 4292 nulla
509 4231 643 4292 vita
674 4230 760 4291 sit
791 4229 1046 4311 penitus
1079 4227 1278 4290 libera
1305 4228 1386 4289 ab
1416 4229 1591 4290 omni
1626 4237 1815 4290 mate·
1847 4226 1896 4288 D
1929 4243 2076 4297 nun,
2128 4244 2325 4307 quum
2378 4224 2703 4304 objectum
2766 4223 3061 4307 potentiae
3110 4221 3425 4285 diversifi-

330 4326 414 4387 ria
442 4328 560 4390 nisi
603 4327 1078 4400 intellectualiS,
1110 4345 1508 4408 consequens
1539 4325 1617 4388 fit
1647 4328 1815 4407 quod

332 4425 596 4504 primum
649 4427 771 4488 hac
815 4426 1144 4487 dumtaxat
1184 4425 1314 4486 vita
1357 4425 1546 4486 vivat.

403 4525 614 4587 Denuo
652 4532 800 4587 ante
839 4523 1128 4586 habitum
1159 4531 1276 4596 est,
1311 4523 1592 4604 primum
1626 4541 1818 4604 agens

332 4625 688 4687 omnimode
733 4622 1010 4686 liberum
1053 4622 1188 4684 fore
1227 4630 1290 4683 et
1333 4622 1764 4684 voluntarium
1801 4639 1814 4684 ε

334 4724 488 4802 quod
537 4743 666 4787 non
717 4729 906 4794 esset,
959 4721 1012 4782 si
1061 4720 1490 4783 intellectuale
1539 4739 1662 4783 non
1713 4739 1820 4782 ex-

333 4821 586 4884 sisteret.
651 4823 946 4902 lnsuper,
1001 4820 1294 4882 omnium
1364 4819 1670 4881 virtutum
1731 4819 1819 4880 di-

331 4920 624 4998 gnissima
697 4919 1002 4982 statuitur
1073 4917 1454 4979 intellectus
1527 4918 1684 4980 Nam
1758 4926 1821 4980 et

332 5026 496 5080 aetus
533 5020 678 5101 ejus
718 5027 785 5081 et
821 5016 1171 5098 objectum,
1205 5023 1558 5078 ceterarum
1607 5024 1822 5097 poten-

332 5115 552 5178 tiarum
593 5115 870 5196 obJectis
913 5121 977 5177 et
1019 5112 1266 5176 actibus
1315 5115 1568 5194 puriora
1614 5123 1762 5176 sunt
1805 5133 1819 5176 :

335 5223 472 5276 sunt
498 5235 779 5296 namque
811 5214 948 5276 sine
981 5211 1260 5274 materia.
1279 5213 1412 5275 lmo
1442 5231 1568 5293 quo
1601 5221 1824 5275 natura

335 5313 528 5396 aliqua
556 5313 890 5378 formalior
919 5311 1113 5374 fuerit
1139 5319 1204 5375 et
1231 5311 1634 5394 simplicioris
1663 5319 1829 5376 actu-

1929 4332 2140 4386 catum
2194 4331 2311 4396 est,
2368 4323 2469 4386 vel
2520 4323 2601 4384 a‘b
2662 4323 2939 4385 essentia
2992 4322 3258 4403 agentis,
3317 4328 3427 4382 aut

1927 4423 2118 4485 etiam
2165 4421 2244 4484 ab
2289 4422 2427 4503 ipsa
2471 4421 2792 4504 potentia3
2833 4429 2960 4483 tam
3000 4440 3138 4484 esse
3180 4422 3425 4500 agentis

1929 4541 2118 4603 quam
2174 4521 2375 4602 ipsius
2426 4539 2633 4603 posse,
2683 4521 2763 4583 ab
2812 4520 3170 4582 extrinseco
3219 4519 3426 4602 perfe-

1929 4621 2205 4681 ctionem
2265 4621 2641 4702 adipiscitur
2703 4637 2716 4680 :
2769 4619 3305 4701 quemadmodum
3364 4625 3427 4678 et

1928 4737 1964 4778 a
2005 4717 2249 4780 lumine
2290 4717 2621 4800 perficitur
2658 4718 2856 4788 visuS,
2890 4725 2951 4778 et
2990 4736 3026 4778 a
3062 4733 3217 4778 sono
3252 4717 3428 4778 audi-

1931 4820 2050 4878 tus.
2087 4853 2165 4862 -
2194 4816 2401 4879 Palam
2448 4816 2639 4896 igitur
2671 4814 2750 4876 fit
2791 4834 2867 4877 ex
2914 4815 3036 4886 his,
3075 4815 3428 4877 intellectu-

1929 4916 2130 4979 alitati
2185 4915 2418 4977 divinae
2468 4921 2707 4976 naturae
2758 4932 2967 4993 neque
3025 4914 3429 4995 compositio-

1933 5035 2078 5078 nem
2132 5033 2277 5076 cum
2341 5012 2577 5094 aliquo,
2631 5031 2747 5074 nec
2799 5011 3025 5092 perfici
3084 5011 3164 5074 ab
3211 5012 3429 5084 alter0,

1935 5132 2141 5195 neque
2193 5111 2613 5173 diversificari
2655 5128 2690 5171 a
2726 5108 2849 5171 sibi
2892 5109 3255 5190 conjunctu,
3298 5128 3435 5191 pos-

1935 5233 2002 5275 se
2034 5211 2399 5274 convenire.
2452 5210 2590 5272 Non
2631 5208 2805 5270 enim
2846 5215 3013 5270 esset
3052 5209 3437 5290 simpliciter

1937 5312 2004 5373 in
2055 5311 2403 5392 semetipsa
2453 5307 2737 5391 perfecta
2784 5314 2846 5369 et
2894 5323 3053 5389 pure
3103 5306 3369 5369 actualis
3419 5324 3432 5370 ε
