4300 6259
543 4130 712 4173 propos.
726 4131 837 4163 xvui.

871 479 994 545 218

1681 502 2103 550 ELEHBNTA'rlo
2142 502 2540 551 mmmmm.
2585 521 2665 532 -
2705 503 2783 550 ΒΕ
2824 503 3178 551 ἮΒΤΌΤΙΒΠΒ

873 670 1113 736 fective
1143 674 1453 755 producat
1483 675 1748 738 virtutes
1778 682 1844 738 et
1871 675 2054 749 dona,
2075 674 2187 738 sed
2218 693 2371 758 quo·
2398 671 2451 739 A
2477 674 2673 740 bilius
2712 675 2851 738 istis
2890 682 3175 758 apparet,
3208 674 3381 757 quod
3418 673 3651 738 caritas
3680 681 3747 736 et
3779 671 3971 754 gratia

876 770 1052 835 niam
1110 772 1382 834 naturali
1441 773 1685 848 ordine,
1734 791 1864 836 non
1919 780 2232 856 tempore,
2296 792 2372 836 ea

876 869 1198 952 praecedit,
1242 878 1306 933 et
1343 871 1424 934 ab
1463 871 1621 954 ipsis
1670 872 2076 954 supponitur,
2124 872 2256 935 imo
2308 881 2372 934 et

874 969 1337 1033 connexionem
1379 969 1616 1034 habent
1657 970 1738 1034 ab
1781 989 1874 1033 ea.

1205 1240 1725 1306 PROPOSITIO
1772 1242 2027 1307 CXLV.

963 1455 1326 1523 Gratiam
1395 1458 1720 1535 gratum
1789 1456 2214 1525 facientem
2284 1460 2367 1524 et

868 1556 1290 1621 caritatem
1362 1556 1614 1636 aliqui
1689 1556 1968 1622 dicunt
2035 1558 2368 1623 realiter

868 1667 1038 1719 esse
1084 1653 1321 1733 idem,
1353 1667 1444 1720 ac
1487 1655 1660 1722 sola
1698 1655 2007 1721 ratione
2052 1655 2367 1722 differre

869 1752 971 1817 ab
1027 1752 1421 1833 invicem3
1466 1753 1613 1819 alfl
1661 1754 2090 1833 opinantur
2137 1768 2370 1835 oppo-

909 1850 1140 1920 itum.

868 1865 908 1917 s
949 1947 1126 2020 Quod
1155 1954 1273 2021 est,
1305 1947 1608 2030 quoniam
1638 1947 1838 2029 gratia
1877 1947 1996 2010 ista
2032 1955 2095 2010 et
2134 1947 2363 2010 caritas

867 2045 934 2107 in
968 2044 1186 2107 multis
1216 2045 1628 2119 conveniunt,
1649 2046 1777 2108 imo
1807 2052 1871 2108 et
1898 2046 2157 2108 eosdem
2188 2052 2367 2108 actus

864 2142 1165 2205 videntur
1205 2142 1440 2205 habere
1481 2160 1495 2204 :
1539 2143 1858 2225 siquidem
1896 2143 2086 2205 etiam
2137 2143 2365 2206 caritas

867 2239 1100 2314 infusa,
1135 2240 1659 2322 supernaturali&
1692 2241 1930 2314 divina,
1962 2241 2273 2305 deiforme
2304 2247 2368 2304 et

867 2339 1200 2421 spirituale
1228 2357 1368 2401 esse
1405 2339 1689 2420 largitur,
1723 2348 1787 2401 et
1815 2346 1912 2401 est
1939 2339 2169 2403 animae
2209 2339 2361 2414 vita,

866 2436 1058 2500 decor
1095 2444 1160 2499 et
1205 2436 1527 2518 splendor,
1576 2437 1848 2499 reddens
1893 2455 2036 2500 eam
2084 2437 2363 2500 Creatori

864 2534 1207 2598 amabilem
1251 2541 1314 2597 et
1354 2542 1704 2616 acceptam,
1747 2536 1826 2597 ad
1866 2536 2362 2617 promerendum

870 2651 1126 2715 quoque
1183 2633 1502 2696 idoneam.
1554 2634 1890 2716 Quumque
1947 2635 2166 2698 omnia
2220 2654 2363 2716 quae

864 2730 1081 2813 gratiae
1121 2738 1375 2812 gratum
1422 2730 1683 2794 facienti
1730 2731 2203 2806 adscribuntur,
2250 2751 2365 2814 per

865 2829 1192 2893 caritatem
1223 2838 1460 2912 queant
1488 2830 1717 2894 salvari
1760 2839 1823 2894 et
1860 2831 2029 2905 fieri,
2061 2849 2181 2892 nec
2225 2831 2364 2893 sine

868 2927 1245 2991 necessitate
1288 2929 1618 3010 pluralitas
1662 2929 1746 2992 sit
1786 2929 2114 3012 ponenda3
2147 2928 2372 3010 proba-

2476 775 2607 838 sint
2636 774 2857 838 eadem
2899 774 3194 855 qualitaS,
3226 793 3371 856 quae
3408 773 3614 854 gratia
3651 791 3969 854 nuncupa-

2474 881 2582 936 tur
2620 873 2687 934 in
2726 879 3039 955 quantum
3081 874 3357 955 desuper
3390 871 3587 954 gratis
3630 870 3969 945 confertur,

2476 977 2542 1032 et
2568 971 2773 1033 virtus
2806 970 3161 1033 secundum
3193 970 3365 1052 quod
3397 968 3657 1051 perficit
3697 976 3971 1031 mentem

2428 1068 2555 1131 ‘ad
2612 1067 2777 1130 bene
2833 1067 3171 1148 agendum.
3227 1067 3517 1149 Denique
3574 1067 3630 1129 si
3686 1065 3975 1128 dicantur

2475 1165 2784 1246 distingui
2826 1165 3103 1240 realiter,
3143 1165 3421 1228 difficile
3458 1165 3583 1227 erit
3619 1164 3975 1248 exprimere

2476 1264 2655 1347 quid,
2708 1263 2997 1327 absolute
3058 1263 3398 1346 loquendo,
3451 1262 3843 1326 censendum
3896 1263 3978 1324 sit

2477 1361 2645 1425 inter
2682 1380 2758 1424 ea
2806 1361 3229 1444 praestantius.
3272 1363 3509 1425 Verum
3558 1361 3671 1423 alii
3720 1361 3975 1444 opinan-

2474 1468 2601 1534 tur,
2634 1460 2804 1542 quod
2836 1467 3097 1542 propter
3129 1465 3427 1542 praetacta
3460 1459 3701 1522 motiva
3748 1459 3877 1522 sint
3912 1478 3975 1522 re

2474 1565 2539 1620 et
2568 1556 2861 1639 subjecto
2899 1556 3279 1639 actibusque
3307 1557 3611 1620 distincta
3644 1574 3660 1619 t
3696 1557 3786 1619 ita
3811 1557 3975 1639 quod

2474 1656 2749 1718 essentia
2816 1655 3266 1718 intellectualis
3334 1654 3708 1718 substantiae
3772 1655 3977 1736 subje-

2476 1761 2652 1817 ctum
2696 1753 2779 1816 sit
2818 1754 3036 1834 gratiae
3083 1760 3148 1815 et
3192 1771 3534 1816 commune
3585 1753 3975 1834 principium

2400 1849 2445 1911 B
2476 1870 2616 1915 esse
2666 1852 2813 1915 vitae
2862 1853 3168 1931 internae3
3202 1851 3581 1935 cunctisque
3628 1851 3975 1914 virtutibus

2475 1969 2550 2012 ac
2598 1950 2782 2014 donis
2833 1949 3131 2024 influere,
3177 1957 3243 2012 et
3298 1967 3509 2012 ramos
3568 1949 3715 2014 illos
3768 1958 3977 2012 exten-

2475 2048 2649 2122 dere,
2680 2066 2755 2111 ac
2788 2047 2991 2130 ipsam
3022 2046 3367 2110 essentiam
3398 2047 3777 2110 rationalem
3808 2047 3875 2109 in
3912 2067 3975 2110 se

2476 2146 2614 2227 ipsa
2652 2145 2861 2228 primo
2890 2162 3138 2218 ornare,
3169 2144 3525 2219 vivificare,
3560 2145 3977 2228 spiritualiter

2473 2262 2545 2305 ac
2614 2243 3181 2325 supernaturaliter
3244 2243 3787 2314 substantificam,
3852 2243 3978 2306 sint

2473 2349 2652 2403 actus
2694 2340 3004 2423 speciales
3051 2348 3116 2403 et
3165 2342 3409 2423 proprii
3457 2341 3697 2422 gratiae.
3742 2341 3976 2404 Caritas

2473 2457 2625 2502 vero
2654 2438 2896 2502 directe
2941 2458 3015 2501 ac
3053 2439 3311 2522 proprie
3351 2439 3747 2502 voluntatem
3788 2438 3975 2502 habet

2475 2536 2810 2619 perficere,
2864 2544 3141 2612 actuare,
3197 2554 3491 2615 movere3
3542 2537 3777 2600 deinde
3824 2537 3975 2599 alias

2473 2634 2642 2697 vires
2699 2641 2891 2716 atque
2948 2634 3288 2716 potentias.
3350 2634 3687 2717 Quumque
3746 2635 3977 2716 positio

2475 2733 2594 2794 ista
2624 2732 2827 2794 divini
2860 2733 3145 2816 Dionysii
3186 2732 3587 2796 documentis
3627 2749 3975 2796 consonan-

2473 2831 2619 2904 tior,
2663 2832 2947 2913 itemque
2995 2830 3297 2894 subtilior
3343 2831 3654 2905 videatur,
3698 2830 3975 2913 amplius

2480 2929 2706 3012 placet.

1949 3374 2096 3457 DE
2181 3372 2889 3459 VIRTUTIBUS

1189 3712 1707 3779 PROPOSITIO
1755 3713 2044 3777 CXLVI.

945 3902 1374 3984 Multiplex
1420 3906 1545 3970 est
1580 3902 1915 3972 virtutis
1961 3905 2279 3972 divisio.

945 4002 1119 4076 Quod
1150 4009 1267 4075 est,
1300 4002 1454 4084 quia
1487 4002 1608 4064 hoc
1647 4019 1904 4076 nomen,
1937 4003 2164 4078 virtus,
2200 4004 2362 4065 mul-

865 4101 947 4162 tis
995 4101 1198 4162 modis
1246 4101 1581 4183 accipitur,
1627 4108 1698 4162 ut
1744 4101 1809 4162 in
1859 4101 2363 4164 Elementatione

866 4197 1314 4282 philosophica
1355 4205 1452 4262 est
1494 4217 1889 4281 expressum.
1925 4199 2106 4261 Nunc
2145 4207 2361 4262 autem

862 4297 1068 4360 virtus
1099 4296 1414 4377 accipitur
1457 4313 1571 4378 pro
1614 4294 1780 4358 bona
1817 4297 2016 4358 animi
2056 4297 2361 4378 qualitate

861 4393 1214 4476 habituque
1249 4393 1584 4466 laudando,
1608 4412 1734 4474 qua
1765 4393 2362 4457 commendabiliter

859 4511 1202 4576 operamur
1242 4511 1317 4555 ac
1356 4492 1638 4555 vivimus
1674 4510 1689 4554 z
1721 4499 1785 4555 et
1813 4494 2014 4556 virtus
2057 4495 2150 4556 sic
2188 4514 2361 4556 sum·

859 4599 986 4674 pta,
1035 4590 1482 4672 multipliciter
1523 4590 1848 4653 definitur.
1893 4591 2202 4664 Quocirca
2244 4592 2362 4654 sci-

856 4691 1118 4762 endum,
1170 4690 1342 4772 quod
1401 4689 1605 4752 virtus
1658 4689 1866 4771 primo
1923 4690 2235 4753 dividitur
2292 4691 2359 4752 in

854 4789 1159 4852 virtutem
1218 4787 1575 4850 naturalem
1631 4795 1697 4850 et
1753 4789 2156 4870 acquisitam,
2218 4809 2359 4873 quae

2399 3708 2443 3772 C
2473 3707 2742 3771 virtutes
2793 3708 3081 3789 quaedam
3132 3708 3451 3772 naturales
3499 3710 3855 3792 acquisitae,
3905 3719 3975 3772 ut

2474 3807 2735 3881 mititaS,
2801 3806 3215 3880 continentia,
3274 3809 3721 3890 temperantia,
3778 3808 3973 3870 etiam

2472 3924 2587 3987 per
2618 3905 3005 3967 infusionem
3036 3913 3305 3987 possunt
3332 3905 3574 3970 haberi.
3607 3907 3973 3988 Dicuntque

2470 4002 2692 4084 aliqui,
2726 4003 2895 4084 quod
2934 4001 3029 4064 sic
3066 4010 3129 4066 et
3167 4003 3260 4065 sic
3301 4003 3534 4068 habitae
3576 4003 3972 4086 distinguan-

2470 4109 2576 4163 tur
2618 4101 2939 4183 specifice.

2551 4200 2848 4273 Quaedam
2880 4216 3028 4279 ergo
3059 4199 3521 4282 descriptiones
3545 4200 3809 4264 virtutis
3832 4219 3977 4264 con·

2473 4297 2742 4360 veniunt
2769 4297 2887 4360 soli
2919 4297 3139 4360 virtuti
3172 4297 3423 4372 infusae,
3458 4306 3530 4361 ut
3557 4299 3714 4361 dum
3744 4300 3975 4363 asserit

2468 4395 2862 4476 Augustinus
2888 4395 3140 4457 :Virtus
3170 4403 3267 4459 est
3296 4394 3463 4459 bona
3491 4397 3765 4478 qualitas
3794 4417 3974 4461 men-

2468 4494 2550 4556 tis
2582 4512 2709 4576 qua
2739 4500 2909 4556 recte
2938 4493 3198 4567 vivitur,
3232 4513 3359 4576 qua
3387 4493 3605 4557 nullus
3644 4495 3811 4559 male
3852 4497 3975 4558 uti-

2466 4599 2592 4666 tur,
2627 4610 2820 4674 quam
2852 4593 3019 4654 Deus
3050 4591 3115 4653 in
3148 4591 3334 4655 nobis
3364 4593 3503 4655 sine
3532 4593 3719 4657 nobis
3750 4611 3974 4676 opera-

2466 4696 2588 4751 tur.
2648 4689 2896 4751 Virtute
2950 4689 3191 4772 quippe
3238 4708 3429 4754 nemo
3476 4691 3721 4754 directe
3769 4692 3975 4754 utitur

2468 4789 2655 4862 male,
2716 4806 2919 4871 quum
2977 4806 3132 4852 usus
3181 4789 3438 4852 virtutis
3486 4790 3567 4852 sit
3612 4790 3782 4854 actio
3827 4791 3974 4873 ejus

855 4907 969 4971 per
1000 4886 1358 4949 naturalem
1391 4886 1702 4949 rationem
1733 4893 1798 4949 et
1827 4887 2112 4950 studium
2154 4895 2360 4968 potest
2387 4885 2437 4946 D
2464 4886 2745 4949 elicitive
2791 4904 2869 4948 ex
2918 4904 2994 4948 ea
3043 4886 3443 4968 procedenS,‚
3468 4907 3662 4970 quam
3720 4897 3971 4952 certum

853 4985 1102 5067 acquiri
1139 4985 1248 5061 (de
1297 5003 1423 5066 qua
1463 4983 1814 5066 loquuntur
1863 4984 2251 5066 philosophi,
2296 4992 2361 5047 et

854 5083 1124 5147 virtutes
1155 5082 1519 5162 hujusmodi
1553 5083 1739 5145 multi
1769 5081 2132 5145 habuerunt
2161 5083 2360 5164 genti-

859 5181 1086 5260 lium);
1120 5188 1185 5243 et
1214 5180 1278 5241 in
1325 5181 1628 5242 virtutem
1669 5180 2221 5262 supernaturalem
2269 5181 2359 5243 in-

859 5279 1095 5352 fusam,
1120 5285 1192 5340 ut
1221 5284 1372 5340 sunt
1400 5276 1586 5354 fides,
1609 5297 1781 5363 speS,
1798 5279 2045 5342 caritas.
2070 5279 2357 5362 Denique

2466 4991 2563 5047 est
2595 4984 2827 5046 malam
2857 5002 2998 5047 esse
3030 5002 3155 5047 non
3197 5002 3407 5067 posse,
3448 5004 3652 5068 quum
3689 4994 3755 5048 et
3792 4987 3971 5051 Chri-

2466 5091 2601 5144 stus
2630 5089 2899 5145 testetur
2933 5100 2947 5144 :
2980 5082 3117 5145 Non
3160 5089 3369 5164 potest
3405 5082 3595 5148 arbor
3631 5083 3799 5149 bona
3836 5085 3969 5148 fru-
4000 5110 4231 5154 mum„

2466 5189 2607 5243 ctus
2640 5180 2840 5243 malos
2870 5179 3099 5244 facere.
3142 5181 3219 5243 Et
3260 5182 3555 5263 quamvis
3586 5183 3699 5264 qui
3728 5184 3973 5248 creavit
4006 5179 4064 5217 ¹⁸·

2465 5296 2605 5355 nOS,
2638 5295 2766 5341 non
2794 5277 3110 5358 justificet
3137 5296 3254 5343 nos
3284 5279 3535 5344 adultos
3577 5280 3715 5345 sine
3752 5281 3973 5363 aubia,
