4300 6259
192 3441 258 3478 art.

133 4113 190 4157 Ρι.
205 4131 312 4168 mn.

921 497 998 542 DE
1038 495 1264 542 LUfflNE
1305 493 1690 541 cnms'rlANAE
1733 491 2034 550 Tamum,
2079 491 2255 538 LIBER
2298 491 2337 538 1.
2386 509 2462 522 -·-
2506 491 2644 538 ΛΒΤ.
2693 491 2854 537 van

3316 469 3435 535 313

353 669 622 744 influxit,
655 669 722 732 in
755 668 848 734 eis
877 686 1130 750 semper
1160 673 1510 730 conservat.
1545 665 1620 728 Hi
1659 664 1832 728 enim
1863 663 1914 726 A
1943 672 2108 727 sunt.
2154 663 2491 728 Ostensum
2531 663 2768 726 etenim
2808 681 2980 724 nunc
3019 667 3135 736 est,
3178 661 3256 724 ad
3298 681 3439 745 per-

351 768 700 832 intellectus
741 767 1048 831 uniformi
1087 785 1160 830 ac
1197 773 1432 830 aeterna
1471 764 1834 846 receptione

349 867 699 950 suscipiunt
755 866 1070 930 bonitates
1121 865 1344 948 primae
1391 883 1618 938 causae,
1670 863 1837 925 sicut

349 967 408 1028 in
437 966 596 1028 libro
625 967 703 1028 de
733 964 952 1028 Causis
984 965 1294 1046 scriptum
1326 970 1440 1026 est.
1477 963 1666 1026 Porro
1695 981 1836 1043 quae

351 1073 626 1128 recenter
658 1063 974 1145 producit,
1010 1081 1124 1146 per
1153 1063 1274 1126 hoe
1307 1061 1489 1142 regit,
1523 1061 1694 1144 quod
1727 1059 1837 1123 illa

349 1163 410 1224 in
437 1181 502 1224 se
531 1162 783 1224 ordinat
812 1169 876 1224 et
915 1161 1203 1238 reducit3
1235 1167 1446 1222 cetera
1485 1175 1636 1222 vero
1677 1158 1838 1239 regit

350 1279 456 1343 per
507 1260 982 1322 subservientes
1032 1278 1274 1332 causaS,
1325 1258 1562 1340 quibus
1613 1256 1834 1338 utique

351 1377 704 1421 mensuram
749 1358 1080 1440 regiminis
1121 1364 1185 1419 et
1225 1355 1705 1438 gubernationis
1751 1353 1838 1416 le-

349 1475 484 1537 gem
528 1457 884 1538 praestituit.
929 1456 1110 1520 Nune
1153 1462 1367 1518 autem
1410 1452 1833 1536 praehabitum

271 1586 328 1615 u.
353 1561 460 1626 est,
489 1562 720 1616 cuncta
749 1555 1036 1618 idealiter
1071 1553 1452 1634 aeternisque
1482 1550 1836 1614 rationibus

349 1653 556 1715 divino
603 1653 836 1716 lumini
881 1671 1207 1734 apparere.
1261 1651 1328 1713 In
1388 1649 1834 1712 universorum

349 1750 550 1832 itaque
579 1751 1030 1832 gubernatoria
1059 1749 1490 1823 exsecutione,
1527 1767 1640 1830 per
1673 1746 1834 1809 nihil

1941 762 2285 826 sectionem
2334 762 2773 846 providentiae,
2814 762 3092 844 regentis
3138 761 3439 824 virtutem

1943 863 2205 944 requiri.
2260 861 2324 924 Si
2382 869 2595 924 autem
2647 861 2887 923 divitiae
2945 868 3008 924 et
3064 860 3442 924 excellentia

1943 962 2185 1043 regenti
2254 962 2568 1034 deessent,
2636 962 2885 1024 deesset
2950 961 3173 1042 utique
3238 960 3442 1022 virtus

1939 1059 2363 1141 gubernandi.
2418 1059 2578 1122 Sunt
2634 1077 2785 1140 ergo
2831 1059 3183 1121 dominanti
3236 1066 3301 1122 et
3346 1077 3442 1121 re-

1940 1159 2115 1240 genti
2186 1159 2499 1222 bonorum
2571 1158 2755 1240 copia
2818 1166 2883 1220 et
2950 1157 3443 1240 superexaltatio

1941 1276 2052 1320 seu
2104 1257 2377 1337 dignitas
2425 1256 2819 1331 necessariae,
2864 1264 2934 1318 ut
2974 1256 3067 1318 sie
3108 1256 3443 1338 providere

1943 1356 2144 1439 possit
2172 1356 2360 1438 eique
2392 1354 2679 1436 subJ'ecta
2712 1364 2989 1438 pareant.
3023 1354 3307 1417 Primum
3336 1373 3443 1417 au-

1941 1463 2070 1518 tem
2102 1474 2295 1536 agens
2330 1455 2393 1518 in
2428 1455 2611 1518 bonis
2642 1453 2943 1517 omnibus
2974 1453 3441 1536 supereffluen-

1943 1554 2265 1616 tissimum
2327 1560 2447 1626 est,
2510 1558 2574 1616 et
2630 1552 2880 1614 cunctis
2939 1552 3436 1634 superpositum.

1945 1653 2117 1716 Unde
2149 1653 2213 1714 in
2248 1650 2413 1714 libro
2444 1651 2789 1715 Causarum
2821 1651 3063 1713 dictum
3095 1658 3223 1713 est:
3244 1650 3445 1714 Causa

1942 1751 2148 1834 prima
2190 1758 2287 1812 est
2319 1751 2499 1812 dives
2532 1750 2595 1812 in
2628 1769 2717 1824 se,
2751 1757 2815 1812 et
2844 1749 3021 1812 dives
3055 1749 3117 1812 in
3149 1749 3305 1812 alios
3332 1767 3349 1828 ;
3381 1757 3445 1812 et

346 1867 554 1912 recens
583 1848 948 1932 disponitur
979 1867 1186 1931 neque
1217 1848 1496 1910 novitate
1537 1847 1831 1908 immuta·
1867 1851 1912 1912 B
1941 1869 2162 1912 rursus
2197 1867 2211 1911 ε
2247 1849 2373 1911 Ens
2414 1849 2695 1931 primum
2736 1855 2834 1911 est
2875 1866 3069 1930 super
3106 1865 3296 1911 omne
3338 1865 3445 1910 no-

343 1953 466 2024 tur3
486 1947 596 2009 sed
629 1947 1168 2028 quemadmodum
1198 1946 1392 2009 unico
1420 1944 1832 2028 simplicique

344 2045 562 2107 mentis
623 2053 966 2127 prospectu
1027 2045 1311 2128 primum
1361 2051 1593 2106 cuncta
1647 2061 1833 2124 agno-

343 2145 472 2214 scit,
521 2143 614 2206 sic
663 2143 1064 2225 quietissima
1115 2151 1327 2206 mente
1375 2144 1594 2205 eadem
1649 2140 1827 2222 regit.

343 2241 672 2304 Enimvero
703 2243 985 2324 primum
1017 2261 1242 2324 regens
1275 2260 1474 2324 purus
1512 2248 1692 2303 actus
1735 2247 1832 2302 est

341 2346 398 2401 et
423 2339 558 2402 fons
589 2340 802 2402 omnis
835 2340 1282 2402 intellectualis
1327 2338 1613 2402 luminis.
1647 2337 1832 2401 Nulla

342 2457 478 2518 ergo
525 2438 922 2513 vicissitud0‚
969 2439 1144 2500 nulla
1193 2456 1454 2520 prorsus
1504 2437 1830 2500 distractio

341 2536 400 2598 in
427 2555 552 2599 suae
585 2537 822 2599 mentis
863 2535 1212 2619 exemplari
1257 2536 1424 2599 cadit
1465 2534 1776 2616 regimine
1811 2552 1824 2596 :

341 2634 481 2716 quin
521 2635 652 2698 imo
694 2634 908 2698 stabili
943 2642 1008 2697 et
1042 2633 1552 2697 incommutabili
1585 2632 1828 2696 ratione

341 2733 576 2814 singula
623 2735 970 2815 dispensat.

413 2831 716 2913 Denique,
768 2833 939 2915 quod
989 2831 1053 2893 in
1101 2830 1318 2913 aliquo
1369 2839 1486 2904 est,
1541 2839 1638 2894 est
1697 2829 1828 2892 illie

339 2931 681 2991 secundum
715 2929 974 2993 modum
1007 2929 1284 3004 illiuS,et
1313 2947 1440 2992 non
1476 2928 1823 3012 proprium.

339 3026 550 3092 Omnia
606 3047 762 3110 ergo
829 3029 894 3090 in
962 3029 1090 3091 Deo
1147 3029 1504 3091 secundum
1567 3029 1826 3090 modum
1860 3025 1902 3088 C
1935 3046 2094 3090 esse.
2131 3028 2391 3110 Propter
2422 3028 2591 3109 quod
2625 3027 2785 3089 dixit
2816 3025 3151 3108 Dionysius
3187 3043 3201 3087 :
3235 3025 3439 3088 Domi·
3498 3049 3557 3094 ne
3590 3049 3731 3093 mm,

1935 3126 2107 3189 natio
2147 3133 2243 3189 est
2286 3126 2497 3188 omnis
2542 3125 2957 3209 pulchrorum
3006 3131 3071 3187 et
3122 3125 3435 3187 bonorum
3466 3126 3730 3156 ¹²⁰‘¹¹·⁰·¹¹¹·

339 3125 555 3188 divinae
593 3125 1030 3189 subsistentiae
1077 3126 1453 3188 consistunt.
1505 3126 1670 3188 Deus
1715 3145 1824 3188 au-

340 3230 456 3284 tem
504 3242 632 3287 non
675 3225 1002 3287 dumtaxat
1045 3243 1212 3286 unus
1253 3242 1326 3286 ac
1371 3224 1667 3306 simplex,
1716 3225 1825 3287 sed

341 3323 536 3385 unitas
577 3323 1064 3406 simplicissima
1103 3331 1221 3396 est,
1263 3324 1616 3384 secundum
1671 3343 1826 3405 prae-

279 3451 315 3479 x.
341 3419 766 3483 determinata.
803 3422 939 3484 Non
969 3439 1119 3503 ergo
1151 3421 1214 3482 in
1249 3421 1693 3484 universorum
1725 3441 1826 3484 ex-

339 3519 588 3600 emplari
625 3520 1158 3602 praeordinatione
1189 3527 1299 3581 aut
1334 3521 1526 3582 etiam
1567 3539 1825 3582 exsecu-

339 3616 516 3690 tione,
560 3618 1126 3700 contemplationis
1183 3637 1314 3681 suae
1374 3617 1826 3700 limpidissima

341 3715 566 3796 puritas
627 3716 1012 3798 interrumpi
1073 3723 1282 3798 potest
1337 3716 1436 3778 vel
1499 3716 1821 3780 minorari.

337 3813 660 3896 Propterea
710 3815 932 3896 utique
991 3815 1056 3877 in
1117 3815 1550 3877 universitatis
1611 3834 1822 3878 rerum

337 3911 618 3974 uniformi
655 3912 998 3994 stabilique
1027 3911 1397 3986 directione,
1426 3913 1611 3994 primi
1642 3931 1825 3993 agen·

339 4009 412 4070 tis
463 4011 832 4094 resplendet
896 4010 1293 4092 sapientialis
1361 4013 1586 4074 virtus,
1649 4013 1823 4075 Unde

340 4104 518 4168 David
550 4107 642 4168 ait
677 4123 690 4168 :
727 4107 986 4187 Magnus
1018 4106 1324 4168 Dominus
1357 4115 1570 4170 noster
1600 4116 1664 4171 et
1697 4128 1822 4170 ma-

1943 1966 2087 2010 men
2142 1965 2271 2030 quo
2323 1947 2709 2010 nominatur.
2758 1947 2851 2009 Ad
2904 1946 3251 2028 regendum
3292 1963 3443 2027 ergo

1939 2045 2469 2108 efficacissimum
2514 2053 2630 2108 est.

2019 2143 2261 2218 Denuo,
2295 2145 2505 2207 omnis
2542 2145 2733 2207 decor
2760 2151 2824 2205 et
2853 2140 3263 2225 pulchritudo
3302 2161 3441 2224 quae

1939 2243 2004 2304 in
2053 2241 2553 2323 gubernatarum
2614 2261 2829 2305 rerum
2887 2240 3221 2304 ordinibus
3269 2247 3439 2313 sunt,

1937 2359 1974 2402 a
2021 2341 2287 2403 rectoris
2336 2341 2649 2423 sapientia
2697 2339 3047 2422 procedunt
3102 2345 3163 2401 et
3212 2339 3445 2420 depen-

1939 2437 2106 2501 dent.
2143 2438 2485 2501 Constituit
2516 2457 2793 2520 namque
2824 2443 3053 2499 cuncta
3084 2435 3148 2498 in
3192 2443 3443 2498 natura-

1941 2536 2110 2598 libus
2151 2537 2514 2620 debitisque
2566 2537 2726 2606 loco,
2772 2535 2898 2598 situ
2948 2535 3050 2597 vel
3096 2534 3441 2616 gradibus3

1937 2635 2155 2697 omnia
2205 2654 2423 2697 rursus
2476 2635 2799 2697 connectit
2856 2641 2920 2696 et
2974 2632 3323 2703 coordinat,
3372 2631 3437 2694 in

1938 2733 2231 2816 proprios
2292 2732 2455 2796 fines
2506 2732 2787 2814 dirigens
2838 2731 3157 2794 universa.
3212 2730 3441 2792 Conse·

1939 2851 2140 2912 quens
2184 2831 2377 2912 igitur
2422 2832 2521 2906 fit,
2554 2831 2947 2894 eminentem
2991 2848 3066 2892 ac
3114 2828 3435 2892 fontanam

1939 2928 2487 3010 pulchritudinem
2546 2928 2932 3010 gubernanti
2989 2933 3285 3009 oportere
3345 2927 3437 2990 in-

1935 3224 2217 3307 perfecta
2258 3225 2591 3307 possessio
2638 3224 2809 3298 Quod
2852 3224 3068 3305 utique
3118 3224 3196 3286 de
3241 3223 3439 3285 domi-

1933 3323 2039 3384 nio
2078 3323 2271 3404 primi
2316 3323 2617 3405 principii
2664 3323 2997 3404 potissime
3046 3341 3271 3385 verum
3317 3330 3429 3386 est.

1933 3420 2271 3483 Ostensum
2304 3428 2401 3483 est
2430 3421 2629 3494 enim,
2664 3422 2832 3502 quod
2868 3421 3032 3483 Deus
3063 3421 3145 3483 sit
3186 3429 3434 3484 natura-
3508 3453 3590 3492 m,
3618 3462 3733 3499 „„„„

1935 3519 2080 3582 liter
2110 3518 2315 3582 bonus
2347 3526 2411 3582 et
2441 3519 2947 3582 substantialiter
2976 3519 3225 3582 bonitas
3254 3539 3428 3602 pura.
3464 3525 3561 3556 Ψ·

1933 3616 2071 3698 Ipse
2114 3635 2371 3699 quoque
2422 3617 2691 3699 pulcher
2721 3625 2815 3680 est
2844 3625 2909 3680 et
2938 3618 3431 3700 pulcherrimuS‚

1933 3714 2070 3796 ipse
2113 3714 2524 3796 pulchritudo
2563 3722 2791 3778 cuncta
2830 3714 3311 3796 pulchrificanS,
3346 3724 3435 3778 to·

1932 3814 2190 3894 tiusque
2223 3812 2725 3894 pulchritudinis
2755 3813 3187 3895 primordialis
3216 3815 3431 3895 origo:

1931 3911 2176 3973 ordinis
2208 3929 2485 3992 namque
2527 3918 2590 3973 et
2630 3911 2839 3974 omnis
2885 3911 3133 3974 decoris
3178 3912 3436 3993 largitor

1931 4008 2160 4070 est.Ab
2190 4027 2266 4071 eo
2298 4027 2531 4090 nempe
2561 4017 2657 4070 est
2679 4009 2889 4071 omnis
2918 4009 3434 4090 perfectio,actu-

1929 4107 2111 4169 alitas
2153 4107 2402 4185 omnis;
2451 4108 2661 4168 omnis
2706 4124 2961 4189 quoque
3009 4107 3281 4182 bonitas,
3326 4109 3431 4170 lux

339 4221 450 4282 gna
475 4205 680 4267 virtus
708 4204 872 4285 ejuS,
905 4212 971 4267 et
1011 4205 1340 4288 sapientiae
1380 4205 1522 4285 ejus
1561 4223 1686 4268 non
1727 4215 1821 4269 est
1851 4207 1900 4270 D
1931 4212 1994 4266 et
2035 4205 2261 4276 virtus,
2305 4223 2341 4266 a
2384 4205 2796 4286 superlucida
2838 4223 2911 4268 ac
2956 4205 3435 4288 superbonifica

339 4319 650 4366 numerus.

428 4573 916 4640 ARTICULUS
961 4575 1212 4640 LXVII
1257 4571 1434 4653 (Pars
1473 4571 1714 4654 altera).

336 4715 422 4772 De
446 4717 894 4775 dominacione
917 4723 983 4794 et
1015 4717 1336 4792 reyimine
1372 4717 1620 4778 divinae
1651 4738 1820 4778 men-

409 4805 488 4862 tis
505 4813 564 4864 et
588 4806 794 4864 totius
825 4807 1062 4864 mundi
1081 4805 1818 4882 yubernacione,sec⁴em-

405 4895 554 4954 dum
584 4894 1198 4954 determinationem
1233 4897 1462 4971 maym'
1488 4897 1814 4974 Dionysii.

459 5089 508 5152 D
548 5088 1020 5172 plenitudinem
1063 5107 1253 5172 porro
1291 5091 1560 5154 dominii
1612 5100 1676 5154 et
1723 5111 1817 5156 re·

483 5189 692 5270 gentis
721 5186 1436 5261 efficaciam,bonorum
1467 5190 1817 5253 exuberan-

333 5283 412 5345 tia
475 5293 538 5349 et
599 5285 930 5369 dignitatis
995 5286 1376 5350 excellentia
1441 5289 1816 5354 necessariae

1929 4320 2060 4364 suae
2103 4311 2343 4365 naturae
2385 4301 2609 4366 fontali
2656 4302 3047 4366 fecunditate
3090 4305 3431 4376 emanavit,

1931 4401 2477 4481 quemadmodum
2521 4409 2667 4464 ante
2714 4402 2939 4484 patuit.
2978 4402 3295 4465 Elucescit
3338 4423 3431 4466 er·
3484 4427 3551 4466 m
3556 4437 3675 4467 xxxxx
3686 4427 3731 4468 ot
3788 4418 3791 4421 “

1927 4514 2028 4579 g0,
2049 4499 2219 4580 quod
2252 4498 2419 4562 Deus
2449 4499 2749 4562 sublimis
2780 4500 3109 4582 aptissime
3140 4501 3429 4564 omnium
3460 4499 3493 4528 ⁸*

1929 4599 2227 4662 dominus
2258 4607 2322 4662 et
2352 4619 2461 4664 rex
2494 4609 2922 4684 nuncupatur,
2950 4621 3149 4683 quum
3182 4604 3429 4664 cunctis

1929 4698 2260 4779 provideat
2302 4705 2367 4760 et
2409 4700 2643 4781 praesit.

2008 4796 2317 4878 Denique,
2362 4805 2433 4858 ut
2471 4798 2603 4877 Jam
2650 4797 2943 4859 habitum*
2985 4805 3101 4869 est,
3146 4798 3423 4881 primum
3458 4815 3535 4854 art.
3564 4827 3672 4856 .....

1925 4913 2116 4974 agens
2162 4895 2377 4958 omnia
2414 4895 2772 4976 gubernat:
2807 4903 2942 4957 tum
2987 4895 3137 4977 quia
3180 4897 3241 4958 in
3289 4917 3428 4980 pro-

1929 4994 2100 5074 prios
2135 4991 2301 5055 fines
2326 4992 2575 5075 singula
2608 4993 2894 5068 inclinat,
2928 4999 3065 5054 tum
3097 4993 3249 5076 quia
3289 4997 3427 5058 uni·

1925 5109 2107 5152 versa
2147 5088 2346 5154 nectit
2387 5091 2519 5154 suis
2560 5090 2917 5164 ordinibuS,
2953 5099 3090 5153 tum
3132 5093 3283 5174 quia
3326 5115 3428 5156 na-

1926 5198 2082 5254 turae
2160 5188 2425 5252 cuilibet
2508 5189 2788 5272 speciem
2872 5196 2935 5251 et
3018 5190 3423 5255 essentialem

1925 5287 2375 5372 proprietatem
2415 5287 2643 5352 tribuit
2683 5307 2809 5372 qua
2852 5288 2953 5351 sui
2999 5287 3194 5352 finem
3240 5299 3426 5372 queat
