4300 6259
560 2163 633 2220 Cs.
647 2164 704 2208 de
716 2165 810 2208 (Σω-

539 2226 640 2271 Ιοιῑ.
651 2228 758 2272 hier.
772 2241 811 2272 c.

541 2303 602 2342 iv,
617 2303 705 2342 viu,
722 2303 809 2333 xm.

575 3539 659 3580 art.
681 3549 740 3588 ix,
760 3550 802 3580 x.

535 4331 618 4372 art.
629 4339 702 4378 xx,
713 4341 799 4372 xxi.

842 476 962 545 256

1444 498 1523 544 DE
1561 497 1789 544 mmm:
1830 496 2214 544 cnmsrlANAE
2254 495 2558 554 THEOMAE,
2600 497 2781 544 mmm
2823 499 2865 544 1.
2912 517 2989 528 —
3032 498 3173 545 ΛΒΤ.
3221 498 3375 545 XXIII

845 665 1014 728 Deus
1043 665 1330 748 species3
1363 685 1482 729 nec
1527 686 1642 750 per
1678 684 2076 749 consequens
2109 666 2174 729 in
2206 685 2345 748 spe·
2374 665 2425 728 A
2456 666 2554 729 dis
2595 667 2917 730 enuntiari
2957 675 3181 751 potest.
3216 666 3443 732 Omnia
3480 666 3653 731 enim
3696 666 3777 730 de
3817 665 3964 749 qui·

845 763 965 837 cie,
988 783 1190 846 quum
1222 764 1305 826 sit
1332 765 1594 828 omnino
1623 764 1921 847 simplex,
1947 781 2071 826 non
2098 763 2343 826 habens

844 861 1088 943 aliquid
1137 864 1424 926 additum
1469 882 1598 926 suae
1642 870 1903 925 naturae.
1953 862 2030 923 Et
2075 862 2128 923 si
2174 861 2343 924 Deus

843 976 972 1021 non
1011 967 1108 1022 est
1148 961 1415 1044 species,
1447 979 1574 1023 non
1616 968 1823 1042 potest
1861 978 2002 1023 esse
2047 959 2340 1022 divinum

843 1059 1246 1139 suppositum
1293 1059 1359 1120 in
1406 1059 1640 1140 specie.
1687 1058 2032 1120 Enimvero
2073 1058 2229 1121 ordo
2273 1057 2339 1119 in

840 1155 1173 1236 speciebus
1203 1156 1490 1219 consistit
1510 1173 1523 1216 ε
1545 1155 1598 1218 si
1616 1174 1763 1237 ergo
1785 1163 1882 1218 θεῖ
1900 1155 2063 1218 Deus
2091 1153 2338 1237 species

839 1261 950 1315 aut
996 1253 1060 1316 in
1112 1255 1348 1337 specie,
1395 1255 1518 1318 sub
1563 1254 1788 1318 ordine
1829 1253 2192 1335 specierum
2238 1253 2337 1315 sui

838 1353 1089 1433 generis
1138 1353 1425 1417 inclusus
1474 1360 1588 1416 est.
1633 1351 2037 1434 Impossibile
2085 1359 2184 1414 est
2230 1370 2338 1414 au-

838 1457 967 1512 tem
998 1468 1073 1513 ea
1101 1470 1244 1533 quae
1275 1452 1341 1514 in
1372 1452 1597 1526 eodem
1630 1451 1853 1514 ordine
1885 1457 2055 1525 sunt,
2081 1449 2339 1512 infinite

837 1549 1115 1630 distare;
1167 1550 1278 1612 sed
1338 1568 1600 1613 necesse
1648 1557 1746 1612 est
1792 1567 1866 1610 ea
1924 1548 2216 1631 proxime
2275 1556 2340 1610 et

839 1648 1208 1711 immediate
1258 1649 1568 1730 colligari,
1621 1649 1709 1710 ita
1757 1647 1925 1730 quod
1977 1647 2335 1709 secundum

836 1754 1126 1809 naturam
1188 1747 1279 1810 rei
1337 1747 1500 1809 nihil
1559 1747 1760 1829 possit
1815 1746 2265 1808 intermediare
2315 1765 2331 1810 ε

834 1845 1019 1908 aliter
1049 1865 1326 1929 namque
1355 1864 1483 1909 non
1515 1847 1637 1908 erit
1665 1843 1949 1928 perfecta
1977 1845 2138 1907 ratio
2168 1845 2332 1907 ordi·
2370 1844 2419 1910 B

837 1944 956 2007 nis.
999 1945 1234 2008 Natura
1278 1945 1452 2009 enim
1493 1962 1621 2007 non
1664 1945 1954 2026 procedit
1993 1962 2029 2005 a
2073 1943 2334 2006 distanti

839 2045 906 2107 in
955 2044 1220 2119 distans,
1274 2044 1400 2106 nisi
1449 2062 1563 2126 per
1621 2043 1928 2118 medium,
1980 2043 2335 2106 secundum

840 2143 1234 2224 Dionysium.
1269 2142 1437 2205 Deus
1479 2149 1691 2203 autem
1731 2140 1994 2204 omnino
2039 2139 2337 2203 infinitus

841 2249 939 2304 est
972 2259 985 2302 :
1021 2249 1116 2304 θεῖ
1160 2257 1310 2321 ergo
1353 2241 1453 2321 (ut
1494 2240 1583 2302 ait
1623 2239 1976 2320 Avicenna)
2013 2247 2188 2302 extra
2233 2258 2336 2320 ge-

840 2359 962 2402 nus
1000 2347 1064 2402 et
1100 2339 1410 2402 ordinem.
1446 2338 1972 2420 Adhuc,'species
2013 2357 2227 2400 rerum
2266 2357 2333 2401 se

837 2438 1076 2501 habent
1141 2445 1213 2500 ut
1278 2437 1553 2510 numeri,
1627 2436 1982 2498 secundum
2048 2436 2334 2499 Philoso-

835 2538 1060 2620 phum.
1115 2537 1183 2598 In
1241 2536 1526 2599 numeris
1581 2542 1797 2597 autem
1861 2535 2027 2597 inter
2085 2535 2333 2616 species

835 2653 1252 2698 numerorum
1311 2633 1475 2697 nihil
1534 2633 1793 2707 mediat,
1855 2651 2064 2715 neque
2123 2639 2333 2714 potest

834 2753 1142 2798 numerus
1187 2732 1442 2796 infinite
1487 2732 1720 2796 distare
1762 2752 1799 2795 a
1843 2749 2131 2794 numero.
2165 2730 2333 2793 Deus

834 2851 984 2915 ergo
1015 2833 1278 2896 omnino
1307 2850 1426 2894 nec
1458 2831 1703 2913 species
1733 2838 1831 2894 est
1859 2848 2068 2912 neque
2097 2828 2165 2892 in
2196 2846 2335 2911 spc-

835 2933 933 2994 cie
987 2950 1016 2998 2.
1053 2949 1252 3013 quum
1303 2937 1516 2992 tamen
1566 2930 1732 2992 inter
1779 2929 2055 3012 primam
2101 2926 2333 2989 intelli-

832 3031 1113 3111 gentiam
1171 3036 1235 3090 et
1291 3027 1583 3090 divinum
1633 3026 2028 3089 intellectum
2076 3026 2185 3088 nil·
2218 3025 2331 3086 im·
2366 3027 2410 3091 C

833 3128 1032 3210 plicet
1079 3127 1294 3208 plures
1335 3125 1746 3188 intermedias
1777 3125 2023 3206 species
2053 3143 2215 3196 esse,
2248 3123 2329 3186 ob

835 3227 900 3289 id
944 3225 1113 3308 quod
1173 3224 1428 3286 infinita
1485 3230 1582 3286 est
1639 3223 1841 3285 divini
1901 3223 2064 3285 entis
2115 3241 2332 3304 super-

833 3323 1150 3388 exaltatio.

913 3423 1156 3495 Denuo,
1189 3420 1409 3484 divino
1447 3419 1579 3482 enti
1619 3439 1696 3482 ex
1736 3438 1803 3482 sc
1841 3427 1906 3482 et
1935 3419 2194 3502 propria
2222 3437 2330 3481 na-

833 3529 974 3583 tura
1018 3524 1328 3602 repugnat
1374 3517 1970 3600 multiplicabilitas,
2014 3524 2084 3578 ut
2135 3534 2330 3598 supra

834 3619 912 3681 de
943 3618 1183 3680 unitate
1213 3617 1415 3699 ipsius
1449 3616 1782 3678 inductum
1813 3623 1928 3678 est.
1956 3614 2325 3678 Universale

830 3725 1044 3779 autem
1085 3722 1377 3778 naturam
1411 3715 1476 3776 in
1507 3714 1728 3776 multis
1769 3713 2098 3776 fusibilem
2137 3721 2328 3794 atque

833 3814 1198 3878 versatilem
1259 3813 1552 3895 explicat.
1605 3812 1742 3875 Non
1802 3818 1897 3874 est
1954 3829 2105 3892 ergo
2162 3811 2328 3873 Deus

832 3914 1102 3997 specieS‚
1138 3930 1346 3994 neque
1374 3929 1598 3992 genuS,
1630 3929 1749 3973 nec
1781 3910 2044 3973 omnino
2083 3909 2147 3970 in
2188 3927 2331 3990 spe-

831 4013 948 4075 cie.
983 4012 1230 4087 Adhuc,
1263 4011 1435 4093 quod
1465 4017 1562 4071 est
1592 4010 1658 4071 in
1699 4009 1935 4090 specie,
1970 4009 2324 4070 secundum

830 4129 1012 4173 suam
1042 4109 1386 4172 essentiam
1417 4107 1850 4189 cognoscibile
1893 4113 1990 4169 est
2034 4125 2071 4168 a
2114 4106 2324 4180 nobis,

831 4228 1031 4291 quum
1093 4207 1175 4269 sit
1232 4206 1568 4269 definibile
1627 4213 1690 4268 θῖ
1745 4204 2247 4268 demonstrabile
2310 4204 2408 4267 :D

831 4306 1002 4389 quod
1032 4307 1161 4368 Deo
1189 4307 1316 4368 non
1347 4304 1690 4368 convenire
1721 4311 2179 4386 praeostensum
2214 4312 2325 4366 est.

911 4405 1002 4466 Ex
1045 4404 1164 4467 hoc
1202 4410 1416 4465 autem
1463 4409 1730 4476 constat,
1781 4402 1983 4464 Deum
2027 4401 2327 4464 definibi-

831 4505 958 4567 lem
988 4520 1116 4565 non
1146 4519 1284 4565 esse
1328 4519 1538 4583 neque
1577 4499 2136 4563 demonstrationis
2180 4499 2330 4562 sub-

827 4603 1074 4685 jectum
1127 4618 1140 4662 :
1193 4619 1320 4664 non
1370 4606 1467 4662 est
1523 4599 1699 4661 enim
1760 4599 1898 4661 sine
1956 4598 2326 4662 differentia

828 4709 894 4765 et
921 4718 1152 4782 genere
1182 4698 1498 4772 definitio,
1532 4716 1740 4779 neque
1781 4698 1918 4759 sine
1943 4696 2324 4760 definitione

826 4799 1302 4872 demonstratio,
1353 4797 1708 4860 secundum
1755 4795 2181 4859 Aristotelem.

905 4899 1228 4960 Postremo
1287 4895 1560 4959 univoca
1609 4900 1778 4968 sunt,
1833 4911 2107 4975 quorum
2166 4894 2326 4956 ratio

828 4997 1072 5060 eadem.
1107 4995 1273 5059 Deus
1319 5001 1534 5056 autem
1581 4993 1892 5055 rationem
1937 5009 2066 5054 non
2110 4990 2319 5053 habet.

825 5097 1143 5179 Amplius,
1176 5095 1450 5157 univoca
1480 5093 1601 5155 sub
1639 5092 1862 5155 eodem
1901 5109 2134 5172 genere
2175 5107 2325 5152 con-

825 5195 1112 5257 tinentur
1173 5210 1187 5255 :
1237 5192 1403 5254 Deus
1460 5196 1676 5252 autem
1733 5196 1830 5251 θεῖ
1887 5195 2064 5250 extra
2120 5206 2323 5268 genus

828 5312 1041 5360 omne.
1073 5291 1176 5355 Nil
1205 5307 1356 5371 ergo
1394 5287 1668 5351 univoce
1705 5287 1786 5349 de
1825 5287 1954 5349 Deo
1995 5295 2059 5349 et
2103 5307 2326 5350 secun-

2457 764 2574 826 bus
2604 765 2849 847 aliquid
2879 765 3145 829 univoce
3176 766 3596 841 dicitur,sunt
3626 772 3737 827 aut
3766 763 3965 826 unius

2453 861 2704 940 generis
2736 861 3004 944 species,
3038 871 3146 924 aut
3176 871 3347 926 certe
3376 862 3667 944 ejusdem
3714 859 3962 943 speciei

2456 958 2806 1022 individua.

2806 1221 3298 1286 ARTICULUS
3342 1221 3599 1286 XXIII.

2452 1371 2637 1438 Quod
2665 1389 2741 1430 ea
2770 1390 2915 1450 quae
2936 1372 3015 1430 de
3030 1374 3162 1432 Deo
3192 1381 3254 1430 et
3282 1373 3583 1432 secundis
3600 1373 3962 1441 dicuntur,

2528 1479 2659 1519 non
2696 1461 2957 1520 omnino
2995 1461 3337 1538 aequivoce,
3369 1462 3481 1520 sed
3508 1461 3849 1538 anazoyice
3878 1463 3965 1520 de

2527 1551 2766 1608 eisdem
2813 1550 3265 1611 enuntientur.

2591 1744 2893 1818 ENIQUE‚
2946 1753 3015 1807 ut
3058 1745 3193 1826 jam
3242 1753 3389 1809 ante
3438 1747 3689 1819 claruit,
3744 1746 4161 1828 perse-mm.

2616 1844 2859 1906 ctiones
2891 1845 3317 1907 secundorum
3359 1844 3663 1908 dicuntur
3698 1845 3781 1908 de
3822 1845 3957 1908 Deo

2448 1960 2563 2024 per
2593 1960 2847 2005 causam
2879 1949 2943 2005 et
2971 1943 3319 2025 exemplar,
3354 1961 3431 2007 eo
3470 1943 3640 2026 quod
3684 1943 3767 2006 ab
3806 1943 3955 2026 ipso

2443 2048 2745 2123 tanquam
2803 2040 2882 2103 ab
2931 2041 3282 2123 exemplari
3330 2042 3653 2124 principio
3698 2060 3959 2104 emana-

2445 2140 2693 2219 verint3
2736 2158 2928 2221 agens
2972 2148 3186 2202 autem
3232 2157 3445 2216 omne,
3480 2147 3545 2203 et
3587 2141 3955 2223 praesertim

2445 2238 2831 2320 exemplare,
2865 2238 3163 2320 producit
3198 2237 3323 2300 sibi
3364 2239 3578 2300 simile
3612 2255 3626 2300 :
3660 2256 3955 2300 necessa·

2446 2337 2612 2398 rium
2643 2336 2838 2417 igitur
2865 2343 2962 2399 est
2992 2337 3058 2398 in
3088 2337 3387 2400 secundis
3416 2337 3757 2419 quamdam
3788 2335 3956 2398 divi-

2446 2454 2542 2498 nae
2572 2443 2813 2498 naturae
2843 2422 3333 2498 similitudinem
3373 2453 3741 2518 expressam
3780 2453 3948 2498 esse.

2412 2533 2581 2606 ⁴Non
2624 2551 2774 2614 ergo
2812 2541 2909 2595 cst
2955 2534 3323 2599 omnimoda
3364 2533 3787 2616 aequivocatio
3834 2533 3953 2595 sed

2445 2631 2734 2712 analogia
2764 2633 2829 2693 in
2861 2632 2961 2694 his
2994 2651 3134 2714 quae
3166 2633 3295 2694 Deo
3324 2640 3389 2694 et
3424 2632 3724 2694 secundis
3769 2630 3952 2693 attri-

2444 2727 2748 2791 buuntur.
2794 2730 2957 2792 Dum
2998 2749 3278 2813 namque
3324 2748 3484 2812 pura
3523 2729 3953 2812 aequivocatio

2446 2827 2777 2910 contingit,
2812 2827 2971 2889 nihil
3004 2827 3082 2889 de
3122 2827 3389 2890 veritate
3428 2835 3670 2891 naturae
3711 2827 3953 2909 prioris

2444 2926 2634 2987 estin
2667 2925 3026 3008 posteriori,
3060 2933 3132 2987 ut
3160 2944 3387 2988 sanum
3428 2925 3507 2987 de
3537 2925 3689 2988 vivo
3726 2932 3795 2988 et
3832 2925 3953 2988 hu-

2446 3041 2639 3086 more.
2674 3023 2919 3098 Adhuc,
2959 3041 3152 3104 agens
3195 3023 3325 3105 agit
3367 3023 3721 3086 secundum
3770 3024 3952 3106 quod

2445 3121 2506 3184 in
2539 3129 2715 3202 actu3
2747 3129 2926 3183 actus
2955 3129 3169 3184 autem
3201 3121 3313 3184 Dei
3344 3128 3442 3184 est
3469 3141 3586 3185 sua
3613 3122 3898 3184 essentia
3930 3139 3947 3184 t

2443 3221 2713 3301 ideoque
2745 3238 2859 3302 per
2888 3220 3233 3282 essentiam
3264 3219 3395 3300 agit
3431 3219 3619 3282 Deus.
3653 3218 3949 3282 Effectus

2441 3325 2653 3380 autem
2685 3318 3064 3401 participata
3093 3317 3451 3380 similitudo
3487 3325 3586 3380 est
3621 3337 3755 3382 suae
3796 3336 3949 3380 cau-

2442 3435 2547 3491 sae,
2582 3417 2748 3478 sicut
2789 3424 2935 3479 ante
2980 3415 3407 3498 praehabitum
3450 3423 3547 3478 est
3589 3434 3604 3478 :
3645 3433 3746 3478 res
3790 3433 3949 3498 ergo
3976 3441 4060 3480 art.
4086 3451 4115 3479 ι.

2442 3523 2689 3590 creatae,
2713 3515 2946 3578 divinae
2976 3521 3217 3578 naturae
3248 3515 3805 3596 participationem
3835 3515 3949 3577 ha-

2443 3613 2612 3675 bent.
2658 3613 2795 3676 Non
2836 3630 2984 3694 ergo
3031 3619 3129 3675 est
3165 3631 3327 3694 pura
3364 3612 3785 3694 aequivocatio
3832 3613 3949 3676 sed

2441 3711 2731 3792 analogia
2775 3711 2839 3772 in
2884 3711 3207 3792 praedictis
3246 3709 3815 3774 affirmationibus.
3866 3713 3953 3774 At

2440 3827 2615 3883 vero,
2649 3810 2815 3870 Deus
2847 3809 3147 3890 produxit
3177 3808 3351 3871 hunc
3383 3809 3697 3871 mundum
3728 3816 3803 3870 ut
3831 3828 3953 3872 sua

2440 3906 2691 3970 bonitas
2722 3914 2785 3969 et
2814 3905 3125 3989 perfectio
3154 3906 3468 3969 reluceret
3501 3907 3566 3968 in
3610 3924 3708 3980 eo,
3742 3915 3814 3968 ut
3856 3906 3953 3969 ait

2438 4005 2611 4068 Plato
2645 4021 2659 4066 :
2694 4012 2943 4086 oportet
2972 4022 3122 4086 ergo
3151 4023 3253 4068 res
3284 4004 3477 4085 hujus
3510 4005 3758 4079 mundi,
3782 4005 3954 4068 divi-

2440 4104 2507 4166 ni
2550 4121 2690 4166 esse
2734 4102 3042 4184 imagines
3087 4101 3243 4165 fore.
3277 4103 3541 4176 RursuS,
3574 4120 3705 4185 quo
3746 4121 3951 4184 agens

2440 4201 2637 4264 fuerit
2680 4201 2931 4275 meliuS,
2964 4218 3041 4264 eo
3086 4201 3523 4264 communicat
3562 4219 3631 4264 se
3676 4201 3945 4283 largiuS,

2439 4308 2504 4365 et
2532 4318 2658 4383 quo
2688 4300 2883 4363 fuerit
2912 4299 3371 4383 perfectiuS,eo
3401 4299 3601 4380 magis
3630 4299 3949 4364 assimilat

2440 4399 2563 4461 sibi
2596 4396 2903 4461 effectum
2940 4415 2953 4460 :
2987 4416 3180 4479 agens
3219 4399 3393 4460 enim
3436 4417 3691 4480 semper
3734 4399 3949 4462 inten-

2440 4497 2535 4560 dit
2563 4496 2686 4559 sibi
2716 4496 3073 4559 assimilare
3104 4515 3385 4578 passum.
3415 4495 3698 4558 Primum
3727 4504 3947 4561 autem

2440 4594 2985 4676 agenS,optimum
3016 4611 3277 4675 prorsus
3299 4601 3396 4658 θεῖ
3424 4602 3488 4656 et
3517 4595 3771 4676 penitus
3798 4614 3948 4677 per-

2440 4693 2681 4755 fectum
2727 4710 2740 4754 :
2783 4692 3047 4755 omnino
3090 4710 3240 4773 ergo
3282 4693 3501 4755 decuit
3546 4698 3618 4754 ut
3656 4694 3947 4756 secunda

2438 4791 2672 4854 divinae
2720 4789 3023 4854 bonitatis
3069 4791 3719 4854 communicationem
3768 4793 3943 4856 acci—

2438 4897 2681 4972 perent.
2716 4889 2906 4952 Porro
2948 4896 3019 4951 ut
3055 4889 3133 4950 de
3176 4907 3367 4951 causa
3408 4895 3473 4952 et
3515 4897 3774 4953 causato
3815 4891 3942 4956 ali-

2438 4987 2591 5071 quid
2623 4989 2893 5050 univoce
2933 4988 3201 5062 dicatur,
3235 5005 3499 5050 necesse
3538 4995 3635 5050 est
3671 4996 3744 5050 ut
3780 4989 3942 5054 effe-

2436 5095 2577 5149 ctus
2622 5087 2918 5159 formam,
2950 5086 3304 5148 secundum
3335 5104 3529 5168 quam
3560 5105 3751 5150 causa
3778 5088 3933 5170 agit,

2437 5186 2791 5264 secundum
2832 5184 3207 5267 specificam
3250 5183 3741 5249 similitudinem
3774 5187 3937 5251 reci-

2436 5285 2570 5367 piat
2614 5285 2771 5364 (non
2818 5284 2993 5347 enim
3044 5283 3121 5346 de
3184 5283 3317 5346 sole
3372 5291 3435 5346 et
3492 5284 3637 5365 igne
3693 5284 3936 5350 dicitur
