4300 6259
818 446 898 512 82
1525 463 1949 511 ELEMENTATIO
1991 460 2452 509 PHILosoPfflcA.
2499 480 2578 490 --
2619 461 2698 506 DE
2739 461 3216 508 INTELLIGENTHS

816 637 1191 719 procedunt.
1235 633 1458 700 Adhuc
1496 644 1733 710 autem,
1776 634 2314 718 quemadmodum
2348 631 2401 696 A
2430 650 2622 713 agens
2680 639 2744 694 et
2800 631 3164 696 intellectus
3222 629 3572 714 possibilis,
3625 647 3755 693 non
3803 628 3938 692 hoc

817 752 1052 817 corpus
1109 735 1187 797 ad
1236 735 1487 798 diversa
1537 753 1729 817 opera
1776 734 2129 796 exercenda
2177 738 2320 812 eget

818 834 1127 897 membris
1158 834 1450 908 diversiS,
1474 853 1615 916 quae
1644 833 1725 895 ab
1756 832 2029 895 invicem
2064 831 2320 893 realiter

816 940 968 995 sunt
1015 932 1356 1012 distincta3
1407 933 1495 994 ita
1543 931 1992 994 intellectualis
2042 930 2317 993 essentia

816 1031 896 1092 ad
943 1038 1122 1093 actus
1170 1029 1543 1093 differentes
1592 1029 1833 1110 indiget
1880 1027 2181 1110 potentiis
2234 1027 2318 1088 ita

817 1128 1155 1191 distinctis.
1191 1129 1479 1210 Insuper,
1514 1127 1567 1190 si
1601 1127 1664 1189 in
1708 1127 1922 1189 anima
1966 1127 2136 1188 idem
2169 1132 2318 1187 sunt

816 1244 957 1290 esse
1009 1233 1075 1290 et
1121 1244 1329 1309 posse,
1384 1234 1513 1288 tam
1565 1225 2031 1288 incessabiliter
2076 1225 2200 1285 erit
2249 1222 2314 1284 in

815 1332 959 1388 actu
1008 1325 1329 1407 potentiae,
1376 1342 1569 1406 quam
1620 1324 2055 1386 indesinenter
2104 1329 2201 1384 est
2248 1321 2312 1382 in

815 1430 961 1485 actu
1002 1423 1165 1486 vitae.

894 1520 1067 1582 Hanc
1105 1520 1491 1603 positionem
1539 1519 1603 1582 in
1662 1521 1925 1582 Summa
1968 1537 2103 1591 sua,
2150 1516 2316 1578 libro

813 1617 1117 1691 secund0‚
1153 1615 1402 1680 fortiter
1429 1624 1605 1679 tenet
1632 1615 2012 1679 Guillelmus
2042 1615 2316 1677 Antisio-

814 1715 1104 1778 dorensis
1152 1716 1515 1798 episcopuS,
1566 1714 1900 1776 affirmans
1944 1713 2314 1794 opinionem

2431 731 2553 794 erit
2582 731 2874 800 univoce,
2909 731 3075 792 sicut
3105 731 3170 792 in
3211 729 3396 792 nobis
3437 736 3784 812 ponuntur.
3815 727 3942 790 Ve-

2431 837 2813 902 rumtamen,
2858 829 3398 910 quemadmodum
3465 845 3656 890 causa
3723 825 3944 909 prima

2430 935 2692 991 vocatur
2734 927 3097 990 intellectus
3137 925 3584 988 universaliter
3619 943 3835 1005 agenS‚
3870 932 3944 986 et

2430 1045 2623 1108 supra
2641 1044 2831 1088 omne
2851 1044 3051 1106 genus
3081 1025 3502 1106 ordinemque
3533 1023 3892 1087 consistens
3919 1039 3936 1084 :

2431 1124 2523 1186 sic
2565 1125 2629 1186 in
2670 1123 3091 1205 intelligentia
3130 1123 3331 1205 possit
3370 1123 3524 1205 poni
3567 1121 3941 1184 intellectus

2433 1223 2497 1284 in
2530 1229 2702 1285 certo
2731 1240 2962 1302 genere
2992 1239 3184 1302 agens
3214 1228 3278 1283 et
3306 1221 3511 1282 active
3550 1238 3618 1282 se
3659 1218 3938 1290 habenS,

2429 1339 2504 1382 ac
2552 1321 2883 1403 proprium
2931 1327 3145 1382 actum
3195 1319 3476 1382 elicitive
3526 1318 3938 1400 producens;

2433 1419 2562 1481 imo
2619 1425 2684 1480 et
2741 1419 2910 1480 idem
2970 1418 3332 1480 intellectus
3390 1436 3506 1499 per
3566 1423 3938 1498 respectum

2431 1518 2508 1580 ad
2568 1517 2843 1598 primam
2902 1535 3158 1578 eausam
3216 1515 3415 1596 possit
3467 1514 3681 1578 vocari
3732 1513 3940 1596 possi-

2431 1615 2602 1689 bilis,
2636 1615 2784 1696 quia
2813 1614 2889 1676 ad
2935 1613 3292 1677 Creatorem
3325 1620 3389 1675 et
3417 1612 3700 1695 primum
3730 1611 3944 1673 omni-

2432 1733 2540 1776 um
2575 1713 3071 1775 illuminatorem
3115 1710 3751 1793 intelligibiliumque
3792 1727 3942 1790 spe-

815 1813 1221 1887 contrariam,
1256 1813 1385 1876 Deo
1416 1812 1815 1893 injuriosam,
1848 1811 1999 1892 quia
2024 1809 2318 1871 attribuit
2355 1811 2402 1872 B
2432 1811 2676 1873 cierum
2709 1811 3093 1873 influxorem
3128 1810 3378 1892 passive
3409 1827 3475 1872 se
3520 1808 3732 1882 habet,
3765 1808 3945 1869 sicut

816 1918 1121 1975 creaturae
1179 1911 1348 1992 quod
1407 1910 1535 1972 Deo
1594 1917 1690 1971 est
1745 1908 2101 1991 proprium,
2164 1914 2319 1988 puta

816 2010 986 2092 quod
1028 2009 1094 2071 in
1136 2009 1443 2071 creaturis
1482 2008 1613 2070 sint
1641 2007 1811 2069 idem
1843 2025 1982 2068 esse
2013 2013 2077 2068 et
2105 2023 2313 2086 posse,

818 2108 988 2190 quod
1048 2107 1165 2169 soli
1228 2105 1527 2169 convenit
1575 2105 1872 2169 Creatori.
1921 2104 2157 2166 Verum
2216 2102 2317 2164 his

817 2204 1217 2285 objiciuntur
1246 2202 1441 2265 verba
1481 2204 1547 2264 B.
1581 2202 1939 2283 Augustini,
1975 2201 2040 2262 in
2080 2198 2316 2281 quibus

816 2303 1057 2366 sentire
1085 2302 1361 2375 videtur,
1395 2301 1565 2382 quod
1606 2303 1773 2364 vires
1812 2300 2043 2361 animae
2082 2298 2212 2360 sint
2249 2298 2312 2358 in

549 2421 654 2464 dist.
680 2432 723 2463 m
749 2417 789 2462 u
820 2419 887 2464 re
926 2401 1142 2462 anima
1190 2401 1328 2481 ipsa
1371 2417 1383 2460 :
1426 2400 1505 2461 ad
1553 2398 1721 2479 quod
1768 2398 2060 2477 Magister
2108 2395 2317 2476 primo

821 2499 987 2562 libro
1034 2497 1364 2561 evidenter
1405 2505 1470 2559 et
1512 2495 1914 2558 sufficienter
1955 2494 2312 2575 respondet,

819 2599 990 2680 quod
1040 2597 1289 2660 scilicet
1337 2596 1505 2658 idem
1556 2595 1858 2656 dicuntur
1896 2610 2044 2654 cum
2083 2591 2314 2664 anima,

816 2692 973 2775 quia
1001 2693 1067 2754 in
1107 2693 1331 2755 eadem
1362 2693 1591 2756 animae
1629 2691 1981 2753 fundantur
2019 2689 2312 2751 essentia.

818 2793 1137 2864 Attamen,
1191 2791 1359 2853 sicut
1406 2791 1471 2852 in
1521 2789 1731 2871 prima
1788 2797 1966 2869 parte
2015 2788 2315 2859 Summae,

2432 1918 2494 1972 et
2524 1929 2715 1973 omne
2747 1917 3049 1972 creatum.
3084 1907 3512 1989 intelligentia
3551 1925 3807 1989 quoque
3841 1905 3940 1968 in-

2432 2008 2628 2070 ferior
2673 2008 2758 2069 ita
2802 2008 3272 2088 quodammodo
3314 2006 3394 2068 ad
3439 2005 3933 2086 intelligentiam

2433 2105 2826 2187 superiorem
2862 2124 2929 2167 se
2960 2105 3179 2167 habet:
3202 2104 3506 2186 quoniam
3529 2103 3937 2165 illuminatur

2433 2203 2512 2265 ab
2566 2203 2696 2277 illa,
2753 2203 3132 2284 vultumque
3184 2222 3370 2264 suum
3431 2200 3693 2283 projicit
3738 2219 3937 2282 super

2435 2301 2651 2362 lumen
2704 2301 2898 2374 illius,
2943 2309 3013 2363 ut
3060 2301 3435 2383 perficiatur
3475 2299 3556 2361 ab
3605 2317 3702 2372 ea,
3743 2305 3814 2360 ut
3863 2299 3932 2360 in

2434 2398 2597 2461 libro
2640 2400 2718 2461 de
2763 2399 2980 2462 Causis
3024 2407 3334 2461 narratur.

2773 2607 3289 2672 PROPOSITIO
3338 2607 3581 2670 LXXI.

2512 2793 2786 2859 Omnis
2838 2791 3382 2869 intelligentia
3437 2790 3536 2858 ab
3584 2805 3755 2857 aevo
3812 2790 3933 2857 in-

496 2911 787 2956 minui-n.
819 2890 1169 2971 quaestione
1210 2888 1679 2970 septuagesima
1720 2889 2013 2968 septima,
2048 2887 2318 2948 Thomas
2429 2890 2996 2968 telligibilibus
3086 2889 3503 2969 speciebus
3575 2892 3932 2972 itemque

818 2987 1117 3061 declarat,
1150 2986 1542 3068 Augustinus
1581 2987 1853 3048 dicendo
1894 2985 2315 3058 intellectum,
2357 2993 2399 3056 c
2429 2987 2997 3056 infallibilibus
3025 2988 3389 3052 scientiis
3417 2988 3735 3053 exstitit
3764 2987 3932 3067 ple-

815 3086 1232 3160 voluntatem,
1270 3086 1641 3147 memoriam
1688 3102 1828 3146 esse
1869 3084 2037 3145 idem
2080 3083 2143 3144 in
2185 3083 2317 3144 ani-

817 3204 939 3258 ma,
974 3202 1101 3246 non
1145 3183 1379 3265 accipit
1408 3183 1528 3244 tria
1560 3183 1668 3244 illa
1700 3190 1770 3243 ut
1800 3188 1950 3242 sunt
1996 3181 2313 3261 potentiae,

814 3285 925 3345 sed
974 3301 1091 3365 pro
1138 3281 1371 3344 actuali
1426 3281 1880 3354 intellectione,
1915 3279 2222 3341 volitione
2253 3286 2317 3340 et

815 3381 1315 3458 memoratione3
1376 3386 1753 3460 certumque
1810 3385 1925 3450 est,
1989 3377 2159 3459 quod
2219 3377 2311 3438 sic

813 3486 1069 3560 sumpta
1116 3496 1243 3540 non
1292 3477 1421 3540 sint
1470 3477 1725 3540 realiter
1773 3476 1943 3538 idem
2005 3477 2170 3536 inter
2219 3493 2308 3547 se,

812 3595 1023 3660 neque
1072 3595 1219 3638 cum
1268 3577 1501 3650 anima,
1548 3575 1671 3637 nisi
1722 3574 1903 3654 juxta
1953 3573 2310 3655 responsio-

814 3693 962 3738 nem
1006 3675 1303 3755 Magistri.

1171 3881 1692 3946 PROPOSITIO
1742 3881 1948 3943 LXX.

903 4067 1079 4133 Non
1148 4067 1522 4144 congruit
1590 4066 1677 4130 in
1744 4064 2312 4142 intelligentiis

2429 3102 2555 3168 na,
2600 3101 2743 3166 per
2783 3099 2977 3166 quas
3014 3087 3183 3150 tam
3229 3087 3642 3165 superiora
3687 3101 3930 3166 quam

2426 3185 2807 3252 inferiora
2848 3184 3276 3261 cog-noscit.

2505 3283 2679 3356 Quod
2720 3289 2837 3355 est,
2871 3280 3174 3362 quoniam
3224 3279 3648 3361 intelligentia
3692 3299 3769 3344 ex
3811 3299 3934 3343 sua

2426 3388 2650 3442 natura
2705 3399 2779 3441 ac
2837 3379 3050 3460 specie
3108 3385 3297 3441 tantae
3354 3386 3453 3440 est
3508 3379 3928 3456 excellentiae,

2425 3479 2594 3560 quod
2626 3477 3034 3541 connaturale
3063 3495 3135 3538 ac
3168 3477 3500 3558 proprium
3540 3477 3601 3539 ei
3642 3485 3739 3540 est
3775 3479 3933 3540 acti-

2425 3577 2655 3640 onibus
2706 3575 3245 3638 intellectualibus
3291 3575 3682 3638 incessanter
3725 3577 3930 3638 inten-

2423 3675 2572 3737 dere
2620 3692 2633 3736 :
2684 3675 2825 3736 ideo
2870 3674 3036 3735 sicut
3083 3672 3214 3753 igni
3257 3680 3567 3735 connatus
3615 3681 3712 3735 est
3754 3675 3932 3737 calor

2421 3790 2494 3834 ac
2535 3771 2781 3844 levitaS,
2817 3770 2909 3832 sic
2948 3768 3388 3850 intelligentiis
3429 3769 3697 3831 scientia
3732 3777 3796 3833 et
3835 3771 3930 3833 in·

2420 3868 2776 3950 telligibilis
2807 3868 3379 3940 forma-Praeterea,
3399 3867 3820 3948 intelligentia
3843 3868 3928 3930 ab

2423 3968 2682 4030 exordio
2722 3966 2878 4029 felix
2921 3973 3019 4027 est
3064 3965 3337 4027 naturali
3382 3964 3710 4040 felicitate,
3755 3985 3930 4030 mox-

2423 4085 2548 4148 que
2607 4073 2679 4127 ut
2734 4071 2944 4126 creata
2992 4071 3108 4136 est,
3162 4081 3229 4125 se
3278 4071 3554 4125 creatam
3605 4065 3926 4145 cognovit,

815 4166 1321 4233 intellectum
1390 4165 1760 4242 agentem
1829 4164 1910 4228 et
1980 4163 2314 4242 possibi-
2342 4166 2391 4228 D
2424 4172 2612 4246 atque
2651 4164 2727 4225 ad
2771 4162 3130 4225 Creatorem
3172 4161 3464 4242 protinus
3507 4179 3575 4224 se
3614 4163 3931 4224 convertit

815 4267 977 4333 lem
1032 4267 1413 4345 tanquam
1470 4261 1802 4326 realiter
1859 4261 2316 4328 differentes

817 4363 1217 4443 potentias
1276 4374 1612 4440 ponere;
1673 4360 2026 4425 attamen
2085 4360 2314 4425 intel·

813 4462 1115 4526 lectum
1162 4459 1245 4524 et
1292 4458 1795 4523 voluntatem
1836 4459 1923 4520 in
1966 4457 2169 4536 ipsis
2216 4457 2314 4524 ab

812 4559 1163 4625 invicem
1204 4556 1535 4622 realiter
1574 4568 2006 4634 secernere,
2039 4556 2162 4620 est
2196 4570 2313 4621 ra-

808 4654 1219 4723 tionabile.

889 4754 1066 4828 Quod
1097 4761 1213 4828 est,
1248 4751 1552 4834 quoniam
1594 4750 2035 4831 intelligentiis
2065 4751 2314 4831 species

810 4852 1251 4934 intelligibiles
1297 4858 1449 4914 sunt
1496 4858 1803 4923 connatae,
1857 4869 1975 4912 nec
2027 4849 2316 4930 indigent

811 4972 917 5016 eas
973 4972 1011 5014 a
1068 4951 1258 5014 rebus
1326 4948 2009 5032 phantasmatibusque
2078 4948 2315 5012 abstra-

813 5051 988 5126 here,
1050 5057 1115 5112 et
1170 5049 1518 5112 abstractas
1579 5047 1644 5109 in
1712 5066 1779 5109 se
1838 5048 2184 5109 recondere
2241 5065 2314 5110 ac

814 5166 1089 5222 servare,
1124 5146 1256 5208 imo
1285 5144 1716 5208 indelebiliter
1747 5151 1894 5206 sunt
1924 5144 2017 5206 eis
2047 5144 2315 5226 impres-

816 5267 920 5312 sae.
954 5246 1115 5309 Hinc
1158 5252 1223 5308 et
1260 5244 1314 5308 si
1358 5250 1677 5326 ponantur
1716 5242 1781 5304 in
1823 5242 1915 5305 eis
1955 5242 2316 5306 intellectus

2425 4282 2538 4344 per
2600 4259 3204 4342 contemplationem
3271 4259 3609 4333 sinceram,
3675 4269 3929 4322 natura-

2426 4361 2550 4421 lem
2580 4377 2862 4422 amorem
2904 4366 2967 4420 et
3004 4356 3458 4437 gratitudinem
3498 4356 3801 4432 debitam,
3835 4378 3930 4422 se-

2425 4458 2707 4519 cundum
2757 4455 3322 4538 Peripateticorum
3380 4454 3853 4538 philosophiam
3907 4472 3923 4518 z

2427 4557 2569 4618 ideo
2616 4555 2696 4617 ab
2749 4556 2931 4617 initio
2981 4573 3110 4616 suae
3159 4553 3544 4615 conditionis
3587 4553 3812 4617 habuit
3852 4573 3929 4618 ea

2425 4673 2566 4736 quae
2609 4653 2686 4715 ad
2733 4652 3088 4714 naturalem
3137 4650 3596 4712 beatitudinem
3635 4651 3930 4716 obtinen-

2424 4753 2572 4814 dam
2630 4750 3068 4831 exigebantur,
3121 4756 3338 4830 utpote
3397 4748 3778 4830 sapientiam
3838 4752 3932 4814 in·

2425 4849 2742 4923 tellectuS‚
2805 4846 3189 4910 munditiam
3265 4847 3519 4920 mentis,
3589 4846 3928 4912 scientiam

2428 4966 2640 5010 rerum
2671 4945 2994 5027 totiusque
3024 4945 3268 5007 ordinis
3297 4945 3606 5018 universi,
3634 4945 3932 5026 perfecti-

2425 5063 2615 5109 onem
2646 5060 2901 5126 quoque
2932 5043 3238 5104 virtutum
3274 5041 3699 5116 heroicarum,
3725 5044 3928 5108 multo

2426 5142 2768 5206 sublimius
2813 5159 3007 5223 quam
3052 5158 3130 5202 ex
3177 5139 3574 5202 naturalibus
3619 5141 3753 5202 suis
3797 5143 3928 5204 adi-

2428 5241 2591 5325 pisci
2629 5239 2798 5302 valet
2834 5239 3027 5302 homo
3065 5237 3370 5300 mortalis.
3403 5237 3594 5300 Recte
3633 5256 3785 5320 ergo
3821 5241 3928 5304 de-
