4300 6259
1138 521 1218 567 ΠΕ
1258 521 1486 568 LmnNR
1527 521 1908 568 cnmsrlatu:
1949 519 2253 578 Tuscum,
2296 522 2471 570 uultu
2514 524 2555 570 1.
2600 545 2681 555 —
2724 527 2861 574 Am.
2908 529 2973 574 XI

3489 512 3609 576 245

501 687 661 770 quia
702 691 1244 772 quemadmodum
1283 690 1473 753 habet
1519 709 1622 754 res
1666 690 2003 774 perfectio·
2033 689 2086 754 A
2115 699 2179 755 te
2224 694 2510 767 materia,
2558 713 2769 779 neque
2812 715 2951 760 esse
2995 697 3249 760 formati
3293 699 3611 781 depende-

501 805 658 850 nem
689 789 990 870 primam,
1015 789 1108 852 sic
1137 788 1332 852 habet
1359 797 1422 852 et
1459 791 1824 855 secundam.
1857 789 2005 852 Nul-

501 884 566 948 la
615 904 766 966 ergo
815 887 971 949 unio
1011 886 1516 950 substantialiter
1555 887 2000 950 distinctorum

499 983 676 1046 inest
703 985 834 1048 Deo
862 991 1081 1048 sancto
1118 993 1182 1048 et
1218 985 1490 1048 excelso.
1525 985 1618 1048 Ob
1657 986 1720 1048 id
1762 985 2003 1068 quippe

499 1081 572 1142 in
627 1081 866 1146 Ethicis
905 1083 1067 1145 dixit
1097 1083 1490 1156 AristoteleS,
1523 1084 1720 1148 vitam
1761 1085 1870 1147 Dei
1913 1084 2002 1146 in-

499 1180 1034 1244 commutabilem
1121 1180 1546 1263 stabilemque
1631 1183 2000 1254 consistere,

498 1279 812 1359 quoniam
837 1279 980 1360 ejus
1009 1287 1234 1342 natura
1269 1279 1544 1363 simplex
1585 1288 1681 1343 est
1719 1287 1784 1342 et
1821 1299 1998 1363 pura.

495 1375 732 1439 Nostra
759 1394 911 1439 vero
939 1378 1068 1440 vita
1099 1377 1502 1442 multiformis
1532 1385 1629 1440 est
1656 1377 1738 1440 ob
1771 1385 2003 1442 naturae

496 1474 1060 1556 compositionem.

585 1571 778 1634 Porro
821 1571 888 1634 in
931 1574 1180 1635 cunctis
1223 1591 1439 1636 rerum
1482 1573 1816 1636 ordinibus
1855 1591 2002 1636 con·

495 1670 842 1752 spicimus,
877 1670 940 1732 id
972 1671 1142 1753 quod
1171 1672 1454 1753 primum
1487 1679 1584 1734 est
1623 1673 1686 1734 in
1727 1672 2000 1754 quadam

497 1768 926 1850 perfectione,
954 1771 1324 1852 supergredi
1357 1771 1730 1852 dignitatem
1763 1779 2000 1834 cetero-

2113 797 2209 852 ret
2250 810 2287 853 a
2334 793 2597 855 materia
2634 793 2774 874 (sed
2820 795 2953 858 haec
2998 795 3315 878 posterius
3358 795 3613 876 plenius

2113 887 2655 971 elucidabuntur).
2676 891 2977 956 Divinum
3008 902 3220 956 autem
3248 911 3615 977 esse,quum

2115 985 2199 1047 sit
2245 994 2424 1049 actus
2469 1007 2690 1070 puruS,
2738 991 2803 1052 in
2848 992 3133 1073 potentia
3178 991 3379 1074 recipi
3426 998 3616 1054 mate-

2115 1082 2308 1147 riaeve
2356 1084 2544 1148 inniti
2596 1089 2837 1169 nequit.
2886 1088 3023 1151 Non
3068 1097 3165 1151 est
3209 1089 3404 1171 igitur
3446 1089 3614 1152 Deus

2113 1198 2368 1264 corpus.
2420 1183 2694 1266 Ideoque
2751 1193 2977 1248 octavo
3028 1187 3437 1269 physicorum
3486 1187 3613 1270 pri-

2115 1297 2294 1342 mum
2333 1287 2644 1344 motorem
2686 1284 2975 1345 nominat
3003 1283 3372 1346 Aristoteles
3412 1283 3615 1348 omni-

2113 1393 2197 1438 no
2248 1377 2697 1460 incorporeum
2756 1389 2819 1442 et
2880 1381 3303 1455 immobilem,
3365 1382 3609 1446 nullam

2111 1490 2373 1556 prorsus
2423 1475 2766 1540 habentem
2816 1479 3341 1560 magnitudinem.
3396 1480 3609 1542 Enim·

2111 1591 2264 1636 vero
2294 1591 2527 1656 corpus
2555 1592 2769 1650 omne,
2800 1595 2915 1640 ens
2945 1586 3042 1641 est
3082 1597 3197 1661 per
3237 1579 3413 1641 aliud
3458 1578 3605 1641 fini-

2109 1677 2248 1732 tum
2296 1679 2361 1734 et
2404 1672 2731 1754 impurum
2778 1692 2791 1736 :
2839 1695 2981 1758 quae
3027 1676 3155 1739 Deo
3202 1695 3330 1740 non
3374 1695 3607 1741 conve-

2111 1769 2313 1830 niunt.
2330 1769 2629 1832 Mentitur
2654 1770 2867 1854 itaque
2892 1771 3179 1855 perfidus
3204 1774 3608 1849 Manichoeus,

493 1885 656 1928 rum
691 1885 704 1929 :
739 1868 1274 1949 quemadmodum
1311 1869 1372 1932 in
1403 1869 1628 1932 ordine
1667 1869 1997 1933 sensitivo-
2037 1863 2084 1925 B
2113 1867 2225 1947 qui
2268 1867 2467 1930 Deum
2506 1869 2789 1951 appellat
2830 1889 3197 1952 corpoream
3232 1872 3463 1947 lucem,
3496 1891 3612 1956 per

495 1982 678 2037 rum,
711 1964 902 2028 homo
945 1965 1188 2028 ratione
1235 1966 1686 2029 intellectualis
1737 1967 1998 2030 luminis

493 2070 864 2126 ceterorum
897 2064 1350 2127 sensitivorum
1384 2064 1590 2146 legem
1619 2065 1850 2128 evadit.
1885 2065 2000 2128 lta-

489 2179 634 2242 que
665 2161 732 2223 in
761 2162 984 2224 ordine
1013 2162 1406 2245 simplicium
1449 2171 1839 2236 naturarum,
1875 2165 2002 2247 pri-

492 2277 610 2320 ma
661 2265 884 2322 natura
928 2259 1194 2322 aliarum
1257 2260 1515 2323 excellit
1571 2261 2000 2324 conditionem

489 2374 622 2438 per
653 2355 875 2431 hoc,ut
904 2357 1146 2421 nullam
1178 2358 1408 2421 habeat
1437 2359 1734 2441 potentiae
1763 2360 2004 2423 admix-

489 2455 749 2518 tionem
783 2473 798 2517 :
833 2455 1204 2518 immunitas
1234 2458 1408 2520 enim
1441 2475 1478 2520 a
1507 2457 2001 2540 potentia‚altis-

485 2552 670 2614 sima
697 2561 793 2615 est
820 2553 1148 2636 perfectio,
1183 2554 1466 2618 Primum
1513 2555 1704 2636 igitur
1745 2556 2002 2636 penitus

485 2649 779 2732 simplex
821 2661 940 2724 est,
973 2659 1036 2714 et
1077 2670 1114 2714 a
1155 2653 1438 2735 potentia
1480 2652 1776 2715 liberum.
1812 2653 2000 2728 Quid-

479 2748 664 2830 quid
693 2749 907 2830 itaque
936 2757 1034 2811 est
1063 2750 1128 2812 in
1161 2750 1312 2824 Dec,
1343 2758 1440 2813 est
1477 2750 1642 2813 Deus
1669 2769 1684 2828 ;
1718 2759 1780 2813 et
1820 2751 2000 2833 quid-

479 2846 662 2928 quid
699 2847 864 2909 Deus
907 2855 1024 2922 est,
1057 2848 1176 2912 hoc
1217 2855 1314 2910 est
1351 2849 1488 2931 ipse
1528 2849 1820 2912 totaliter.
1855 2849 1999 2912 Pro-

479 2953 724 3027 pterea
771 2963 1028 3028 quoque
1077 2947 1332 3008 Proclus
1379 2948 1468 3010 ait
1509 2965 1522 3010 :
1565 2947 1784 3010 Omnis
1839 2949 1996 3010 deus

2115 1963 2447 2028 infinitum
2478 1967 2757 2048 spatium
2791 1967 3146 2032 distentam.
3184 1969 3425 2032 Rursus
3454 1970 3611 2034 anti-

2113 2081 2387 2143 quorum
2418 2083 2495 2126 ex
2526 2064 2647 2126 hoc
2677 2064 2873 2127 claret
2902 2067 3292 2150 ruditaS,qui
3324 2068 3415 2130 nil
3448 2068 3613 2130 ultra

2115 2161 2445 2224 sensibilia
2498 2162 2868 2226 asserebant
2923 2183 3081 2226 esse.
3136 2165 3258 2228 Sed
3318 2175 3380 2228 et
3436 2183 3613 2229 error

2115 2259 2577 2340 Epicureorum
2610 2280 2782 2324 nunc
2822 2270 3015 2344 patet,
3050 2263 3161 2344 qui
3201 2263 3353 2326 deos
3396 2281 3613 2346 corpo·

2115 2375 2257 2419 reos
2286 2357 2615 2439 putabant.
2651 2357 3083 2441 Omniumque
3128 2368 3376 2424 constat
3412 2361 3613 2442 genti-

2114 2453 2273 2516 lium
2334 2454 2522 2517 modo
2578 2456 2855 2530 vesania,
2919 2457 3031 2539 qui
3092 2457 3195 2520 vel
3248 2458 3612 2522 manufacta

2113 2551 2302 2626 idola,
2334 2558 2445 2614 aut
2472 2551 2804 2628 elementa,
2837 2554 2939 2616 vel
2972 2563 3143 2617 certe
3182 2554 3473 2619 coelestes
3514 2573 3611 2618 or·

2111 2649 2225 2712 bes
2252 2657 2363 2712 aut
2408 2650 2663 2714 illorum
2710 2652 2918 2715 sidera
2962 2661 3265 2735 tanquam
3314 2653 3604 2717 divinum

2109 2765 2250 2810 esse
2294 2746 2647 2810 coluerunt.

2189 2846 2505 2928 AmpliuS,
2538 2846 2743 2910 virtus
2788 2865 3093 2930 corporea
3138 2849 3271 2912 haec
3314 2857 3431 2924 est,
3466 2869 3609 2933 quae

2109 2943 2174 3006 in
2220 2944 2443 3024 maiori
2483 2961 2748 3027 corpore
2794 2947 2997 3026 major
3034 2952 3152 3020 est,
3186 2955 3250 3009 et
3294 2948 3503 3010 minor
3541 2949 3607 3010 in

479 3043 714 3104 unitas
735 3051 832 3105 est
863 3062 976 3126 per
1004 3063 1072 3107 se
1103 3043 1403 3127 perfecta.
1443 3045 1518 3108 Et
1543 3046 1612 3107 in
1647 3044 1810 3109 libro
1841 3047 1994 3111 Cau·
2027 3040 2070 3105 C
2109 3043 2341 3104 minori
2378 3058 2391 3104 :
2426 3043 2594 3104 unde
2627 3062 2741 3126 per
2766 3043 3063 3106 accidens
3103 3043 3449 3107 divisibilis
3488 3051 3605 3118 est,

473 3159 716 3203 sarum
757 3140 992 3204 dicitur
1027 3159 1040 3204 τ
1073 3143 1141 3205 ln
1188 3143 1316 3206 Deo
1351 3161 1480 3206 non
1519 3151 1616 3206 est
1658 3145 1992 3208 modorum

471 3237 860 3320 aliquorum
904 3239 1261 3303 diversitaS.

919 3505 1409 3570 ARTICULUS
1455 3505 1576 3569 XI.

475 3653 688 3720 Quod
720 3654 896 3713 Deus
939 3671 1054 3710 nec
1099 3653 1184 3710 sic
1227 3671 1482 3728 eorpus,
1527 3673 1734 3732 neque
1781 3654 1996 3712 virtus

567 3758 906 3816 corporea,
947 3759 1064 3800 nec
1105 3743 1320 3801 virtus
1364 3743 1434 3800 in
1471 3761 1760 3818 corpore,
1794 3761 1996 3820 neque

569 3833 868 3904 corporis
917 3831 1148 3891 virtus,

623 4025 828 4090 ORRO
871 4045 1102 4108 corpus
1143 4045 1334 4089 omne
1375 4027 1698 4090 divisibile
1741 4035 1856 4098 est,
1891 4028 1994 4090 ha-

655 4125 812 4187 bens
845 4132 1054 4206 partes
1099 4125 1340 4206 priores
1379 4143 1488 4202 se;
1521 4125 1740 4188 divino
1777 4132 1990 4188 autem

2107 3140 2652 3220 quemadmodum
2702 3140 2873 3202 calor
2922 3149 2985 3202 et
3034 3141 3309 3204 siccitaS.
3363 3141 3605 3216 Denu0,

2107 3237 2312 3299 virtus
2350 3237 2495 3299 talis
2540 3256 2577 3298 a
2620 3237 2976 3301 substantia
3025 3239 3311 3320 corporis
3353 3246 3608 3302 emanat

2107 3342 2171 3396 et
2214 3333 2505 3414 subjecto
2544 3335 2725 3397 inest.
2776 3336 2917 3400 Haec
2956 3344 3167 3400 autem
3206 3336 3429 3399 divino
3466 3355 3605 3400 esse

2106 3449 2236 3494 non
2266 3439 2626 3513 congruunt
2660 3449 2673 3495 :
2708 3451 2835 3496 non
2868 3442 2963 3496 est
2996 3435 3189 3516 igitur
3227 3435 3445 3498 divina
3483 3434 3607 3496 vir-

2104 3537 2208 3592 tus
2237 3547 2539 3613 corporea
2569 3531 2919 3612 cogitanda.

2184 3627 2501 3708 AmpliuS,
2532 3628 2737 3692 virtus
2768 3629 2832 3690 in
2867 3645 3132 3710 corpore
3162 3636 3279 3703 est,
3312 3649 3453 3711 quae
3482 3629 3600 3692 etsi

2104 3726 2397 3807 subjecto
2426 3744 2552 3789 non
2588 3727 2853 3790 inhaeret
2883 3735 2993 3789 aut
3026 3745 3263 3810 organo
3290 3729 3597 3811 corporiS‚

2103 3833 2318 3887 tamen
2361 3824 2671 3907 perfectio
2710 3833 2805 3886 est
2844 3834 2906 3887 et
2946 3827 3325 3908 specificum
3367 3827 3600 3909 princi-

2106 3924 2309 4005 pium,
2347 3930 2416 3985 ut
2452 3931 2547 3986 est
2586 3924 2905 3986 humanus
2936 3924 3321 3988 intellectus.
3354 3925 3601 4009 Quippe

2103 4023 2307 4084 virtus
2358 4022 2501 4083 talis
2542 4023 2606 4083 in
2646 4023 2893 4103 operari
2944 4030 3007 4084 et
3050 4042 3187 4086 esse
3237 4024 3600 4106 dependen-

2104 4122 2256 4183 tiam
2302 4121 2643 4202 quamdam
2695 4119 2885 4183 habet
2922 4121 3001 4184 ad
3040 4139 3295 4206 corpuS,
3342 4131 3405 4186 et
3453 4141 3601 4186 cum

471 4244 638 4290 esse
675 4223 832 4286 nihil
865 4223 1120 4307 penitus
1153 4223 1330 4306 prius
1361 4232 1456 4286 est
1481 4241 1494 4285 :
1520 4242 1644 4287 non
1677 4233 1773 4288 est
1803 4225 1995 4305 igitur
2024 4224 2073 4287 D
2103 4219 2229 4281 alio
2260 4220 2541 4301 speciem
2588 4219 2942 4291 constituit,
2975 4228 3039 4282 et
3068 4231 3163 4283 est
3193 4222 3257 4284 in
3290 4222 3595 4305 potentia,

473 4327 670 4389 Deus
699 4341 950 4405 corpus,
984 4322 1310 4394 Praeterea‚
1345 4341 1577 4404 corpus
1605 4341 1798 4386 omne
1827 4341 1996 4385 com-

473 4423 778 4508 positum
811 4428 946 4498 est;
979 4420 1145 4483 Deus
1175 4428 1388 4484 autem
1434 4428 1528 4482 est
1568 4421 1998 4483 substantiali-

473 4531 592 4584 ter
655 4518 864 4582 unitas
925 4537 1104 4600 pura.
1156 4518 1402 4590 Adhuc,
1455 4519 1664 4581 omnis
1712 4519 1995 4600 corporis

471 4637 638 4683 esse
683 4615 1052 4699 dependens
1095 4623 1192 4678 est
1234 4622 1298 4678 et
1337 4615 1650 4697 indigens,
1692 4616 1996 4698 quoniam

471 4717 752 4780 unitum
783 4732 974 4777 omne
1007 4713 1288 4796 indiget3
1321 4713 1612 4776 divinum
1652 4722 1864 4777 autem
1907 4734 1999 4777 es-

469 4835 560 4879 se
604 4812 1044 4895 independens
1083 4820 1198 4875 est.
1236 4814 1492 4886 lterum,
1535 4831 1674 4875 esse
1715 4813 2000 4896 corporis

469 4913 710 4978 omnis
751 4918 1081 4974 causatum
1131 4917 1246 4984 est,
1290 4929 1491 4992 quum
1539 4911 1622 4972 sit
1671 4919 1998 4992 receptum

471 5015 560 5076 in
615 5010 922 5092 potentia,
975 5026 1102 5071 non
1153 5007 1488 5071 sufficiens
1539 5027 1606 5070 se
1654 5009 1884 5070 fulcire
1935 5009 1999 5071 in

471 5109 869 5190 semetipso,
903 5107 1014 5170 sed
1047 5106 1490 5187 susceptaculo
1522 5107 1822 5169 innitens.
1857 5106 2003 5170 Nul-

475 5210 556 5271 la
589 5224 872 5287 namque
913 5203 1268 5267 informans
1308 5202 1512 5266 forma
1553 5203 1744 5266 habet
1785 5223 1924 5266 esse
1967 5223 2004 5266 a

473 5325 564 5371 se
601 5323 618 5368 z
655 5305 746 5366 sic
788 5303 966 5366 enim
1010 5320 1136 5366 non
1181 5302 1494 5384 indigeret
1537 5321 1604 5365 se
1649 5311 2003 5366 sustentan-

2104 4319 2583 4400 proportionem
2633 4317 2875 4380 habens
2925 4320 3003 4381 ad
3048 4322 3425 4383 materiam:
3461 4341 3603 4404 quae

2102 4417 2319 4480 omnia
2350 4417 2519 4479 clara
2550 4425 2699 4480 sunt
2739 4417 2802 4478 in
2847 4427 3070 4480 natura
3107 4421 3431 4484 rationalis
3468 4421 3602 4483 ani-

2107 4535 2244 4576 mae.
2298 4514 2792 4596 simplicissimo
2838 4525 3050 4579 autem
3106 4527 3169 4580 et
3223 4535 3385 4600 puro
3430 4519 3601 4580 actui

2107 4613 2240 4674 haec
2290 4631 2415 4675 non
2468 4621 2859 4694 competunt.
2911 4615 3045 4677 Non
3094 4625 3189 4678 est
3238 4635 3387 4696 ergo
3434 4617 3602 4678 Deus

2108 4712 2392 4793 corporis
2433 4709 2742 4793 perfectio
2780 4731 2891 4774 seu
2932 4713 3305 4775 entelechia.
3353 4714 3598 4785 Adhuc,

2107 4809 2311 4871 virtus
2372 4809 2435 4870 in
2498 4825 2761 4890 corpore
2818 4811 3067 4890 corpori
3133 4811 3603 4893 proportionata

2109 4915 2245 4984 est;
2278 4907 2492 4969 divina
2530 4915 2743 4968 autem
2776 4907 3001 4979 virtus,
3037 4927 3233 4988 quum
3276 4910 3359 4972 sit
3397 4911 3605 4991 prima

2110 5014 2174 5066 et
2219 5004 2477 5066 fontana
2516 5003 2741 5075 virtuS‚
2774 5003 3156 5086 simpliciter
3187 5007 3467 5088 perfecta
3510 5015 3607 5069 est

2110 5111 2175 5165 et
2204 5102 2459 5184 penitus
2492 5101 2809 5163 illimitata
2843 5119 2855 5162 ε
2891 5119 3017 5164 non
3056 5111 3154 5165 est
3182 5104 3377 5184 igitur
3404 5105 3607 5168 virtus

2113 5202 2180 5263 in
2221 5218 2503 5282 corpore.

2195 5301 2382 5364 Porro
2402 5301 2605 5362 virtus
2634 5300 2918 5383 corporis
2950 5300 3085 5384 ipsa
3105 5309 3204 5364 est
3222 5321 3362 5386 quae
3390 5322 3613 5366 secun-
