4300 6259
652 1304 921 1355 Rom.v111,3.

652 1400 755 1445 Luc.
767 1406 922 1454 xixdo.

647 2054 671 2095 2
687 1990 853 2035 Ioann.
880 2005 911 2046 1,

674 2055 715 2097 ⁹.

628 2374 647 2421 1
666 2375 780 2421 Tim.
800 2379 906 2430 ι,15.

948 510 1071 575 450
1580 526 1659 573 nn
1700 526 1926 574 minua
1968 525 2350 574 CHRISTIANAE
2390 525 2690 584 runcum,
2735 526 2912 572 tiana
2953 526 3016 572 u.
3050 543 3130 556 --
3170 526 3309 571 ART.
3355 524 3438 571 m

946 697 1192 759 tionem
1260 701 1638 777 congrueret
1698 695 1899 758 Deum
1962 694 2297 758 incarnari.
2361 694 2455 757 Si-
2481 695 2532 757 A
2561 694 2753 757 etiam
2783 693 2894 757 ille
2924 694 3036 777 qui
3067 694 3234 757 inter
3271 694 3554 757 animam
3593 702 3659 758 et
3693 712 3884 779 corpus
3910 716 3978 761 ce-

950 792 1212 875 quidem
1258 792 1535 856 vinculis
1594 801 1999 875 peccatorum
2060 793 2260 856 vincti
2319 811 2452 855 era·
2561 800 2856 873 terasque
2888 794 3202 874 potentias
3233 793 3627 868 servabatur,
3657 794 3867 856 ablatus
3895 804 3975 857 est.

952 911 1112 965 muS,
1166 910 1247 953 ne
1291 891 1368 953 ad
1420 892 1695 974 propriae
1744 891 2159 955 beatitudinis
2208 891 2450 955 fontem
2563 890 2871 963 Quoniam
2903 899 3115 954 autem
3150 892 3271 954 hoc
3302 891 3632 973 originalis
3664 892 3885 973 justitiae
3904 894 3981 956 do-

950 990 1309 1073 pertingere
1341 1007 1695 1072 possemus.
1730 990 1878 1053 Erat
1917 990 2131 1071 itaque
2171 997 2302 1053 tota
2342 990 2456 1051 hu·
2563 1008 2718 1051 num
2750 989 2961 1071 primo
2987 990 3233 1072 parenti
3267 989 3360 1052 sic
3401 989 3701 1071 largitum
3731 989 3908 1063 fuerat,
3933 1000 3983 1053 ut

950 1088 1125 1150 mani
1170 1088 1421 1168 generis
1480 1094 1704 1150 natura
1759 1087 2053 1169 originali
2112 1088 2304 1170 culpa
2362 1087 2454 1149 in·
2559 1086 2641 1148 ab
2671 1105 2748 1150 eo
2777 1094 3075 1169 tanquam
3105 1095 3344 1151 naturae
3373 1088 3695 1172 principio
3720 1088 3778 1151 in
3803 1096 3982 1152 eeteros

950 1185 1118 1249 secta
1164 1203 1178 1247 :
1228 1185 1310 1249 ob
1359 1186 1545 1267 cujus
1593 1186 1800 1269 culpae
1849 1185 2233 1249 deletionem
2278 1184 2454 1248 venit
2563 1184 2756 1247 simul
2815 1204 2962 1248 cum
3023 1194 3248 1248 natura
3305 1193 3773 1269 propagaretur,
3821 1205 3982 1249 conse·

953 1284 1151 1346 Filius
1170 1284 1282 1347 Dei
1314 1284 1381 1347 in
1412 1284 1905 1347 similitudinem
1936 1284 2146 1347 carnis
2178 1283 2448 1366 peceati,
2562 1302 2766 1365 quens
2825 1284 2967 1357 ruit,
3031 1292 3098 1345 ut
3157 1284 3551 1366 protoplasto
3621 1285 3848 1348 homine
3897 1285 3983 1347 hac

950 1382 1119 1444 sicut
1164 1382 1232 1445 in
1267 1381 1438 1445 Luca
1486 1382 1795 1464 scriptum
1846 1390 1943 1445 est
1976 1400 1991 1444 :
2024 1383 2214 1445 Venit
2253 1382 2451 1445 Filius
2562 1382 2810 1463 privato
2836 1381 3107 1462 justitia,
3128 1382 3364 1464 posteri
3395 1400 3654 1465 quoque
3681 1384 3866 1445 eadem
3891 1383 3984 1464 pri-

950 1480 1231 1544 hominis
1280 1499 1565 1562 quaerere
1612 1487 1676 1543 et
1722 1481 1969 1544 salvum
2022 1480 2231 1543 facere
2279 1480 2449 1561 quod
2562 1487 3073 1542 varentur:nam
3102 1487 3314 1543 amota
3343 1499 3556 1554 causa,
3588 1481 3834 1543 effectus
3857 1498 3983 1543 amo-

949 1578 1248 1660 perierat.
1284 1577 1403 1641 Ubi
1432 1579 1826 1658 Augustinus
1856 1579 1984 1641 ait:
2018 1578 2138 1642 Sed
2172 1580 2226 1641 si
2257 1579 2451 1642 homo
2559 1584 2764 1639 vetur.
2829 1578 3005 1641 Unde
3065 1578 3306 1641 factum
3366 1585 3485 1651 est,
3549 1586 3622 1640 ut
3674 1596 3863 1641 omnes
3915 1578 3982 1639 illi

945 1694 1072 1740 non
1119 1684 1467 1759 peccasset,
1507 1676 1704 1739 Filius
1744 1677 2023 1740 hominis
2069 1696 2195 1740 non
2241 1676 2449 1740 venis·
2559 1675 2848 1738 defectus
2897 1676 3092 1757 hujus
3147 1676 3413 1757 justitioe
3471 1675 3834 1739 ablationem
3879 1694 3987 1737 con-

944 1784 1062 1839 set.
1109 1776 1285 1850 Quod
1332 1783 1547 1839 autem
1596 1776 1675 1838 ad
1723 1776 2051 1857 originalis
2100 1775 2307 1859 culpae
2355 1795 2447 1839 re·
2560 1780 2920 1855 sequenteS,
2968 1774 3033 1836 in
3090 1775 3318 1837 ceteris
3369 1775 3583 1837 locum
3631 1774 3871 1837 habeant
3903 1774 3986 1855 qui

943 1874 1229 1937 medium
1257 1875 1505 1937 venerit
1537 1874 1846 1948 ChristuS‚
1877 1882 2147 1937 testatur
2173 1874 2446 1938 loannes
2474 1874 2520 1935 B
2559 1872 2830 1934 naturali
2877 1871 3100 1934 ordine
3143 1872 3516 1953 gignuntur,
3565 1881 3778 1955 utputa
3805 1890 3817 1935 :
3849 1872 3985 1933 infir·

941 1971 1243 2054 Baptista,
1286 1972 1438 2035 dum
1479 1972 1569 2034 ait
1607 1990 1620 2034 :
1656 1971 1817 2034 Eece
1859 1972 2075 2054 Agnus
2116 1972 2251 2045 Dei,
2293 1990 2445 2035 ecce
2557 1968 2743 2030 mitas
2775 1975 2839 2030 et
2870 1985 3040 2031 mors
3080 1969 3287 2051 quoad
3329 1970 3639 2052 primum,
3673 1970 3896 2033 rebellio
3919 1970 3985 2031 vi-

940 2070 1052 2152 qui
1110 2070 1279 2134 tollit
1332 2078 1597 2152 peccata
1656 2071 1900 2133 mundi.
1964 2070 2440 2145 Verumtamen,
2554 2066 2724 2128 rium
2753 2066 3206 2139 sensitivarum
3237 2076 3458 2131 contra
3499 2070 3794 2132 rationem
3827 2068 3985 2149 quoad

938 2168 1132 2231 etiam
1161 2176 1423 2251 propter
1452 2168 1800 2231 actualium
1842 2176 2275 2251 peccatorum,
2311 2170 2442 2231 imo
2553 2163 2931 2239 secundum,
2977 2172 3042 2227 et
3088 2164 3386 2229 debilitas
3435 2166 3787 2229 intellectus
3815 2184 3876 2228 ac
3906 2165 3986 2228 ob-

936 2266 1229 2329 omnium
1279 2266 1626 2329 criminum
1684 2266 2040 2330 remedium
2100 2267 2299 2340 venit,
2353 2266 2445 2329 di·
2554 2263 2813 2344 liquitas
2843 2263 3189 2327 voluntatis
3219 2265 3430 2347 quoad
3459 2266 3734 2329 tertium.

937 2372 1121 2428 cente
1151 2363 1454 2446 Apostolo
1486 2381 1501 2425 ε
1529 2365 1717 2427 Venit
1741 2365 1921 2428 Jesus
1955 2364 2021 2426 in
2053 2365 2225 2427 bunc
2259 2384 2440 2427 mun·
2635 2361 2755 2424 Sed
2799 2361 2933 2441 jam
2986 2370 3178 2425 restat
3221 2363 3776 2435 manifestandum,
3815 2382 3908 2425 cur
3937 2372 3985 2425 et

936 2463 1091 2526 dum
1123 2470 1493 2545 peccatores
1523 2463 1732 2526 salvos
1760 2462 1991 2525 facere.
2552 2460 3095 2541 quemadmodum
3153 2461 3349 2542 hujus
3406 2461 3731 2544 originalis
3778 2461 3984 2543 justitiae

1014 2561 1226 2635 Porro,
1244 2561 2142 2642 quemadmodumAnselmus
2173 2562 2440 2643 ait,pec-
2550 2558 2826 2621 carentia
2870 2558 2936 2620 in
2987 2559 3259 2640 posteris
3303 2559 3536 2624 habeat
3582 2563 3860 2625 rationem
3891 2558 3986 2621 cul-

934 2665 1147 2721 catum
1217 2658 1527 2740 originale
1593 2667 1689 2721 est
1755 2658 2043 2722 defectus
2108 2660 2438 2741 originalis
2549 2675 2665 2737 pae.
2728 2658 2798 2719 ln
2855 2657 3084 2739 primis
3142 2658 3400 2739 quidem
3460 2660 3658 2740 igitur
3707 2677 3986 2740 agnoscen-

927 2756 1193 2837 justitiae
1259 2756 1489 2821 debitae
1546 2757 1778 2832 inesse,
1838 2776 1951 2819 seu
2011 2776 2160 2819 cum
2222 2757 2437 2821 debito
2548 2753 2725 2828 dum,
2772 2754 2942 2837 quod
2984 2756 3084 2835 (ut
3129 2755 3516 2840 Porphyrius
3558 2757 3679 2839 ait)
3717 2756 3986 2840 participa·

930 2854 1208 2918 habendi
1250 2873 1411 2918 eam.
1444 2855 1562 2917 Pro
1602 2855 1787 2936 cujus
1830 2854 2250 2936 intelligentia
2291 2874 2438 2920 con·
2547 2850 2720 2914 tione
2779 2852 3016 2933 speciei
3075 2853 3294 2935 plures
3343 2854 3642 2918 homines
3687 2863 3818 2917 sunt
3857 2872 3984 2915 unus

928 2953 1241 3015 tuendum
1290 2960 1408 3024 est,
1462 2953 1817 3015 secundum
1865 2953 2021 3015 fidei
2078 2954 2432 3017 doctrinam
2545 2948 2757 3012 homo.
2813 2950 2988 3012 Unde
3049 2951 3216 3013 sicut
3277 2951 3343 3013 in
3395 2971 3522 3014 una
3572 2970 3824 3034 persona
3870 2956 3984 3012 sunt

929 3050 1258 3113 hominem
1302 3050 1803 3133 primordialiter
1840 3051 1933 3113 sic
1975 3051 2340 3115 institutum
2371 3060 2436 3115 et
2464 3055 2508 3119 C
2547 3048 2732 3129 plura
2791 3047 3102 3122 membra,
3165 3049 3253 3111 ita
3309 3050 3375 3112 in
3437 3070 3564 3113 una
3620 3058 3826 3113 natura
3871 3054 3986 3110 sunt

931 3150 1261 3214 conditum
1307 3150 1530 3223 fuisse,
1564 3156 1635 3211 ut
1676 3167 1909 3231 corpus
1949 3151 2181 3214 animae
2224 3150 2435 3232 subJe-
2545 3145 2762 3209 multae
2804 3164 3111 3229 personae.
3156 3147 3224 3211 In
3276 3148 3416 3229 ipsa
3458 3148 3656 3230 igitur
3699 3148 3866 3232 primi
3902 3164 3982 3227 pa-

932 3255 1107 3311 ctum
1166 3254 1337 3310 esset
1384 3265 1398 3309 ε
1450 3248 1543 3309 sic
1591 3248 1761 3329 quod
1810 3247 1989 3310 nulla
2046 3248 2111 3309 in
2169 3266 2434 3331 corpore
2542 3244 2740 3307 rentis
2799 3252 3026 3307 natura
3090 3262 3310 3308 omnes
3380 3248 3623 3328 posteri
3689 3244 3984 3310 virtualiter

930 3353 1147 3427 posset
1179 3346 1391 3428 passio
1428 3345 1605 3419 oriri,
1637 3364 1780 3428 quae
1822 3344 2107 3427 perfecto
2147 3346 2434 3409 dominio
2541 3342 3036 3406 continebantur
3071 3344 3250 3406 velut
3288 3344 3582 3426 quaedam
3614 3344 3874 3408 membra
3903 3360 3982 3402 na-

929 3443 1161 3507 animae
1203 3462 1397 3526 super
1437 3461 1665 3525 corpus
1706 3444 2061 3507 obsisteret.
2098 3445 2273 3507 Unde
2314 3464 2432 3509 nee
2538 3448 2716 3505 turae.
2765 3441 2942 3504 Sicut
2983 3460 3134 3523 ergo
3177 3442 3447 3505 diversis
3496 3444 3791 3507 membris
3832 3440 3982 3503 unius

933 3559 1103 3604 mors
1165 3560 1374 3624 neque
1434 3541 1775 3604 infirmitas
1833 3542 2115 3605 humano
2181 3545 2432 3625 corpori
2540 3539 2822 3603 hominis
2871 3540 3057 3623 plura
3105 3540 3380 3603 crimina
3426 3540 3617 3617 fiunt,
3667 3561 3796 3625 quae
3837 3540 3982 3601 ratio-

930 3639 1288 3702 secundum
1334 3639 1783 3721 hujuscemodi
1842 3647 2077 3703 statum
2126 3642 2426 3705 inessent.
2541 3656 2688 3700 nem
2733 3638 2938 3721 culpae
2981 3638 3240 3713 babent,
3288 3656 3414 3702 non
3461 3640 3778 3704 voluntate
3823 3655 3982 3701 mem·

929 3738 1195 3811 RursuS,
1241 3738 1334 3801 sie
1383 3737 1591 3800 factus
1637 3746 1736 3800 est
1780 3738 1996 3813 homo,
2039 3748 2110 3801 ut
2157 3746 2222 3803 et
2271 3740 2431 3804 infe·
2539 3736 2825 3811 brorum,
2857 3737 2968 3799 sed
3012 3737 3204 3819 primi
3251 3738 3591 3812 moventis,
3623 3746 3831 3822 utputa
3865 3754 3980 3798 con-

929 3836 1130 3899 riores
1186 3856 1456 3918 quaeque
1518 3837 1818 3919 potentiae
1874 3837 2106 3902 animae
2163 3857 2237 3901 ae
2295 3858 2434 3902 sen·
2540 3854 2731 3898 sensu
2776 3835 3080 3915 rationis;
3123 3836 3215 3898 sic
3255 3835 3363 3898 hic
3405 3836 3730 3918 originalis
3765 3834 3982 3916 justitiae

927 3935 1101 3997 sitivi
1132 3935 1453 4018 appetitus
1485 3936 1715 3998 rationi
1747 3935 1937 4018 plene
1967 3936 2430 4019 subderentur;
2540 3933 2827 3997 desectus
2865 3934 3178 3996 rationem
3215 3934 3422 4017 culpae
3464 3936 3720 3998 sortitur
3755 3954 3823 3997 ex
3849 3933 3979 3994 inor-

928 4034 1087 4095 ratio
1129 4050 1282 4095 vero
1326 4033 1451 4115 ipsi
1495 4034 1623 4097 Deo
1666 4033 1921 4096 subdita
1964 4042 2132 4098 esset
2167 4053 2180 4097 :
2215 4036 2302 4098 ita
2343 4044 2430 4099 ta-
2539 4033 2752 4095 dinata
2807 4032 3136 4095 voluntate
3193 4032 3388 4115 primi
3446 4033 3744 4116 principii
3799 4032 3853 4093 in
3893 4030 3980 4090 hu-

930 4131 1284 4213 men,quod
1314 4132 1465 4193 dum
1496 4131 1655 4194 ratio
1686 4131 1975 4195 ordinem
2008 4133 2426 4215 subjectionis
2541 4149 2726 4192 mana
2769 4130 3005 4213 specie,
3050 4130 3244 4212 primi
3289 4130 3538 4194 scilicet
3580 4130 3842 4213 parentis
3881 4145 3895 4189 ε
3931 4132 3982 4188 et

929 4247 1059 4292 suoe
1107 4229 1446 4303 desereret,
1494 4248 1702 4311 neque
1749 4247 1981 4312 corpus
2021 4232 2273 4307 animae,
2321 4252 2431 4296 ne·
2458 4234 2507 4297 D
2540 4229 2624 4291 ita
2668 4229 2992 4292 derivatur
3035 4228 3101 4290 in
3152 4236 3436 4311 posteros
3490 4229 3667 4293 velut
3717 4230 3774 4291 in
3823 4242 3981 4289 mem-

928 4344 1055 4408 que
1104 4326 1425 4390 sensitivae
1470 4328 1642 4389 vires
1692 4327 2100 4392 intellee'tivae
2147 4330 2425 4411 portioni
2539 4327 2652 4390 bra
2681 4335 2923 4391 naturae
2952 4327 3018 4389 in
3058 4326 3199 4409 ipso
3237 4327 3732 4410 primordialiter
3767 4324 3976 4387 vitiata.

925 4424 1207 4507 amplius
1257 4423 1529 4488 subdi'tae
1575 4434 1995 4488 remanerent.
2048 4427 2163 4489 Hic
2212 4436 2425 4491 autem
2534 4427 2752 4507 Ipsum
2782 4444 3016 4507 nempe
3048 4425 3589 4507 praevaricationis
3619 4426 3842 4488 crimen
3867 4422 3980 4483 Pro-

925 4530 1127 4585 status
1174 4540 1303 4604 quo
1348 4523 1441 4585 sic
1490 4542 1745 4605 semper
1790 4523 2059 4587 inferius
2108 4527 2425 4607 superiori
2535 4524 2818 4606 toplasti,
2874 4532 2938 4586 et
2995 4524 3330 4605 personale
3386 4532 3543 4599 erat,
3597 4524 3662 4586 in
3715 4526 3979 4605 quantum

924 4637 1041 4681 suo
1071 4626 1340 4701 pareret,
1374 4620 1700 4700 originalis
1734 4620 1983 4701 justitia
2019 4622 2274 4684 dicitur.
2310 4625 2428 4686 De-
2538 4631 2910 4705 peccantem
2969 4640 3306 4705 personam
3366 4623 3628 4705 proprio
3678 4622 3832 4684 bono
3879 4615 3980 4698 pri-

923 4718 1143 4799 nique,
1196 4718 1357 4780 ratio
1406 4736 1671 4799 peccare
1718 4718 1783 4779 in
1832 4719 2241 4801 Protoplastis
2291 4730 2424 4804 pot·
2535 4721 2729 4795 vavit,
2763 4729 2828 4784 et
2864 4721 3174 4794 naturale,
3210 4720 3568 4783 secundum
3599 4719 3758 4803 quod
3786 4716 3983 4787 sibi,et

922 4822 1075 4877 erat.
1109 4815 1406 4878 Nondum
1449 4815 1622 4877 enim
1662 4815 1943 4878 hominis
1980 4817 2275 4881 voluntas
2316 4820 2425 4881 fir·
2533 4838 2611 4882 ex
2641 4818 3056 4901 consequenti
3098 4836 3209 4881 seu
3249 4826 3554 4901 tanquam
3596 4838 3705 4903 per
3730 4814 3982 4879 accidens

924 4921 1092 4976 mata
1136 4932 1248 4977 seu
1298 4912 1750 4976 immobilitata
1795 4915 2038 4976 exstitit
2084 4916 2422 4999 adeptione
2531 4920 2726 4982 etiam
2785 4918 3056 5001 posteris
3123 4917 3278 4991 suiS‚
3343 4918 3410 4980 in
3475 4935 3636 4999 quos
3699 4909 3982 4996 originalis

920 5012 1133 5075 ultimi
1179 5012 1355 5074 finis.
1399 5011 1924 5093 Transgrediente
1967 5031 2117 5094 ergo
2159 5014 2420 5080 homine
2527 5016 2774 5098 justitia
2805 5015 3307 5078 transfundenda
3344 5015 3576 5090 fuerat,
3609 5013 3854 5078 abstulit
3885 5010 3980 5069 hoc

922 5111 1292 5173 mandatum
1320 5110 1433 5173 Dei
1463 5110 1529 5172 in
1560 5128 1673 5173 esu
1704 5109 1860 5191 ligni
1898 5112 2103 5187 vetiti,
2135 5113 2272 5177 haec
2301 5115 2422 5178 ori·
2533 5115 2773 5179 donum
2804 5122 3046 5177 naturae
3075 5112 3398 5177 collatum.
3435 5112 3640 5185 Quum
3676 5112 3837 5174 enim
3865 5122 3981 5189 pec-

916 5208 1145 5290 ginalis
1178 5208 1427 5290 justitia
1470 5216 1768 5290 corrupta
1806 5217 1937 5289 est3
1969 5217 2034 5272 et
2061 5230 2285 5276 aversa
2327 5213 2422 5276 in·
2533 5220 2745 5275 catum
2789 5212 3030 5274 malum
3069 5211 3390 5293 quoddam
3430 5211 3515 5273 sit
3560 5207 3864 5273 rationalis
3897 5220 3980 5265 na-

915 5307 1265 5375 tellectuali
1331 5308 1567 5370 virtute
1633 5308 1862 5373 animae
1926 5328 1963 5371 a
2030 5310 2180 5385 Deo,
2259 5312 2416 5375 ordo
2527 5320 2699 5388 turae,
2731 5312 2972 5374 malum
3016 5328 3169 5374 vero
3213 5309 3366 5374 boni
3405 5310 3606 5373 debiti
3649 5310 3844 5372 inesse
3878 5301 3978 5388 pri·
