4300 6259
168 818 331 861 loun.

169 895 267 931 xvn,
290 885 331 924 ³.

106 1117 119 1159 l
141 1116 235 1159 Cor.
261 1129 317 1157 xv

84 1184 143 1223 28.

82 1414 156 1455 lea
160 1426 333 1461 nnnnnnn

84 1478 143 1518 is.

88 2198 187 2239 land.
204 2212 246 2247 v,
268 2200 331 2239 19.

142 2397 247 2439 [bix.
266 2400 331 2439 io.

88 2789 241 2831 Matar
260 2802 330 2836 xx,

98 2984 226 3027 Mane.

128 3962 234 4005 [bid.
264 3967 325 4007 14.

973 534 1053 581 ΒΕ
1096 534 1321 581 boumn
1364 532 1750 580 cumsTuNAE
1792 531 2092 590 TnEomAE,
2140 532 2316 579 LIBER
2359 534 2421 580 11.
2468 552 2546 561 —
2589 534 2728 579 Am.
2775 534 2857 579 XX

3348 510 3463 577 411

362 706 583 779 bilem.
628 708 890 781 RursuS‚
925 706 989 769 in
1034 704 1365 787 evangelio
1402 703 1661 768 Ioannis
1703 702 1864 766 dixit
1892 702 1944 767 A
1975 712 2300 787 retorquet
2332 722 2346 767 :
2383 704 2643 767 metitur
2668 704 2910 788 quippe
2950 704 3282 767 veritatem
3313 700 3473 764 divi-

363 806 701 869 Salvator:
736 806 877 869 Haec
920 812 1017 868 est
1060 804 1189 866 vita
1233 810 1489 877 aeterna,
1524 811 1591 865 ut
1636 820 1865 885 cogno-

362 912 545 967 scant
590 911 653 967 te
702 905 909 967 solum
954 904 1155 966 Deum
1201 921 1447 965 verum.
1491 901 1673 965 Solus
1713 918 1863 981 ergo

363 1004 546 1065 Pater
580 1011 681 1066 est
720 1022 907 1065 verus
938 1002 1105 1065 Deus
1140 1019 1154 1063 ε
1189 1002 1489 1063 exclusus
1534 1008 1629 1063 est
1670 1000 1864 1080 igitur

322 1102 581 1166 ‚Filius.
626 1101 913 1183 Insuper,
947 1100 1285 1183 Apostolus
1328 1100 1416 1162 ait
1456 1098 1686 1161 Filium
1735 1099 1863 1160 Deo

364 1201 529 1264 Patri
579 1200 969 1282 subjectum,
1017 1206 1079 1263 et
1126 1206 1269 1283 post
1304 1198 1622 1280 judicium
1667 1196 1862 1259 finale

363 1298 865 1379 subjiciendum.
902 1298 977 1361 Et
1013 1298 1077 1361 in
1116 1296 1449 1378 evangelio
1476 1296 1733 1359 Joannis
1774 1293 1863 1356 di-

364 1398 451 1459 cit
481 1398 773 1461 Salvator
805 1416 819 1459 :
853 1399 1031 1460 Pater
1064 1396 1269 1477 major
1301 1414 1403 1458 me
1440 1402 1554 1458 est.
1590 1394 1727 1458 Non
1767 1401 1863 1456 est

363 1514 513 1576 ergo
545 1496 611 1558 in
653 1504 925 1578 utroque
970 1493 1319 1576 majestatis
1362 1494 1708 1576 aequalitas.
1742 1493 1863 1555 Ad-

362 1594 511 1667 huc,
548 1595 855 1676 recipere,
892 1595 1055 1657 mitti
1100 1602 1164 1657 et
1204 1591 1545 1655 clarificari
1586 1591 1669 1654 ab
1712 1591 1859 1664 alie,

362 1693 700 1774 designant
748 1692 1188 1773 indigentiam,
1241 1710 1383 1774 quae
1434 1690 1497 1752 in
1548 1691 1675 1752 Deo
1723 1708 1860 1751 esse

362 1809 491 1852 non
544 1797 750 1873 potest
805 1808 819 1853 :
872 1800 936 1853 et
986 1799 1199 1853 tamen
1248 1791 1384 1853 haec
1430 1788 1647 1852 omnia
1704 1788 1862 1851 Filio

1974 822 2071 867 nae
2100 803 2427 885 sapientiae
2459 823 2574 886 per
2603 804 2898 867 humanae
2930 802 3193 865 rationis
3223 808 3472 863 natura-

1973 901 2100 965 lem
2144 903 2475 965 theoriam.
2528 903 2647 966 Sed
2705 910 2922 965 contra
2967 901 3110 964 sieri
3157 899 3469 981 congruit.

1970 1000 2218 1063 Veritas
2263 1020 2540 1084 namque
2585 1000 2888 1063 naturalis
2933 1018 3046 1083 per
3097 1005 3472 1081 supernatu-

1974 1100 2171 1162 ralem
2204 1100 2536 1163 veritatem
2583 1100 3008 1163 mensuranda
3037 1106 3133 1161 est
3167 1114 3180 1160 ε
3214 1097 3380 1159 sicut
3410 1103 3474 1157 et

1972 1198 2182 1261 omnis
2241 1206 2529 1261 creatura
2583 1217 2618 1260 a
2686 1199 2978 1261 Creatore
3043 1198 3109 1258 in
3178 1212 3468 1281 numero,
3501 1216 3765 1271 Sap.xt,2l.

1973 1298 2254 1379 pondere
2295 1305 2358 1359 et
2397 1316 2696 1359 mensura
2734 1295 3162 1369 constituitur,
3197 1301 3470 1357 metrum

1971 1404 2162 1478 atque
2223 1414 2589 1458 mensuram
2648 1394 2840 1457 totius
2899 1414 3028 1457 suae
3087 1392 3474 1457 exsistentiae

1973 1494 2194 1557 sortita
2244 1512 2279 1555 a
2327 1494 2686 1557 Conditore.
2733 1491 2920 1554 Arius
2966 1491 3178 1574 itaque
3220 1490 3473 1572 opposi-

1970 1601 2109 1655 tum
2144 1592 2317 1665 fecit,
2348 1600 2542 1655 totam
2579 1592 2920 1673 Scripturae
2951 1590 3182 1652 seriem
3224 1608 3364 1672 quae
3396 1589 3474 1651 de

1973 1691 2084 1755 Dei
2128 1690 2290 1754 Filio
2342 1691 2643 1773 loquitur,
2689 1690 2767 1752 ad
2817 1689 3162 1753 sententias
3206 1686 3473 1751 Platoni-

1974 1808 2194 1853 corum
2241 1797 2634 1872 retorquens

361 1889 819 1951 attribuuntur.
872 1889 1007 1952 Non
1066 1896 1165 1951 est
1220 1906 1371 1970 ergo
1426 1889 1528 1968 (ut
1582 1886 1863 1966 videtur)
1898 1880 1944 1942 B
2053 1888 2540 1969 Agnoscendum
2615 1896 2710 1950 est
2777 1887 2991 1968 igitur,
3052 1886 3222 1968 quod
3279 1884 3472 1947 etiam

360 1987 563 2049 Filius
606 1988 769 2050 Patri
815 1987 1097 2071 aequalis.
1132 1986 1449 2070 Amplius,
1484 1986 1549 2047 in
1581 1984 1862 2067 Scriptu-

362 2086 453 2147 ris
480 2086 741 2159 dicitur,
773 2086 945 2167 quod
986 2086 1183 2148 Filius
1226 2104 1263 2147 a
1304 2085 1483 2147 Patre
1523 2083 1865 2163 adjuvetur

364 2190 427 2245 et
458 2183 964 2258 doceatur,sicut
982 2184 1241 2246 Joannis
1272 2183 1499 2265 quinto
1526 2200 1539 2243 :
1566 2182 1698 2244 Non
1733 2188 1865 2262 pot-

362 2290 461 2344 est
488 2283 759 2364 (inquit)
796 2302 833 2344 a
866 2302 935 2345 se
977 2282 1173 2345 Filius
1218 2280 1427 2345 facere
1473 2281 1861 2362 quidquam3

362 2387 427 2440 et
476 2387 622 2461 post
678 2396 881 2461 pauca
933 2396 945 2439 τ
1000 2379 1179 2441 Pater
1236 2378 1447 2459 diligit
1496 2376 1749 2448 Filium,
1801 2382 1863 2436 et

363 2478 583 2540 omnia
621 2477 1014 2540 demonstrat
1053 2477 1131 2540 ei.
1170 2478 1428 2550 Iterum,
1462 2476 1659 2537 Filius
1698 2473 1859 2535 Patri

360 2576 603 2649 obedit,
636 2584 701 2639 et
730 2576 1051 2640 desectum
1080 2576 1308 2639 asserit
1338 2575 1463 2639 sibi
1494 2576 1703 2637 inesse
1734 2581 1859 2635 tam

364 2675 701 2755 potestatis
740 2693 933 2757 quam
974 2675 1277 2739 scientiae.
1310 2674 1583 2737 Matthaei
1623 2672 1861 2735 etenim

363 2772 677 2835 vicesimo
722 2775 1037 2856 scriptum
1080 2780 1177 2836 est
1209 2773 1485 2836 :Sedere
1530 2778 1741 2834 autem
1784 2770 1863 2832 ad

362 2868 692 2931 dexteram
750 2888 955 2931 meam
1016 2869 1119 2932 vel
1178 2869 1529 2941 sinistram,
1582 2885 1708 2929 non
1768 2874 1866 2928 est

244 2999 331 3035 xm,
362 2987 583 3031 meum
617 2968 767 3030 dare
799 2968 999 3031 vobis,
1040 2968 1111 3030 Et
1140 2967 1296 3030 alibi
1325 2968 1561 3029 dicitur
1595 2984 1608 3027 :
1643 2967 1729 3028 De
1761 2966 1863 3027 die

1972 1985 2342 2069 frequenter
2381 1984 2800 2067 praehabitum
2846 1992 2963 2058 est,
2997 1985 3164 2067 quod
3204 1983 3474 2046 Platoni-

3531 1994 3606 2037 lib.
3629 1993 3662 2043 1,
3682 1996 3765 2036 art.

1971 2086 2054 2157 ⁰52
2087 2086 2197 2167 <1¹¹5
2239 2084 2538 2147 dixerunt
2577 2102 2948 2166 processum
2985 2101 3240 2146 omnem
3284 2081 3474 2144 unius
3505 2070 3685 2099 “’““““·

1970 2182 2051 2246 ab
2108 2182 2258 2256 alio,
2318 2182 2464 2245 fieri
2523 2201 2637 2265 per
2695 2181 3186 2245 similitudinem
3257 2197 3474 2262 proce-

1972 2281 2180 2343 dentis
2212 2290 2276 2343 et
2319 2280 2620 2363 principii
2664 2280 3113 2362 processioniS‚
3145 2298 3182 2340 a
3222 2295 3476 2342 summo

1972 2380 2101 2443 Deo
2148 2379 2450 2441 dixerunt
2509 2378 2875 2441 immediate
2925 2384 3200 2439 creatam
3259 2396 3476 2458 quam·

1972 2478 2117 2540 dam
2169 2486 2473 2552 mentem,
2508 2494 2699 2558 quam
2749 2476 3008 2558 quidem
3056 2488 3184 2539 νοῦν
3230 2494 3475 2537 nuncu-

1974 2583 2166 2659 pant3
2215 2584 2279 2638 et
2338 2576 2403 2637 in
2463 2576 2580 2637 hac
2642 2582 2853 2637 mente
2913 2581 3122 2636 creata
3178 2574 3478 2635 dixerunt

1973 2694 2196 2737 omnes
2242 2694 2455 2737 rerum
2505 2674 2753 2756 species
2805 2673 3175 2745 consistere,
3221 2679 3286 2734 et
3333 2690 3474 2735 eam

1972 2774 2274 2836 dixerunt
2310 2791 2449 2835 esse
2492 2772 2734 2855 prolem
2767 2770 3097 2835 Creatoris.
3135 2771 3470 2835 Summum

1974 2891 2208 2953 nempe
2239 2872 2437 2933 Deum
2473 2870 2784 2933 vocabant
2817 2878 3295 2952 patrem,quem
3328 2869 3475 2932 Pro-

1974 2971 2111 3033 clus
2171 2978 2352 3032 vocat
2410 2969 2800 3051 paternalem
2850 2986 3148 3045 causam3
3201 2976 3263 3031 et
3312 2967 3476 3029 hanc

358 3073 579 3129 autem
610 3066 723 3129 illo
752 3083 941 3129 nemo
970 3066 1335 3148 scit,neque
1365 3064 1570 3147 angeli
1606 3065 1670 3126 in
1704 3063 1865 3127 coelo
1896 3066 1940 3130 C
1976 3076 2256 3132 mentem
2287 3068 2700 3130 nominabant
2721 3067 2986 3130 verbum
3009 3086 3274 3129 summae
3305 3085 3478 3129 men-

358 3184 573 3247 neque
612 3166 829 3227 Filius.
866 3165 985 3227 Sed
1026 3166 1161 3228 haec
1200 3164 1414 3229 omnia
1460 3162 1862 3227 manifestam

356 3271 741 3326 attestantur
772 3263 1263 3326 minorationem
1302 3282 1339 3325 a
1384 3262 1617 3325 divinae
1658 3261 1862 3343 perse-

356 3362 595 3424 ctionis
642 3362 1043 3444 plenitudine
1079 3380 1094 3423 ε
1128 3362 1193 3424 in
1238 3380 1365 3444 qua
1409 3360 1585 3423 nulla
1628 3368 1721 3423 est
1757 3361 1864 3424 de-

356 3462 731 3543 pendentia,
754 3462 863 3524 sed
896 3481 1094 3545 purus
1124 3469 1322 3524 actus,
1357 3463 1437 3524 At
1466 3478 1639 3535 vero,
1666 3462 1861 3523 Filius

357 3560 473 3623 Dei
514 3568 735 3642 aperte
775 3568 1273 3623 connumeratur
1303 3560 1611 3622 creaturis
1646 3577 1659 3621 :
1696 3559 1861 3621 sicut

356 3659 677 3741 scriptum
720 3667 815 3721 est
859 3660 937 3721 de
981 3659 1295 3741 sapientia
1338 3678 1481 3741 quae
1524 3666 1621 3720 est
1662 3658 1859 3720 Filius

142 3769 325 3816 cum,
358 3758 611 3839 paterni
658 3757 1043 3831 intellectuS,
1090 3757 1220 3838 Ego
1267 3776 1343 3819 ex
1389 3774 1499 3819 ore
1547 3756 1857 3819 Altissimi

356 3856 595 3938 prodii,
646 3856 1071 3937 primogenita
1118 3864 1263 3919 ante
1312 3873 1569 3918 omnem
1618 3863 1857 3917 creatu-

358 3972 539 4033 ram3
586 3962 649 4017 et
696 3953 875 4028 alibi,
926 3953 1022 4016 Ab
1071 3953 1255 4016 initio
1304 3962 1369 4015 et
1423 3961 1569 4015 ante
1627 3952 1857 4016 saecula

354 4060 573 4115 creata
609 4072 753 4115 sum
798 4070 813 4114 :
856 4052 1025 4135 quod
1066 4071 1195 4115 non
1238 4053 1361 4115 nisi
1410 4052 1489 4115 de
1538 4051 1697 4114 Filio
1747 4050 1855 4113 Dei

355 4151 634 4233 intelligi
679 4161 906 4235 potest,
942 4160 1008 4215 ut
1050 4158 1333 4235 apparet.

760 4426 1247 4491 ARTICULUS
1292 4427 1449 4490 XX.

350 4570 545 4637 Quod
610 4587 695 4626 ex
758 4566 1161 4626 documentis
1216 4568 1715 4627 Platonicorum
1770 4568 1855 4626 sit

430 4657 887 4734 hujuscemodi
924 4654 1088 4716 Arii
1132 4664 1193 4714 et
1232 4656 1552 4715 Eunomii
1597 4665 1855 4715 emtorta

422 4747 691 4823 positio.

500 4932 699 4996 ECTE
737 4933 1037 5015 equidem
1078 4941 1143 4997 et
1180 4942 1351 4998 recte
1393 4936 1643 5017 penitus
1688 4937 1853 4999 hanc

526 5031 911 5113 positionem
942 5031 1074 5094 dixi
1104 5052 1141 5094 a
1170 5032 1634 5095 Platonicorum
1665 5034 1853 5096 dictis

342 5138 694 5197 extortam.
746 5130 855 5194 Est
910 5132 1148 5195 etenim
1210 5130 1373 5194 bene
1422 5132 1701 5197 violenta
1746 5152 1851 5195 ex-

338 5230 565 5302 tortio,
610 5230 769 5291 dum
811 5230 956 5312 quis
998 5230 1283 5293 divinam
1338 5248 1531 5294 sacrae
1575 5232 1854 5313 Scriptu-

338 5348 427 5395 rae
470 5328 829 5393 doctrinam
872 5329 951 5391 ad
990 5328 1433 5413 philosophica
1470 5330 1853 5395 documenta

1976 3169 2095 3245 tis3
2128 3174 2192 3229 et
2221 3174 2364 3250 post
2393 3185 2532 3229 eam
2574 3165 2932 3229 statuebant
2972 3165 3251 3227 animam
3300 3184 3478 3227 mun-

1973 3268 2060 3339 di,
2096 3268 2246 3349 quia
2290 3266 2644 3329 secundum
2687 3266 2979 3328 Proclum
3021 3274 3082 3329 et
3126 3266 3472 3339 Platonem,

1974 3367 2252 3427 mundus
2282 3366 2600 3427 animatus
2630 3372 2744 3427 est.
2781 3365 2955 3439 Quod
2989 3365 3182 3446 igitur
3212 3365 3288 3427 de
3319 3363 3476 3427 Filio

1971 3463 2083 3526 Dei
2116 3464 2442 3545 Scriptura
2474 3462 2872 3546 loquitur,de
2905 3462 3014 3525 tali
3048 3472 3260 3525 mente
3290 3464 3475 3525 Arius

1970 3563 2218 3644 accepit
2253 3582 2266 3625 ε
2302 3562 2652 3644 praesertim
2693 3581 2892 3644 quum
2935 3561 3046 3623 Dei
3079 3560 3274 3623 Filius
3313 3561 3477 3624 dica-

1971 3669 2073 3723 tur
2130 3660 2444 3743 sapientia
2491 3660 2602 3722 Dei
2652 3666 2714 3722 et
2761 3660 2991 3722 artifex
3042 3660 3354 3733 omnium,
3408 3660 3470 3722 in

1970 3778 2097 3842 qua
2142 3759 2363 3821 sormae
2409 3759 2857 3821 universorum
2899 3758 3064 3820 sicut
3104 3758 3168 3819 in
3210 3758 3471 3840 purissi-

1972 3876 2077 3920 mo
2119 3857 2294 3919 fonte
2339 3856 2770 3938 resplendent.

2052 3955 2184 4018 Tali
2243 3956 2453 4017 denuo
2510 3955 2810 4037 positioni
2872 3954 3258 4017 concordant
3304 3954 3473 4016 dicta

1968 4053 2308 4116 Avicennae
2354 4060 2418 4114 et
2461 4052 2788 4133 Algazelis.
2839 4051 3112 4114 Primam
3157 4052 3329 4115 enim
3381 4050 3471 4113 in-

1968 4152 2388 4233 telligentiam
2431 4150 2828 4213 constituunt
2869 4170 3062 4233 supra
3098 4169 3468 4232 supremum

1885 4254 1934 4315 D
1969 4251 2215 4324 orbem,
2249 4257 2312 4312 et
2342 4249 2576 4312 divinae
2608 4248 2772 4311 lucis
2804 4249 3340 4331 contemplatione
3371 4266 3474 4312 vo-

1968 4349 2452 4431 luptuosissime
2506 4348 2750 4431 perfrui
2802 4366 2815 4410 :
2863 4368 2940 4412 ex
2993 4349 3177 4430 cujus
3228 4348 3471 4412 intelle-

1966 4448 2194 4510 ctualis
2236 4448 2582 4529 voluptatis
2623 4447 3024 4529 plenitudine
3072 4448 3296 4510 dicunt
3332 4466 3470 4510 eam

1966 4546 2534 4609 vehementissimo
2571 4565 2644 4608 ac
2684 4546 3088 4609 velocissimo
3133 4554 3307 4609 motu
3345 4547 3472 4609 vol-

1965 4662 2113 4705 vere
2146 4644 2429 4725 primum
2459 4643 2704 4717 orbem,
2739 4644 2804 4705 in
2847 4652 3094 4706 tantum
3137 4652 3208 4705 ut
3246 4652 3469 4707 cetera}

1965 4742 2229 4823 sphaerae
2289 4760 2512 4805 omnes
2583 4750 2962 4804 moveantur
3027 4747 3204 4804 motu
3275 4742 3465 4823 primi

1964 4840 2161 4913 orbiS,
2223 4840 2304 4901 ab
2365 4840 2609 4903 oriente
2683 4840 2747 4901 in
2807 4839 3227 4913 occidentem,
3292 4848 3464 4903 motu

1966 4938 2217 5000 diurno.
2271 4939 2558 5018 Insuper,
2613 4936 2782 5018 quod
2843 4945 3052 4998 cetera
3100 4937 3314 5000 omnia
3360 4938 3466 4999 ad-

1966 5035 2160 5097 mittit
2193 5035 2380 5097 Arius
2427 5043 2634 5097 creata
2681 5054 2795 5117 per
2835 5033 3029 5096 talem
3073 5034 3464 5099 intellectum

1966 5134 2172 5215 prime
2230 5133 2584 5207 conditum,
2646 5132 2876 5215 partim
2939 5150 3084 5193 cum
3143 5132 3467 5196 Avicenna

1964 5250 2318 5295 consonum
2362 5240 2458 5295 est
2493 5250 2506 5294 :
2542 5231 2666 5294 nisi
2709 5230 2878 5313 quod
2922 5230 3243 5294 Avicenna
3287 5234 3468 5314 ponit

1964 5350 2220 5414 semper
2271 5331 2640 5395 inferiorem
2692 5328 3177 5413 intelligentiam
3227 5348 3264 5393 a
3320 5350 3462 5414 pro-
