4300 6259
64 3590 243 3635 Oumno
262 3603 311 3635 1⁸.

970 550 1047 597 DE
1090 552 1317 599 Lunum
1358 552 1741 599 cnmsrlANAE
1780 552 2083 611 TnssomAE,
2128 554 2304 603 LIBER
2347 555 2409 601 Π.
2458 573 2535 584 -
2575 558 2713 602 ART.
2761 557 2864 603 un

3349 538 3465 602 451

358 716 529 779 vatio
572 724 709 797 est3
737 717 891 782 hinc
930 728 1266 803 peccatum
1305 722 1724 803 judicandum
1766 730 1863 785 est
1890 723 1941 785 A
1971 724 2108 786 sine
2140 725 2432 807 subjecto
2458 726 2820 789 transfundi
2851 743 2977 790 non
3011 725 3472 809 potest.Suhje·

354 814 603 877 actuale
662 815 763 878 vel
813 818 1123 893 naturale,
1177 839 1373 902 penes
1432 820 1671 884 bonum
1734 838 1861 903 quo

355 911 647 993 privatur
693 914 830 997 ipse
876 936 1169 999 peccans.
1204 920 1537 981 Peccatum
1584 937 1860 1001 namque

350 1008 431 1070 ad
480 1028 819 1091 personam
866 1014 1216 1096 pertinenS,
1263 1034 1551 1098 personae
1600 1035 1860 1098 peccan-

352 1109 437 1169 tis
491 1108 759 1185 bonum,
816 1114 1086 1193 gratiam
1132 1116 1401 1189 scilicet,
1457 1123 1521 1178 et
1565 1115 1855 1178 debitum

352 1208 646 1270 ordinem
695 1210 931 1273 virium
980 1213 1210 1276 animai
1261 1213 1443 1277 tollit.
1494 1214 1668 1276 Unde
1713 1232 1857 1296 pec-

352 1312 493 1367 cata
550 1309 913 1389 personalia
970 1312 1261 1392 personis
1317 1312 1654 1375 actualiter
1702 1330 1855 1393 prae-

352 1406 789 1471 varicantibus
852 1409 1179 1473 dumtaxat
1239 1411 1657 1494 imputantur.
1713 1411 1854 1475 Pec-

348 1512 565 1568 catum
596 1514 809 1570 autem
839 1509 917 1571 ad
940 1517 1227 1572 naturam
1264 1510 1857 1593 pertinenS,nedum

350 1622 643 1685 personae
690 1608 1013 1689 peccantis
1064 1608 1305 1672 bonum
1355 1608 1583 1683 aufert,
1634 1609 1745 1671 sed
1793 1618 1859 1672 et

348 1704 517 1766 dona
564 1712 806 1769 naturae
844 1706 1089 1769 adimit.
1128 1706 1201 1768 Et
1239 1726 1353 1789 per
1392 1708 1563 1769 hunc
1596 1707 1855 1770 modum

348 1810 691 1883 peccatum
750 1804 944 1885 primi
1004 1805 1310 1887 parentis,
1372 1814 1663 1868 naturam
1725 1824 1858 1869 cor-

348 1902 545 1984 rupit.
600 1902 832 1966 Debuit
888 1904 1062 1967 enim
1111 1906 1352 1967 donum
1403 1904 1563 1967 illud
1614 1911 1855 1969 naturae
1882 1901 1930 1965 B
1970 1900 2131 1963 sicut
2161 1900 2362 1963 Lucas
2395 1901 2660 1974 inducit,
2681 1919 2800 1963 nec
2831 1901 2968 1983 ipse
2998 1902 3258 1983 quidem
3291 1903 3464 1965 vide·
3493 1927 3661 1973 Luam

349 2000 415 2062 in
462 2009 751 2081 posteros
789 2002 1178 2077 transfundi,
1213 2002 1383 2066 sicut
1420 2010 1483 2066 et
1519 2010 1745 2065 natura
1773 2003 1855 2065 ab

352 2116 480 2161 uno
528 2097 709 2162 alteri
768 2101 1303 2163 communicatur.
1350 2102 1686 2183 Quumque
1728 2119 1855 2163 non

349 2205 741 2279 propagetur
782 2217 929 2261 cum
974 2206 1219 2273 natura,
1252 2199 1465 2281 palam
1504 2200 1673 2282 quod
1715 2200 1855 2281 ejus

348 2294 641 2357 defectus
692 2296 1005 2359 rationem
1064 2296 1270 2379 culpae
1318 2314 1445 2360 non
1494 2298 1724 2360 evadit.
1780 2298 1857 2359 Et

349 2393 469 2456 hoc
521 2393 733 2475 ipsum
794 2395 1067 2477 posteris
1126 2395 1500 2477 imputatur,
1549 2396 1853 2478 quoniam

346 2493 413 2554 in
446 2500 675 2555 natura
716 2493 909 2575 primi
953 2494 1238 2576 parentis
1276 2494 1573 2557 humanae
1614 2494 1851 2577 speciei

345 2610 551 2653 unum
594 2600 797 2666 erant,
848 2590 999 2655 licet
1042 2592 1167 2674 ipsi
1212 2592 1547 2655 actualiter
1595 2593 1853 2675 culpam

342 2707 470 2751 non
501 2689 965 2752 commiserint.
1000 2690 1157 2753 Nam
1200 2690 1321 2754 hoc
1360 2698 1695 2772 peccatum
1737 2691 1851 2753 im-

342 2786 619 2849 mediate
668 2795 963 2850 naturam
1024 2788 1230 2870 ipsam
1292 2788 1579 2872 respicit,
1632 2806 1853 2872 quem-

340 2886 692 2949 admodum
738 2893 947 2948 cetera
992 2886 1265 2949 crimina
1309 2905 1668 2969 personam.

733 3149 1227 3215 ARTICULUS
1274 3150 1431 3214 LIII
1444 3198 1459 3214 .

338 3290 437 3349 De
464 3289 859 3367 quibusda-m
898 3289 1241 3348 instantiis
1269 3297 1497 3348 contra
1526 3288 1851 3365 oriyinale

916 3386 1273 3453 peccatum.

490 3569 785 3633 PPONET
834 3568 1047 3632 forsan
1093 3571 1328 3654 aliquis
1375 3572 1527 3634 huic
1572 3573 1843 3635 veritati.

517 3668 780 3750 Propter
826 3669 1083 3750 culpam
1132 3669 1307 3732 enim
1362 3669 1649 3733 efficitur
1702 3672 1847 3753 quis

336 3766 811 3850 vituperabilis.
848 3766 969 3829 Sed
1010 3784 1135 3829 non
1177 3768 1468 3831 laudatur
1508 3788 1717 3851 neque
1760 3767 1849 3832 vi-

336 3873 681 3949 tuperatur
708 3865 923 3939 homo,
958 3866 1082 3928 nisi
1113 3885 1191 3929 ex
1234 3869 1495 3950 proprio
1530 3875 1697 3942 actu,
1732 3886 1845 3929 seu

334 3982 417 4025 ex
462 3963 565 4025 his
608 3981 751 4045 quae
794 3963 861 4026 in
908 3963 1046 4045 ipso
1090 3970 1237 4026 sunt
1271 3980 1285 4025 τ
1319 3964 1470 4027 talia
1507 3982 1659 4028 vero
1696 3974 1845 4030 sunt

336 4081 486 4144 quae
536 4080 615 4123 ex
666 4062 925 4144 propria
970 4061 1293 4125 voluntate
1337 4064 1661 4145 peccantis
1703 4082 1844 4146 pro-

333 4160 564 4233 deunt,
608 4166 670 4221 et
714 4178 856 4241 quae
900 4159 967 4222 in
1010 4166 1321 4241 potestate
1365 4161 1569 4243 ipsius
1610 4164 1847 4225 consti-

1970 829 2145 885 c'tum
2187 832 2398 887 autem
2443 824 2688 907 peccati
2733 825 2796 887 in
2837 825 3120 898 homine,
3152 832 3249 887 est
3287 824 3469 887 intel-

1972 920 2261 983 lectualis
2319 922 2534 985 anima
2584 940 2598 983 :
2652 941 2792 1004 quae
2852 942 2980 985 non
3032 922 3388 984 traducitur
3433 942 3470 985 a

1972 1026 2256 1099 parente,
2289 1039 2488 1101 quum
2534 1020 2618 1082 sit
2657 1038 2916 1102 prorsus
2959 1020 3039 1082 ab
3085 1027 3260 1081 extra
3295 1037 3309 1081 ε
3344 1020 3469 1083 nisi

1970 1116 2184 1178 forsan
2235 1118 2378 1200 quis
2440 1118 2810 1200 impiissimi
2861 1117 3245 1199 Apollinaris
3298 1135 3468 1181 erro·

1970 1232 2103 1276 rem
2138 1216 2320 1297 sequi
2351 1216 2527 1289 velit,
2549 1215 2658 1298 qui
2689 1216 2850 1278 dixit
2877 1216 3156 1277 animam
3188 1214 3468 1279 hominis

1970 1330 2097 1376 non
2130 1313 2357 1387 creari,
2390 1315 2500 1376 sed
2531 1314 2612 1375 ab
2643 1314 2810 1376 intra
2838 1322 3028 1394 atque
3058 1332 3094 1375 a
3123 1322 3466 1394 generante

1969 1410 2244 1492 prodire.
2292 1411 2428 1475 Non
2474 1411 2710 1494 itaque,
2759 1420 2830 1474 ut
2868 1412 3140 1485 videtur,
3191 1430 3307 1493 per
3347 1412 3468 1475 ori-

1965 1508 2182 1589 ginem
2221 1509 2552 1573 descendit
2593 1511 2714 1573 hoc
2759 1510 3003 1573 crimen
3043 1509 3123 1572 ab
3159 1510 3358 1573 Adam
3400 1511 3464 1573 in

1966 1606 2268 1688 reliquos.

2046 1705 2362 1787 Amplius,
2395 1724 2596 1788 quum
2629 1705 2916 1769 Christus
2944 1723 2981 1768 a
3008 1706 3219 1787 primo
3247 1725 3469 1789 paren·
3495 1739 3570 1773 nn.

1966 1809 2029 1866 te
2087 1804 2402 1885 originem
2460 1804 2714 1867 duxerit
2771 1804 3124 1867 secundum
3182 1824 3463 1881 carnem,

1968 2007 2143 2061 retur
2172 1999 2252 2061 ab
2285 2000 2404 2062 hoc
2437 2007 2698 2081 peccato
2730 1999 3038 2061 immunis
3069 2018 3230 2075 esse,
3266 2001 3318 2063 si
3352 2021 3467 2084 per
3496 1994 3562 2035 ³⁸-

1966 2097 2444 2179 propagationis
2487 2098 2801 2178 originem
2845 2098 3238 2161 traducatur.
3272 2135 3354 2145 —
3389 2101 3470 2163 At
3495 2122 3558 2156 v·-

1966 2214 2140 2269 vero,
2195 2214 2272 2258 ex
2320 2196 2422 2257 his
2471 2214 2612 2277 quae
2670 2196 2892 2259 insunt
2945 2204 3290 2273 a-natura,
3341 2216 3468 2261 non

1966 2293 2304 2356 laudamur
2353 2312 2561 2375 neque
2611 2294 3073 2375 vituperamur,
3115 2297 3470 2359 secundum

1963 2391 2392 2465 Aristotelem,
2445 2410 2644 2472 quum
2694 2410 2814 2453 nec
2871 2392 3058 2453 aliter
3112 2412 3178 2455 se
3235 2392 3470 2456 habere

1964 2490 2231 2571 possint.
2286 2490 2350 2553 Si
2402 2491 2595 2571 igitur
2643 2497 2977 2571 peccatum
3041 2491 3209 2554 istud
3267 2491 3471 2554 homi-

1963 2606 2109 2650 nem
2143 2588 2502 2651 secundum
2547 2588 2860 2669 originem
2901 2607 3082 2651 suam
3123 2606 3468 2672 consequa-

1961 2694 2081 2763 tur,
2103 2687 2438 2769 ipsamque
2471 2694 2760 2749 naturam
2785 2686 2887 2766 (ut
2913 2686 3048 2768 jam
3079 2686 3320 2749 dictum
3343 2689 3508 2769 est)'

1961 2784 2204 2847 directe
2237 2783 2558 2866 respiciat,
2592 2791 2744 2846 tunc
2777 2792 2873 2847 est
2913 2784 3202 2847 naturale
3235 2803 3248 2847 :
3280 2787 3466 2848 amit-

1960 2889 2051 2945 tet
2096 2900 2246 2964 ergo
2295 2882 2608 2945 rationem
2662 2882 2868 2964 culpae
2925 2882 2992 2944 in
3041 2884 3330 2964 posteris,
3383 2919 3464 2931 —-

1960 2981 2270 3063 Denique,
2290 3000 2492 3063 quum
2525 2980 2703 3061 origo
2731 2981 3100 3062 propaginis
3129 2980 3302 3043 aliud
3334 3000 3460 3046 non
3492 3015 3567 3050 vv.

1886 3077 1930 3142 C
1963 3080 2045 3142 sit
2101 3098 2294 3162 quam
2363 3078 2711 3159 generatio,
2773 3086 2838 3140 et
2893 3096 3010 3161 per
3065 3096 3463 3162 consequens

1958 3184 2139 3241 actus
2197 3177 2454 3240 virtutis
2511 3176 2910 3257 generativae,
2972 3196 3116 3259 quae
3181 3179 3466 3260 potentia

1957 3283 2053 3338 est
2101 3274 2478 3357 vegetabilis
2527 3274 2780 3348 animae,
2832 3274 2999 3337 sicut
3049 3274 3114 3338 in
3163 3275 3329 3340 libro
3387 3278 3465 3340 de

1954 3374 2186 3436 Anima
2225 3374 2701 3436 demonstratur
2737 3372 2818 3435 ab
2854 3373 3192 3437 Aristotele
3212 3392 3229 3455 ;
3262 3374 3329 3436 in
3359 3393 3464 3456 ge·

1956 3472 2241 3536 nerativa
2278 3478 2494 3534 autem
2537 3470 2822 3553 potentia
2859 3479 3188 3553 peccatum
3239 3473 3464 3536 cadere

1954 3589 2085 3634 non
2134 3571 2324 3645 valet,
2376 3589 2577 3652 quum
2631 3569 2714 3633 sit
2765 3571 3050 3653 potentia
3101 3569 3310 3634 solum
3353 3591 3460 3634 na-

1954 3670 2204 3744 turalis,
2248 3668 2512 3731 rationis
2561 3667 2902 3751 participio
2958 3686 3179 3731 carens
3216 3669 3312 3749 (in
3362 3669 3463 3732 his

1956 3787 2232 3851 namque
2279 3767 2610 3829 dumtaxat
2650 3774 2986 3848 peccatum
3031 3766 3282 3829 exsistit
3320 3786 3462 3850 quae

1954 3866 2218 3929 rationis
2247 3863 2586 3949 participia
2625 3870 2776 3925 sunt
2813 3872 2878 3926 et
2913 3864 2973 3925 ei
3015 3862 3409 3946 subduntur)
3442 3882 3456 3927 :

1954 3963 2133 4027 nullo
2175 3980 2327 4045 ergo
2369 3962 2559 4025 modo
2606 3960 2894 4024 defectus
2944 3960 3286 4043 culpabilis
3333 3963 3457 4025 ori-

1952 4062 2158 4144 ginari
2187 4068 2396 4145 potest
2421 4060 2502 4122 ab
2522 4060 2720 4122 Adam
2754 4059 2820 4121 in
2852 4077 2966 4123 nos
2997 4078 3112 4141 per
3140 4059 3454 4141 originem

1954 4162 2261 4225 vitiatam.

332 4266 479 4321 tuta
509 4256 833 4320 sunt.Non
865 4258 1060 4338 igitur
1091 4258 1283 4340 primi
1316 4260 1596 4341 parentis
1628 4279 1844 4343 pecca·
1872 4265 1923 4330 D
2032 4259 2244 4334 Porro,
2303 4258 2498 4321 homo
2546 4263 2806 4338 generat
2862 4255 2988 4319 sibi
3045 4256 3326 4321 similem
3385 4258 3453 4323 in
3479 4295 3572 4331 vm.

332 4366 479 4420 tum
520 4355 793 4438 posteris
838 4355 1285 4438 imputandum
1327 4358 1466 4420 erit.
1508 4358 1665 4422 Nam
1708 4360 1843 4423 sive

334 4454 545 4517 velint
606 4453 741 4515 sive
798 4453 1023 4528 nolint,
1084 4453 1278 4535 hujus
1336 4456 1542 4537 culpae
1600 4457 1843 4521 innoxii

238 4586 299 4617 w.
334 4572 482 4617 esse
512 4558 861 4633 nequeunt.
894 4586 975 4597 —
1002 4551 1327 4628 Praeterea,
1347 4573 1548 4637 quum
1579 4574 1845 4638 peccare

332 4652 422 4714 sit
479 4649 805 4732 quoddam
863 4667 1071 4731 agere,
1131 4652 1569 4734 praesupponit
1624 4673 1763 4717 esse
1825 4672 1839 4718 ε

332 4748 511 4831 quod
544 4765 781 4829 nempe
809 4765 935 4810 non
967 4756 1084 4822 est,
1117 4750 1436 4831 quomodo
1464 4752 1673 4813 adhuc
1704 4772 1846 4835 pec-

332 4850 483 4910 cat?
536 4845 659 4908 Sed
720 4846 1175 4928 praevaricante
1231 4847 1644 4932 ProtoplastO,
1693 4869 1846 4915 non-

330 4945 495 5008 dum
528 4962 787 5006 eramus
822 4961 835 5005 :
871 4962 1079 5027 neque
1111 4944 1306 5025 igitur
1334 4965 1599 5029 peccare
1638 4951 1843 5031 potui-

221 5081 300 5112 ιω.
334 5064 505 5107 muS.
540 5076 625 5089 —
652 5042 899 5117 Adhuc,
931 5044 1059 5107 dici
1100 5045 1263 5107 solet
1300 5048 1472 5128 quod
1511 5056 1844 5130 peccatum

332 5142 511 5206 istud
542 5141 631 5203 sit
657 5139 988 5220 originale,
1020 5149 1082 5204 et
1112 5144 1481 5207 traducatur
1510 5145 1590 5208 ab
1622 5165 1749 5210 uno
1781 5149 1845 5210 in

329 5242 565 5315 alium,
644 5240 1187 5322 quemadmodum
1266 5250 1335 5306 et
1406 5252 1648 5307 natura.
1726 5247 1847 5311 Sed

332 5356 545 5425 quum
612 5345 949 5421 peccatum
1006 5340 1090 5402 sit
1145 5342 1443 5406 accidens
1501 5346 1846 5426 quoddam,

1954 4366 2180 4421 natura
2209 4364 2274 4419 et
2302 4357 2538 4439 specie,
2573 4373 2700 4419 non
2733 4355 2799 4417 in
2830 4354 3205 4419 accidentali
3243 4358 3454 4440 dispo-

1955 4457 2204 4520 sitione.
2235 4456 2371 4519 Non
2415 4472 2565 4537 ergo
2603 4472 2866 4518 necesse
2896 4461 2993 4518 est
3025 4462 3098 4518 ut
3123 4474 3159 4517 a
3191 4465 3453 4537 parente

1957 4562 2290 4639 peccatore
2320 4554 2552 4637 primo,
2575 4560 2918 4616 nascantur
2947 4552 3067 4615 filii
3101 4553 3276 4617 illius
3308 4574 3454 4637 pec-

1956 4662 2220 4717 catores.
2266 4688 2346 4698 —
2388 4652 2634 4727 Adhuc,
2674 4669 2866 4732 agens
2917 4651 3279 4734 proximum
3330 4654 3454 4717 for·
3479 4689 3587 4725 mv.

1956 4756 2082 4817 tius
2112 4752 2244 4834 agit
2273 4752 2340 4814 in
2380 4750 2688 4815 effectum
2727 4770 2919 4834 quam
2960 4770 3150 4814 causa
3188 4762 3448 4817 remota.

1954 4855 2202 4917 Bonum
2260 4868 2514 4933 quoque
2565 4857 2662 4912 est
2720 4849 2888 4912 malo
2943 4850 3279 4913 causaliuS.
3334 4852 3455 4915 Sed

1954 4950 2268 5032 contingit
2297 4949 2624 5032 proximos
2653 4955 2947 5031 parentes
2973 4948 3178 5029 justos
3207 4968 3369 5025 esse,
3393 4958 3457 5014 et

1958 5048 2242 5131 legitimo
2283 5054 2420 5110 toro
2459 5064 2781 5127 generare.
2816 5045 3270 5110 Vehementius
3307 5065 3457 5129 ergo

1956 5150 2035 5212 ab
2066 5148 2196 5210 illis
2225 5146 2438 5208 sortiri
2470 5144 2660 5207 debet
2688 5142 2897 5226 proles
2924 5144 3457 5225 justificationem

1958 5266 2151 5330 quam
2181 5264 2219 5307 a
2248 5242 2696 5307 remotissimis
2737 5242 2866 5304 illis
2904 5242 3276 5325 parentibus
3306 5263 3453 5308 con-

1961 5344 2457 5409 demnationem.
2476 5341 2936 5418 -Enimvero,
2969 5360 3170 5423 quum
3201 5361 3456 5427 semper
3484 5378 3558 5411 w.

3667 1962 3678 1981 ‚
3691 1932 3762 1973 23-
