<?xml version="1.0" encoding="UTF-8"?>
<!DOCTYPE html PUBLIC "-//W3C//DTD XHTML 1.0 Transitional//EN"
    "http://www.w3.org/TR/xhtml1/DTD/xhtml1-transitional.dtd">
<html xmlns="http://www.w3.org/1999/xhtml" xml:lang="en" lang="en">
 <head>
  <title>
</title>
<meta http-equiv="Content-Type" content="text/html;charset=utf-8" />
  <meta name='ocr-system' content='tesseract 3.04.00' />
  <meta name='ocr-capabilities' content='ocr_page ocr_carea ocr_par ocr_line ocrx_word'/>
</head>
<body>
  <div class='ocr_page' id='page_1' title='image "./doctorisecstati05unkngoog_0330.png"; bbox 0 0 4300 6259; ppageno 0'>
   <div class='ocr_carea' id='block_1_1' title="bbox 551 2153 813 2259">
    <p class='ocr_par' dir='ltr' id='par_1_1' title="bbox 551 2153 813 2259">
     <span class='ocr_line' id='line_1_1' title="bbox 553 2153 813 2197; baseline -0.008 0"><span class='ocrx_word' id='word_1_1' title='bbox 553 2153 614 2197; x_wconf 85' lang='lat' dir='ltr'>De</span> <span class='ocrx_word' id='word_1_2' title='bbox 641 2153 813 2196; x_wconf 77' lang='lat' dir='ltr'>Coelest.</span> 
     </span>
     <span class='ocr_line' id='line_1_2' title="bbox 551 2217 776 2259; baseline -0.004 -1"><span class='ocrx_word' id='word_1_3' title='bbox 551 2217 660 2259; x_wconf 86' lang='lat' dir='ltr'>hier.</span> <span class='ocrx_word' id='word_1_4' title='bbox 681 2229 719 2259; x_wconf 83' lang='lat' dir='ltr'>e.</span> <span class='ocrx_word' id='word_1_5' title='bbox 747 2230 776 2258; x_wconf 82' lang='lat'>1.</span> 
     </span>
    </p>
   </div>
   <div class='ocr_carea' id='block_1_2' title="bbox 803 3019 1992 3100">
    <p class='ocr_par' dir='ltr' id='par_1_2' title="bbox 803 3019 1992 3100">
     <span class='ocr_line' id='line_1_3' title="bbox 803 3019 1992 3100; baseline 0.002 -22"><span class='ocrx_word' id='word_1_6' title='bbox 803 3019 1365 3100; x_wconf 56' lang='lat' dir='ltr'>‘comprehensiva</span> <span class='ocrx_word' id='word_1_7' title='bbox 1409 3027 1504 3082; x_wconf 86' lang='lat' dir='ltr'>est</span> <span class='ocrx_word' id='word_1_8' title='bbox 1547 3027 1611 3082; x_wconf 90' lang='lat' dir='ltr'>et</span> <span class='ocrx_word' id='word_1_9' title='bbox 1651 3020 1992 3082; x_wconf 83' lang='lat' dir='ltr'>conditiva.</span> 
     </span>
    </p>
   </div>
   <div class='ocr_carea' id='block_1_3' title="bbox 834 476 955 542">
    <p class='ocr_par' dir='ltr' id='par_1_3' title="bbox 834 476 955 542">
     <span class='ocr_line' id='line_1_4' title="bbox 834 476 955 542; baseline -0.008 -1"><span class='ocrx_word' id='word_1_10' title='bbox 834 476 955 542; x_wconf 81' lang='lat'>310</span> 
     </span>
    </p>
   </div>
   <div class='ocr_carea' id='block_1_4' title="bbox 837 662 2414 4170">
    <p class='ocr_par' dir='ltr' id='par_1_4' title="bbox 837 662 2413 1727">
     <span class='ocr_line' id='line_1_5' title="bbox 837 662 2413 747; baseline -0.002 -20"><span class='ocrx_word' id='word_1_11' title='bbox 837 665 1080 740; x_wconf 79' lang='lat' dir='ltr'>rabiliS‚</span> <span class='ocrx_word' id='word_1_12' title='bbox 1113 667 1225 729; x_wconf 90' lang='lat' dir='ltr'>sed</span> <span class='ocrx_word' id='word_1_13' title='bbox 1255 673 1325 728; x_wconf 92' lang='lat' dir='ltr'>ut</span> <span class='ocrx_word' id='word_1_14' title='bbox 1359 664 1762 747; x_wconf 82' lang='lat' dir='ltr'>intelligibile</span> <span class='ocrx_word' id='word_1_15' title='bbox 1801 673 1917 739; x_wconf 88' lang='lat' dir='ltr'>est,</span> <span class='ocrx_word' id='word_1_16' title='bbox 1951 664 2044 726; x_wconf 92' lang='lat' dir='ltr'>sic</span> <span class='ocrx_word' id='word_1_17' title='bbox 2083 671 2156 726; x_wconf 89' lang='lat' dir='ltr'>ut</span> <span class='ocrx_word' id='word_1_18' title='bbox 2192 663 2333 744; x_wconf 88' lang='lat' dir='ltr'>ejus</span> <span class='ocrx_word' id='word_1_19' title='bbox 2362 662 2413 724; x_wconf 86' lang='lat' dir='ltr'>A</span> 
     </span>
     <span class='ocr_line' id='line_1_6' title="bbox 839 763 2335 843; baseline -0.003 -17"><span class='ocrx_word' id='word_1_20' title='bbox 839 763 1200 827; x_wconf 89' lang='lat' dir='ltr'>intuitionis</span> <span class='ocrx_word' id='word_1_21' title='bbox 1249 765 1400 827; x_wconf 83' lang='lat' dir='ltr'>finis</span> <span class='ocrx_word' id='word_1_22' title='bbox 1449 765 1532 826; x_wconf 92' lang='lat' dir='ltr'>sit</span> <span class='ocrx_word' id='word_1_23' title='bbox 1580 764 1778 842; x_wconf 85' lang='lat' dir='ltr'>scire3</span> <span class='ocrx_word' id='word_1_24' title='bbox 1823 771 1887 826; x_wconf 89' lang='lat' dir='ltr'>et</span> <span class='ocrx_word' id='word_1_25' title='bbox 1927 763 2068 825; x_wconf 90' lang='lat' dir='ltr'>ideo</span> <span class='ocrx_word' id='word_1_26' title='bbox 2116 779 2335 843; x_wconf 88' lang='lat' dir='ltr'>opera-</span> 
     </span>
     <span class='ocr_line' id='line_1_7' title="bbox 837 861 2333 945; baseline -0.002 -21"><span class='ocrx_word' id='word_1_27' title='bbox 837 861 1010 924; x_wconf 92' lang='lat' dir='ltr'>tivus</span> <span class='ocrx_word' id='word_1_28' title='bbox 1041 862 1297 937; x_wconf 86' lang='lat' dir='ltr'>dicitur,</span> <span class='ocrx_word' id='word_1_29' title='bbox 1332 863 1481 945; x_wconf 88' lang='lat' dir='ltr'>quia</span> <span class='ocrx_word' id='word_1_30' title='bbox 1512 862 1652 942; x_wconf 87' lang='lat' dir='ltr'>ejus</span> <span class='ocrx_word' id='word_1_31' title='bbox 1694 861 1845 923; x_wconf 83' lang='lat' dir='ltr'>finis</span> <span class='ocrx_word' id='word_1_32' title='bbox 1886 870 1982 923; x_wconf 90' lang='lat' dir='ltr'>est</span> <span class='ocrx_word' id='word_1_33' title='bbox 2019 878 2179 943; x_wconf 92' lang='lat' dir='ltr'>opus</span> <span class='ocrx_word' id='word_1_34' title='bbox 2220 878 2333 921; x_wconf 92' lang='lat' dir='ltr'>seu</span> 
     </span>
     <span class='ocr_line' id='line_1_8' title="bbox 839 959 2335 1042; baseline -0.001 -21"><span class='ocrx_word' id='word_1_35' title='bbox 839 961 1074 1042; x_wconf 81' lang='lat' dir='ltr'>praxis.</span> <span class='ocrx_word' id='word_1_36' title='bbox 1127 961 1302 1024; x_wconf 84' lang='lat' dir='ltr'>Unde</span> <span class='ocrx_word' id='word_1_37' title='bbox 1351 961 1507 1023; x_wconf 89' lang='lat' dir='ltr'>dicit</span> <span class='ocrx_word' id='word_1_38' title='bbox 1553 961 1972 1042; x_wconf 89' lang='lat' dir='ltr'>Philosophus</span> <span class='ocrx_word' id='word_1_39' title='bbox 2021 960 2208 1022; x_wconf 87' lang='lat' dir='ltr'>tertio</span> <span class='ocrx_word' id='word_1_40' title='bbox 2256 959 2335 1020; x_wconf 87' lang='lat' dir='ltr'>de</span> 
     </span>
     <span class='ocr_line' id='line_1_9' title="bbox 839 1058 2335 1141; baseline -0.001 -20"><span class='ocrx_word' id='word_1_41' title='bbox 839 1058 1088 1132; x_wconf 90' lang='lat' dir='ltr'>Anima,</span> <span class='ocrx_word' id='word_1_42' title='bbox 1131 1060 1300 1141; x_wconf 93' lang='lat' dir='ltr'>quod</span> <span class='ocrx_word' id='word_1_43' title='bbox 1345 1059 1778 1141; x_wconf 88' lang='lat' dir='ltr'>speculativus</span> <span class='ocrx_word' id='word_1_44' title='bbox 1825 1058 2185 1121; x_wconf 88' lang='lat' dir='ltr'>intellectus</span> <span class='ocrx_word' id='word_1_45' title='bbox 2230 1077 2335 1120; x_wconf 88' lang='lat' dir='ltr'>ex-</span> 
     </span>
     <span class='ocr_line' id='line_1_10' title="bbox 841 1156 2337 1240; baseline -0.001 -22"><span class='ocrx_word' id='word_1_46' title='bbox 841 1156 1130 1219; x_wconf 81' lang='lat' dir='ltr'>tensione</span> <span class='ocrx_word' id='word_1_47' title='bbox 1196 1157 1294 1219; x_wconf 90' lang='lat' dir='ltr'>sui</span> <span class='ocrx_word' id='word_1_48' title='bbox 1365 1157 1441 1220; x_wconf 84' lang='lat' dir='ltr'>fit</span> <span class='ocrx_word' id='word_1_49' title='bbox 1507 1158 1845 1240; x_wconf 80' lang='lat' dir='ltr'>practicus.</span> <span class='ocrx_word' id='word_1_50' title='bbox 1912 1156 2337 1220; x_wconf 79' lang='lat' dir='ltr'>conformiter</span> 
     </span>
     <span class='ocr_line' id='line_1_11' title="bbox 841 1254 2335 1338; baseline -0.002 -21"><span class='ocrx_word' id='word_1_51' title='bbox 841 1254 1144 1317; x_wconf 91' lang='lat' dir='ltr'>solvenda</span> <span class='ocrx_word' id='word_1_52' title='bbox 1195 1263 1292 1318; x_wconf 87' lang='lat' dir='ltr'>est</span> <span class='ocrx_word' id='word_1_53' title='bbox 1349 1255 1552 1338; x_wconf 90' lang='lat' dir='ltr'>ipsius</span> <span class='ocrx_word' id='word_1_54' title='bbox 1611 1255 1770 1317; x_wconf 87' lang='lat' dir='ltr'>ratio</span> <span class='ocrx_word' id='word_1_55' title='bbox 1822 1275 1946 1336; x_wconf 92' lang='lat' dir='ltr'>qua</span> <span class='ocrx_word' id='word_1_56' title='bbox 2001 1272 2335 1334; x_wconf 89' lang='lat' dir='ltr'>argumen-</span> 
     </span>
     <span class='ocr_line' id='line_1_12' title="bbox 841 1351 2336 1435; baseline -0.002 -20"><span class='ocrx_word' id='word_1_57' title='bbox 841 1360 1011 1415; x_wconf 83' lang='lat' dir='ltr'>tatur</span> <span class='ocrx_word' id='word_1_58' title='bbox 1059 1353 1390 1416; x_wconf 89' lang='lat' dir='ltr'>scientiam</span> <span class='ocrx_word' id='word_1_59' title='bbox 1439 1353 1632 1435; x_wconf 90' lang='lat' dir='ltr'>primi</span> <span class='ocrx_word' id='word_1_60' title='bbox 1681 1353 2006 1435; x_wconf 88' lang='lat' dir='ltr'>principii,</span> <span class='ocrx_word' id='word_1_61' title='bbox 2040 1370 2158 1414; x_wconf 90' lang='lat' dir='ltr'>nec</span> <span class='ocrx_word' id='word_1_62' title='bbox 2200 1351 2336 1413; x_wconf 89' lang='lat' dir='ltr'>uni-</span> 
     </span>
     <span class='ocr_line' id='line_1_13' title="bbox 843 1451 2337 1533; baseline -0.001 -21"><span class='ocrx_word' id='word_1_63' title='bbox 843 1451 1153 1514; x_wconf 87' lang='lat' dir='ltr'>versalem</span> <span class='ocrx_word' id='word_1_64' title='bbox 1213 1471 1374 1526; x_wconf 88' lang='lat' dir='ltr'>esse,</span> <span class='ocrx_word' id='word_1_65' title='bbox 1427 1471 1636 1533; x_wconf 90' lang='lat' dir='ltr'>neque</span> <span class='ocrx_word' id='word_1_66' title='bbox 1695 1451 2168 1533; x_wconf 82' lang='lat' dir='ltr'>particularem,</span> <span class='ocrx_word' id='word_1_67' title='bbox 2220 1468 2337 1511; x_wconf 90' lang='lat' dir='ltr'>nec</span> 
     </span>
     <span class='ocr_line' id='line_1_14' title="bbox 843 1548 2335 1632; baseline -0.002 -21"><span class='ocrx_word' id='word_1_68' title='bbox 843 1549 910 1611; x_wconf 90' lang='lat' dir='ltr'>in</span> <span class='ocrx_word' id='word_1_69' title='bbox 981 1550 1288 1631; x_wconf 91' lang='lat' dir='ltr'>potentia,</span> <span class='ocrx_word' id='word_1_70' title='bbox 1358 1569 1567 1632; x_wconf 90' lang='lat' dir='ltr'>neque</span> <span class='ocrx_word' id='word_1_71' title='bbox 1638 1549 1702 1610; x_wconf 89' lang='lat' dir='ltr'>in</span> <span class='ocrx_word' id='word_1_72' title='bbox 1773 1557 1941 1623; x_wconf 92' lang='lat' dir='ltr'>actu,</span> <span class='ocrx_word' id='word_1_73' title='bbox 2003 1566 2212 1630; x_wconf 89' lang='lat' dir='ltr'>neque</span> <span class='ocrx_word' id='word_1_74' title='bbox 2271 1548 2335 1608; x_wconf 89' lang='lat' dir='ltr'>in</span> 
     </span>
     <span class='ocr_line' id='line_1_15' title="bbox 842 1665 1047 1727; baseline -0.01 -18"><span class='ocrx_word' id='word_1_75' title='bbox 842 1665 1047 1727; x_wconf 87' lang='lat' dir='ltr'>agere.</span> 
     </span>
    </p>

    <p class='ocr_par' dir='ltr' id='par_1_5' title="bbox 839 1745 2414 3002">
     <span class='ocr_line' id='line_1_16' title="bbox 925 1745 2341 1828; baseline -0.001 -22"><span class='ocrx_word' id='word_1_76' title='bbox 925 1745 1274 1808; x_wconf 90' lang='lat' dir='ltr'>Dicendum</span> <span class='ocrx_word' id='word_1_77' title='bbox 1308 1746 1522 1827; x_wconf 87' lang='lat' dir='ltr'>igitur,</span> <span class='ocrx_word' id='word_1_78' title='bbox 1558 1747 1724 1828; x_wconf 92' lang='lat' dir='ltr'>quod</span> <span class='ocrx_word' id='word_1_79' title='bbox 1769 1747 2049 1828; x_wconf 91' lang='lat' dir='ltr'>primum</span> <span class='ocrx_word' id='word_1_80' title='bbox 2091 1764 2205 1807; x_wconf 92' lang='lat' dir='ltr'>ens</span> <span class='ocrx_word' id='word_1_81' title='bbox 2245 1751 2341 1806; x_wconf 90' lang='lat' dir='ltr'>est</span> 
     </span>
     <span class='ocr_line' id='line_1_17' title="bbox 844 1837 2414 1906; baseline -0.003 -2"><span class='ocrx_word' id='word_1_82' title='bbox 844 1843 1464 1906; x_wconf 88' lang='lat' dir='ltr'>universalissimum</span> <span class='ocrx_word' id='word_1_83' title='bbox 1523 1845 1588 1906; x_wconf 92' lang='lat' dir='ltr'>in</span> <span class='ocrx_word' id='word_1_84' title='bbox 1649 1844 2014 1906; x_wconf 85' lang='lat' dir='ltr'>causalitate</span> <span class='ocrx_word' id='word_1_85' title='bbox 2061 1850 2124 1904; x_wconf 90' lang='lat' dir='ltr'>et</span> <span class='ocrx_word' id='word_1_86' title='bbox 2171 1860 2339 1904; x_wconf 91' lang='lat' dir='ltr'>com·</span> <span class='ocrx_word' id='word_1_87' title='bbox 2368 1837 2414 1899; x_wconf 93' lang='lat' dir='ltr'><strong>B</strong></span> 
     </span>
     <span class='ocr_line' id='line_1_18' title="bbox 847 1941 2337 2023; baseline -0.001 -20"><span class='ocrx_word' id='word_1_88' title='bbox 847 1941 1373 2016; x_wconf 89' lang='lat' dir='ltr'>municabilitate‚</span> <span class='ocrx_word' id='word_1_89' title='bbox 1425 1943 2006 2023; x_wconf 86' lang='lat' dir='ltr'>singularissimum</span> <span class='ocrx_word' id='word_1_90' title='bbox 2065 1959 2216 2004; x_wconf 91' lang='lat' dir='ltr'>vero</span> <span class='ocrx_word' id='word_1_91' title='bbox 2272 1941 2337 2001; x_wconf 92' lang='lat' dir='ltr'>in</span> 
     </span>
     <span class='ocr_line' id='line_1_19' title="bbox 845 2038 2339 2122; baseline 0.001 -23"><span class='ocrx_word' id='word_1_92' title='bbox 845 2039 944 2101; x_wconf 92' lang='lat' dir='ltr'>sui</span> <span class='ocrx_word' id='word_1_93' title='bbox 988 2040 1188 2120; x_wconf 89' lang='lat' dir='ltr'>ipsius</span> <span class='ocrx_word' id='word_1_94' title='bbox 1229 2040 1500 2102; x_wconf 88' lang='lat' dir='ltr'>naturali</span> <span class='ocrx_word' id='word_1_95' title='bbox 1543 2049 1607 2102; x_wconf 90' lang='lat' dir='ltr'>et</span> <span class='ocrx_word' id='word_1_96' title='bbox 1652 2059 1808 2122; x_wconf 90' lang='lat' dir='ltr'>pura</span> <span class='ocrx_word' id='word_1_97' title='bbox 1852 2058 1926 2101; x_wconf 93' lang='lat' dir='ltr'>ac</span> <span class='ocrx_word' id='word_1_98' title='bbox 1964 2038 2339 2120; x_wconf 89' lang='lat' dir='ltr'>superboni-</span> 
     </span>
     <span class='ocr_line' id='line_1_20' title="bbox 845 2136 2339 2219; baseline -0.001 -21"><span class='ocrx_word' id='word_1_99' title='bbox 845 2136 970 2198; x_wconf 79' lang='lat' dir='ltr'>l&#39;ica</span> <span class='ocrx_word' id='word_1_100' title='bbox 1000 2137 1429 2200; x_wconf 82' lang='lat' dir='ltr'>subsistentia.</span> <span class='ocrx_word' id='word_1_101' title='bbox 1466 2138 1639 2200; x_wconf 89' lang='lat' dir='ltr'>Unde</span> <span class='ocrx_word' id='word_1_102' title='bbox 1672 2138 2008 2219; x_wconf 90' lang='lat' dir='ltr'>Dionysius</span> <span class='ocrx_word' id='word_1_103' title='bbox 2038 2137 2145 2209; x_wconf 89' lang='lat' dir='ltr'>ait,</span> <span class='ocrx_word' id='word_1_104' title='bbox 2180 2136 2339 2198; x_wconf 91' lang='lat' dir='ltr'>divi-</span> 
     </span>
     <span class='ocr_line' id='line_1_21' title="bbox 842 2235 2340 2317; baseline 0 -22"><span class='ocrx_word' id='word_1_105' title='bbox 842 2254 1000 2295; x_wconf 90' lang='lat' dir='ltr'>num</span> <span class='ocrx_word' id='word_1_106' title='bbox 1062 2236 1276 2296; x_wconf 90' lang='lat' dir='ltr'>lumen</span> <span class='ocrx_word' id='word_1_107' title='bbox 1335 2235 1887 2317; x_wconf 88' lang='lat' dir='ltr'>simplicissimum</span> <span class='ocrx_word' id='word_1_108' title='bbox 1935 2254 2074 2297; x_wconf 89' lang='lat' dir='ltr'>esse</span> <span class='ocrx_word' id='word_1_109' title='bbox 2133 2235 2197 2295; x_wconf 89' lang='lat' dir='ltr'>in</span> <span class='ocrx_word' id='word_1_110' title='bbox 2248 2253 2340 2296; x_wconf 87' lang='lat' dir='ltr'>es-</span> 
     </span>
     <span class='ocr_line' id='line_1_22' title="bbox 844 2332 2333 2430; baseline 0 -37"><span class='ocrx_word' id='word_1_111' title='bbox 844 2332 1069 2405; x_wconf 87' lang='lat' dir='ltr'>sentia,</span> <span class='ocrx_word' id='word_1_112' title='bbox 1113 2339 1177 2394; x_wconf 90' lang='lat' dir='ltr'>et</span> <span class='ocrx_word' id='word_1_113' title='bbox 1225 2351 1476 2394; x_wconf 91' lang='lat' dir='ltr'>summe</span> <span class='ocrx_word' id='word_1_114' title='bbox 1529 2333 1862 2430; x_wconf 79' lang='lat' dir='ltr'>multiplex</span> <span class='ocrx_word' id='word_1_115' title='bbox 1912 2332 1974 2394; x_wconf 87' lang='lat' dir='ltr'>in</span> <span class='ocrx_word' id='word_1_116' title='bbox 2024 2332 2333 2395; x_wconf 75' lang='lat' dir='ltr'>efficacia.</span> 
     </span>
     <span class='ocr_line' id='line_1_23' title="bbox 845 2430 2337 2512; baseline 0.001 -20"><span class='ocrx_word' id='word_1_117' title='bbox 845 2430 1132 2512; x_wconf 91' lang='lat' dir='ltr'>Denique</span> <span class='ocrx_word' id='word_1_118' title='bbox 1181 2431 1438 2493; x_wconf 88' lang='lat' dir='ltr'>Proclus</span> <span class='ocrx_word' id='word_1_119' title='bbox 1485 2439 1836 2506; x_wconf 86' lang='lat' dir='ltr'>attestatur,</span> <span class='ocrx_word' id='word_1_120' title='bbox 1885 2432 2174 2493; x_wconf 88' lang='lat' dir='ltr'>divinum</span> <span class='ocrx_word' id='word_1_121' title='bbox 2225 2451 2337 2494; x_wconf 91' lang='lat' dir='ltr'>ens</span> 
     </span>
     <span class='ocr_line' id='line_1_24' title="bbox 843 2529 2337 2611; baseline 0.003 -23"><span class='ocrx_word' id='word_1_122' title='bbox 843 2536 1104 2609; x_wconf 90' lang='lat' dir='ltr'>propter</span> <span class='ocrx_word' id='word_1_123' title='bbox 1149 2529 1352 2610; x_wconf 85' lang='lat' dir='ltr'>ipsam</span> <span class='ocrx_word' id='word_1_124' title='bbox 1399 2529 1496 2590; x_wconf 92' lang='lat' dir='ltr'>sui</span> <span class='ocrx_word' id='word_1_125' title='bbox 1549 2529 1934 2609; x_wconf 79' lang='lat' dir='ltr'>singularem</span> <span class='ocrx_word' id='word_1_126' title='bbox 1987 2549 2059 2591; x_wconf 90' lang='lat' dir='ltr'>ac</span> <span class='ocrx_word' id='word_1_127' title='bbox 2119 2548 2337 2611; x_wconf 91' lang='lat' dir='ltr'>super-</span> 
     </span>
     <span class='ocr_line' id='line_1_25' title="bbox 842 2625 2339 2702; baseline 0.001 -15"><span class='ocrx_word' id='word_1_128' title='bbox 842 2625 1328 2688; x_wconf 86' lang='lat' dir='ltr'>substantialem</span> <span class='ocrx_word' id='word_1_129' title='bbox 1387 2628 1852 2702; x_wconf 84' lang='lat' dir='ltr'>excellentiam,</span> <span class='ocrx_word' id='word_1_130' title='bbox 1903 2627 1982 2690; x_wconf 89' lang='lat' dir='ltr'>ab</span> <span class='ocrx_word' id='word_1_131' title='bbox 2039 2628 2339 2690; x_wconf 91' lang='lat' dir='ltr'>omnibus</span> 
     </span>
     <span class='ocr_line' id='line_1_26' title="bbox 841 2724 2340 2807; baseline 0.001 -23"><span class='ocrx_word' id='word_1_132' title='bbox 841 2724 1097 2805; x_wconf 85' lang='lat' dir='ltr'>penitus</span> <span class='ocrx_word' id='word_1_133' title='bbox 1139 2725 1484 2787; x_wconf 86' lang='lat' dir='ltr'>exaltatum</span> <span class='ocrx_word' id='word_1_134' title='bbox 1525 2724 1679 2788; x_wconf 85' lang='lat' dir='ltr'>fore.</span> <span class='ocrx_word' id='word_1_135' title='bbox 1716 2726 1818 2788; x_wconf 90' lang='lat' dir='ltr'>Sic</span> <span class='ocrx_word' id='word_1_136' title='bbox 1859 2727 2078 2807; x_wconf 87' lang='lat' dir='ltr'>utique</span> <span class='ocrx_word' id='word_1_137' title='bbox 2123 2726 2340 2787; x_wconf 88' lang='lat' dir='ltr'>divina</span> 
     </span>
     <span class='ocr_line' id='line_1_27' title="bbox 839 2821 2338 2898; baseline 0.001 -15"><span class='ocrx_word' id='word_1_138' title='bbox 839 2821 1108 2884; x_wconf 89' lang='lat' dir='ltr'>scientia</span> <span class='ocrx_word' id='word_1_139' title='bbox 1137 2823 1374 2884; x_wconf 90' lang='lat' dir='ltr'>nedum</span> <span class='ocrx_word' id='word_1_140' title='bbox 1419 2823 1821 2898; x_wconf 82' lang='lat' dir='ltr'>universaliS,</span> <span class='ocrx_word' id='word_1_141' title='bbox 1855 2824 1962 2886; x_wconf 90' lang='lat' dir='ltr'>sed</span> <span class='ocrx_word' id='word_1_142' title='bbox 1995 2831 2057 2885; x_wconf 88' lang='lat' dir='ltr'>et</span> <span class='ocrx_word' id='word_1_143' title='bbox 2087 2823 2338 2885; x_wconf 86' lang='lat' dir='ltr'>univer-</span> 
     </span>
     <span class='ocr_line' id='line_1_28' title="bbox 839 2919 2339 3002; baseline 0.002 -22"><span class='ocrx_word' id='word_1_144' title='bbox 839 2919 1156 2982; x_wconf 90' lang='lat' dir='ltr'>salissima</span> <span class='ocrx_word' id='word_1_145' title='bbox 1205 2921 1473 2983; x_wconf 91' lang='lat' dir='ltr'>dicenda</span> <span class='ocrx_word' id='word_1_146' title='bbox 1520 2929 1616 2984; x_wconf 89' lang='lat' dir='ltr'>est</span> <span class='ocrx_word' id='word_1_147' title='bbox 1663 2939 1676 2983; x_wconf 73' lang='grc' dir='ltr'>ε</span> <span class='ocrx_word' id='word_1_148' title='bbox 1723 2922 2011 2984; x_wconf 91' lang='lat' dir='ltr'>omnium</span> <span class='ocrx_word' id='word_1_149' title='bbox 2062 2941 2339 3002; x_wconf 89' lang='lat' dir='ltr'>namque</span> 
     </span>
    </p>

    <p class='ocr_par' dir='ltr' id='par_1_6' title="bbox 839 3115 2339 4170">
     <span class='ocr_line' id='line_1_29' title="bbox 921 3115 2337 3198; baseline 0.001 -22"><span class='ocrx_word' id='word_1_150' title='bbox 921 3115 1133 3189; x_wconf 87' lang='lat' dir='ltr'>Porro,</span> <span class='ocrx_word' id='word_1_151' title='bbox 1207 3117 1499 3198; x_wconf 87' lang='lat' dir='ltr'>quamvis</span> <span class='ocrx_word' id='word_1_152' title='bbox 1582 3118 1812 3198; x_wconf 90' lang='lat' dir='ltr'>partim</span> <span class='ocrx_word' id='word_1_153' title='bbox 1891 3119 1972 3178; x_wconf 89' lang='lat' dir='ltr'>sit</span> <span class='ocrx_word' id='word_1_154' title='bbox 2040 3117 2337 3179; x_wconf 84' lang='lat' dir='ltr'>Albertus</span> 
     </span>
     <span class='ocr_line' id='line_1_30' title="bbox 840 3215 2337 3288; baseline -0.001 -10"><span class='ocrx_word' id='word_1_155' title='bbox 840 3217 1185 3278; x_wconf 82' lang='lat' dir='ltr'>Averroem</span> <span class='ocrx_word' id='word_1_156' title='bbox 1232 3222 1512 3288; x_wconf 80' lang='lat' dir='ltr'>secutus,</span> <span class='ocrx_word' id='word_1_157' title='bbox 1562 3233 1686 3276; x_wconf 91' lang='lat' dir='ltr'>non</span> <span class='ocrx_word' id='word_1_158' title='bbox 1735 3222 1945 3277; x_wconf 90' lang='lat' dir='ltr'>tamen</span> <span class='ocrx_word' id='word_1_159' title='bbox 1995 3215 2058 3277; x_wconf 88' lang='lat' dir='ltr'>in</span> <span class='ocrx_word' id='word_1_160' title='bbox 2101 3223 2234 3277; x_wconf 87' lang='lat' dir='ltr'>toto</span> <span class='ocrx_word' id='word_1_161' title='bbox 2278 3216 2337 3278; x_wconf 89' lang='lat' dir='ltr'>ei</span> 
     </span>
     <span class='ocr_line' id='line_1_31' title="bbox 839 3312 2337 3394; baseline -0.001 -18"><span class='ocrx_word' id='word_1_162' title='bbox 839 3313 1120 3376; x_wconf 86' lang='lat' dir='ltr'>assentit.</span> <span class='ocrx_word' id='word_1_163' title='bbox 1165 3312 1430 3392; x_wconf 84' lang='lat' dir='ltr'>Negavit</span> <span class='ocrx_word' id='word_1_164' title='bbox 1477 3331 1707 3394; x_wconf 91' lang='lat' dir='ltr'>nempe</span> <span class='ocrx_word' id='word_1_165' title='bbox 1758 3314 2085 3387; x_wconf 80' lang='lat' dir='ltr'>AverroeS,</span> <span class='ocrx_word' id='word_1_166' title='bbox 2136 3314 2337 3375; x_wconf 90' lang='lat' dir='ltr'>Deum</span> 
     </span>
     <span class='ocr_line' id='line_1_32' title="bbox 839 3410 2339 3492; baseline -0.001 -19"><span class='ocrx_word' id='word_1_167' title='bbox 839 3411 1124 3474; x_wconf 89' lang='lat' dir='ltr'>omnium</span> <span class='ocrx_word' id='word_1_168' title='bbox 1157 3410 1520 3472; x_wconf 89' lang='lat' dir='ltr'>distinctam</span> <span class='ocrx_word' id='word_1_169' title='bbox 1555 3410 1788 3473; x_wconf 88' lang='lat' dir='ltr'>habere</span> <span class='ocrx_word' id='word_1_170' title='bbox 1815 3412 2219 3492; x_wconf 87' lang='lat' dir='ltr'>agnitionem.</span> <span class='ocrx_word' id='word_1_171' title='bbox 2237 3411 2339 3473; x_wconf 90' lang='lat' dir='ltr'>Sic</span> 
     </span>
     <span class='ocr_line' id='line_1_33' title="bbox 842 3508 2337 3590; baseline 0.001 -20"><span class='ocrx_word' id='word_1_172' title='bbox 842 3509 1058 3590; x_wconf 90' lang='lat' dir='ltr'>igitur,</span> <span class='ocrx_word' id='word_1_173' title='bbox 1110 3508 1261 3590; x_wconf 90' lang='lat' dir='ltr'>quia</span> <span class='ocrx_word' id='word_1_174' title='bbox 1319 3526 1444 3570; x_wconf 92' lang='lat' dir='ltr'>non</span> <span class='ocrx_word' id='word_1_175' title='bbox 1505 3509 1832 3570; x_wconf 82' lang='lat' dir='ltr'>dumtaxat</span> <span class='ocrx_word' id='word_1_176' title='bbox 1890 3509 2337 3572; x_wconf 90' lang='lat' dir='ltr'>universorum</span> 
     </span>
     <span class='ocr_line' id='line_1_34' title="bbox 842 3606 2335 3678; baseline 0 -9"><span class='ocrx_word' id='word_1_177' title='bbox 842 3607 1195 3669; x_wconf 90' lang='lat' dir='ltr'>secundum</span> <span class='ocrx_word' id='word_1_178' title='bbox 1229 3606 1622 3668; x_wconf 88' lang='lat' dir='ltr'>universales</span> <span class='ocrx_word' id='word_1_179' title='bbox 1664 3607 1960 3678; x_wconf 78' lang='lat' dir='ltr'>rationeS‚</span> <span class='ocrx_word' id='word_1_180' title='bbox 1995 3609 2103 3669; x_wconf 92' lang='lat' dir='ltr'>sed</span> <span class='ocrx_word' id='word_1_181' title='bbox 2143 3609 2335 3670; x_wconf 88' lang='lat' dir='ltr'>etiam</span> 
     </span>
     <span class='ocr_line' id='line_1_35' title="bbox 841 3705 2339 3786; baseline 0 -19"><span class='ocrx_word' id='word_1_182' title='bbox 841 3705 1195 3767; x_wconf 92' lang='lat' dir='ltr'>secundum</span> <span class='ocrx_word' id='word_1_183' title='bbox 1243 3705 1596 3785; x_wconf 87' lang='lat' dir='ltr'>singulares</span> <span class='ocrx_word' id='word_1_184' title='bbox 1650 3705 2064 3786; x_wconf 88' lang='lat' dir='ltr'>proprietates</span> <span class='ocrx_word' id='word_1_185' title='bbox 2113 3724 2339 3786; x_wconf 89' lang='lat' dir='ltr'>cogno-</span> 
     </span>
     <span class='ocr_line' id='line_1_36' title="bbox 842 3803 2335 3884; baseline 0.001 -19"><span class='ocrx_word' id='word_1_186' title='bbox 842 3803 1108 3865; x_wconf 90' lang='lat' dir='ltr'>scitivus</span> <span class='ocrx_word' id='word_1_187' title='bbox 1139 3810 1233 3865; x_wconf 92' lang='lat' dir='ltr'>est</span> <span class='ocrx_word' id='word_1_188' title='bbox 1266 3803 1512 3884; x_wconf 89' lang='lat' dir='ltr'>primus</span> <span class='ocrx_word' id='word_1_189' title='bbox 1544 3803 1927 3876; x_wconf 83' lang='lat' dir='ltr'>intellectuS‚</span> <span class='ocrx_word' id='word_1_190' title='bbox 1962 3805 2101 3882; x_wconf 91' lang='lat' dir='ltr'>ejus</span> <span class='ocrx_word' id='word_1_191' title='bbox 2133 3805 2335 3868; x_wconf 91' lang='lat' dir='ltr'>scien-</span> 
     </span>
     <span class='ocr_line' id='line_1_37' title="bbox 841 3900 2333 3983; baseline 0.001 -21"><span class='ocrx_word' id='word_1_192' title='bbox 841 3902 930 3963; x_wconf 89' lang='lat' dir='ltr'>tia</span> <span class='ocrx_word' id='word_1_193' title='bbox 963 3900 1360 3983; x_wconf 87' lang='lat' dir='ltr'>particularis</span> <span class='ocrx_word' id='word_1_194' title='bbox 1391 3901 1647 3975; x_wconf 89' lang='lat' dir='ltr'>dicitur,</span> <span class='ocrx_word' id='word_1_195' title='bbox 1684 3908 1984 3983; x_wconf 88' lang='lat' dir='ltr'>tanquam</span> <span class='ocrx_word' id='word_1_196' title='bbox 2015 3903 2333 3976; x_wconf 85' lang='lat' dir='ltr'>distincta,</span> 
     </span>
     <span class='ocr_line' id='line_1_38' title="bbox 841 3999 2336 4081; baseline 0.001 -20"><span class='ocrx_word' id='word_1_197' title='bbox 841 4006 907 4061; x_wconf 92' lang='lat' dir='ltr'>et</span> <span class='ocrx_word' id='word_1_198' title='bbox 935 3999 1356 4080; x_wconf 79' lang='lat' dir='ltr'>singularium</span> <span class='ocrx_word' id='word_1_199' title='bbox 1389 3999 1822 4081; x_wconf 89' lang='lat' dir='ltr'>prospectiva:</span> <span class='ocrx_word' id='word_1_200' title='bbox 1849 4018 1926 4061; x_wconf 82' lang='lat' dir='ltr'>ex</span> <span class='ocrx_word' id='word_1_201' title='bbox 1959 4008 2132 4080; x_wconf 89' lang='lat' dir='ltr'>parte</span> <span class='ocrx_word' id='word_1_202' title='bbox 2164 4002 2336 4063; x_wconf 90' lang='lat' dir='ltr'>enim</span> 
     </span>
     <span class='ocr_line' id='line_1_39' title="bbox 842 4095 2339 4170; baseline 0.002 -12"><span class='ocrx_word' id='word_1_203' title='bbox 842 4096 1169 4158; x_wconf 87' lang='lat' dir='ltr'>scibilium</span> <span class='ocrx_word' id='word_1_204' title='bbox 1247 4096 1669 4170; x_wconf 90' lang='lat' dir='ltr'>diversorum,</span> <span class='ocrx_word' id='word_1_205' title='bbox 1749 4095 1981 4159; x_wconf 87' lang='lat' dir='ltr'>divinae</span> <span class='ocrx_word' id='word_1_206' title='bbox 2059 4097 2339 4162; x_wconf 82' lang='lat' dir='ltr'>scientiae</span> 
     </span>
    </p>
   </div>
   <div class='ocr_carea' id='block_1_5' title="bbox 1425 489 3349 548">
    <p class='ocr_par' dir='ltr' id='par_1_7' title="bbox 1425 489 3349 548">
     <span class='ocr_line' id='line_1_40' title="bbox 1425 489 3349 548; baseline -0.003 -6"><span class='ocrx_word' id='word_1_207' title='bbox 1425 495 1506 542; x_wconf 75' lang='lat' dir='ltr'>DE</span> <span class='ocrx_word' id='word_1_208' title='bbox 1549 495 1775 541; x_wconf 80' lang='lat' dir='ltr'><strong>LUMINE</strong></span> <span class='ocrx_word' id='word_1_209' title='bbox 1818 493 2203 540; x_wconf 67' lang='lat' dir='ltr'>cflms&#39;rlarmz</span> <span class='ocrx_word' id='word_1_210' title='bbox 2244 491 2543 548; x_wconf 69' lang='lat' dir='ltr'>THEOMAE,</span> <span class='ocrx_word' id='word_1_211' title='bbox 2595 491 2769 536; x_wconf 78' lang='lat' dir='ltr'>LIBER</span> <span class='ocrx_word' id='word_1_212' title='bbox 2812 491 2853 535; x_wconf 89' lang='lat'>1.</span> <span class='ocrx_word' id='word_1_213' title='bbox 2900 509 2981 519; x_wconf 93' lang='lat'><strong>—</strong></span> <span class='ocrx_word' id='word_1_214' title='bbox 3020 491 3160 536; x_wconf 67' lang='lat' dir='ltr'>Aur.</span> <span class='ocrx_word' id='word_1_215' title='bbox 3206 489 3349 536; x_wconf 82' lang='lat' dir='ltr'>va1</span> 
     </span>
    </p>
   </div>
   <div class='ocr_carea' id='block_1_6' title="bbox 2801 719 3574 784">
    <p class='ocr_par' dir='ltr' id='par_1_8' title="bbox 2801 719 3574 784">
     <span class='ocr_line' id='line_1_41' title="bbox 2801 719 3574 784; baseline -0.003 -1"><span class='ocrx_word' id='word_1_216' title='bbox 2801 719 3290 784; x_wconf 86' lang='lat' dir='ltr'><strong>ARTICULUS</strong></span> <span class='ocrx_word' id='word_1_217' title='bbox 3335 719 3574 783; x_wconf 89' lang='lat' dir='ltr'>LXVI.</span> 
     </span>
    </p>
   </div>
   <div class='ocr_carea' id='block_1_7' title="bbox 2446 876 3937 1224">
    <p class='ocr_par' dir='ltr' id='par_1_9' title="bbox 2446 876 3937 1224">
     <span class='ocr_line' id='line_1_42' title="bbox 2446 876 3931 952; baseline -0.005 -14"><span class='ocrx_word' id='word_1_218' title='bbox 2446 881 2627 946; x_wconf 82' lang='lat' dir='ltr'>Quod</span> <span class='ocrx_word' id='word_1_219' title='bbox 2671 879 2745 937; x_wconf 75' lang='lat' dir='ltr'>in</span> <span class='ocrx_word' id='word_1_220' title='bbox 2788 879 3222 938; x_wconf 80' lang='lat' dir='ltr'>universitate</span> <span class='ocrx_word' id='word_1_221' title='bbox 3266 897 3489 938; x_wconf 80' lang='lat' dir='ltr'>rerum</span> <span class='ocrx_word' id='word_1_222' title='bbox 3532 876 3798 952; x_wconf 79' lang='lat' dir='ltr'>primus</span> <span class='ocrx_word' id='word_1_223' title='bbox 3839 892 3931 932; x_wconf 85' lang='lat' dir='ltr'>re-</span> 
     </span>
     <span class='ocr_line' id='line_1_43' title="bbox 2522 965 3934 1044; baseline -0.004 -18"><span class='ocrx_word' id='word_1_224' title='bbox 2522 977 2661 1027; x_wconf 75' lang='lat' dir='ltr'>ctor</span> <span class='ocrx_word' id='word_1_225' title='bbox 2689 971 3075 1028; x_wconf 79' lang='lat' dir='ltr'>statuendus</span> <span class='ocrx_word' id='word_1_226' title='bbox 3104 969 3213 1036; x_wconf 81' lang='lat' dir='ltr'>sit,</span> <span class='ocrx_word' id='word_1_227' title='bbox 3243 988 3325 1026; x_wconf 73' lang='lat' dir='ltr'>ex</span> <span class='ocrx_word' id='word_1_228' title='bbox 3354 967 3545 1044; x_wconf 80' lang='lat' dir='ltr'>cujus</span> <span class='ocrx_word' id='word_1_229' title='bbox 3572 965 3934 1040; x_wconf 70' lang='lat' dir='ltr'>intellz&#39;qen-</span> 
     </span>
     <span class='ocr_line' id='line_1_44' title="bbox 2526 1053 3937 1133; baseline -0.004 -17"><span class='ocrx_word' id='word_1_230' title='bbox 2526 1057 2635 1116; x_wconf 81' lang='lat' dir='ltr'>tice</span> <span class='ocrx_word' id='word_1_231' title='bbox 2682 1058 3065 1132; x_wconf 59' lang='lat' dir='ltr'>sapientia&amp;</span> <span class='ocrx_word' id='word_1_232' title='bbox 3107 1058 3313 1133; x_wconf 76' lang='lat' dir='ltr'>fonte,</span> <span class='ocrx_word' id='word_1_233' title='bbox 3347 1057 3547 1116; x_wconf 74' lang='lat' dir='ltr'>totius</span> <span class='ocrx_word' id='word_1_234' title='bbox 3596 1053 3937 1130; x_wconf 70' lang='lat' dir='ltr'>reyimim&#39;s</span> 
     </span>
     <span class='ocr_line' id='line_1_45' title="bbox 2524 1145 3755 1224; baseline -0.003 -18"><span class='ocrx_word' id='word_1_235' title='bbox 2524 1148 2853 1206; x_wconf 78' lang='lat' dir='ltr'>mundani</span> <span class='ocrx_word' id='word_1_236' title='bbox 2894 1149 3121 1224; x_wconf 73' lang='lat' dir='ltr'>Zeqalis</span> <span class='ocrx_word' id='word_1_237' title='bbox 3164 1147 3362 1206; x_wconf 81' lang='lat' dir='ltr'>series</span> <span class='ocrx_word' id='word_1_238' title='bbox 3402 1145 3755 1205; x_wconf 79' lang='lat' dir='ltr'>emanavit.</span> 
     </span>
    </p>
   </div>
   <div class='ocr_carea' id='block_1_8' title="bbox 2446 1348 4186 4180">
    <p class='ocr_par' dir='ltr' id='par_1_10' title="bbox 2577 1348 4127 1432">
     <span class='ocr_line' id='line_1_46' title="bbox 2577 1348 4127 1432; baseline -0.004 -19"><span class='ocrx_word' id='word_1_239' title='bbox 2577 1351 2630 1413; x_wconf 91' lang='lat' dir='ltr'>X</span> <span class='ocrx_word' id='word_1_240' title='bbox 2662 1351 3071 1432; x_wconf 77' lang='lat' dir='ltr'>praeinductis</span> <span class='ocrx_word' id='word_1_241' title='bbox 3136 1351 3434 1432; x_wconf 87' lang='lat' dir='ltr'>equidem</span> <span class='ocrx_word' id='word_1_242' title='bbox 3501 1355 3746 1412; x_wconf 85' lang='lat' dir='ltr'>constat</span> <span class='ocrx_word' id='word_1_243' title='bbox 3811 1348 3937 1429; x_wconf 88' lang='lat' dir='ltr'>pri·</span> <span class='ocrx_word' id='word_1_244' title='bbox 3962 1371 4037 1411; x_wconf 63' lang='lat' dir='ltr'>aa.</span> <span class='ocrx_word' id='word_1_245' title='bbox 4058 1381 4127 1409; x_wconf 71' lang='grc' dir='ltr'>ω.</span> 
     </span>
    </p>

    <p class='ocr_par' dir='ltr' id='par_1_11' title="bbox 2446 1447 4186 4180">
     <span class='ocr_line' id='line_1_47' title="bbox 2610 1447 3943 1529; baseline 0 -19"><span class='ocrx_word' id='word_1_246' title='bbox 2610 1468 2783 1510; x_wconf 90' lang='lat' dir='ltr'>mum</span> <span class='ocrx_word' id='word_1_247' title='bbox 2826 1467 3016 1529; x_wconf 87' lang='lat' dir='ltr'>agens</span> <span class='ocrx_word' id='word_1_248' title='bbox 3058 1449 3123 1510; x_wconf 91' lang='lat' dir='ltr'>in</span> <span class='ocrx_word' id='word_1_249' title='bbox 3166 1447 3442 1510; x_wconf 85' lang='lat' dir='ltr'>triformi</span> <span class='ocrx_word' id='word_1_250' title='bbox 3492 1447 3793 1509; x_wconf 85' lang='lat' dir='ltr'>causandi</span> <span class='ocrx_word' id='word_1_251' title='bbox 3842 1465 3943 1527; x_wconf 88' lang='lat' dir='ltr'>ge·</span> 
     </span>
     <span class='ocr_line' id='line_1_48' title="bbox 2447 1545 3939 1629; baseline -0.001 -20"><span class='ocrx_word' id='word_1_252' title='bbox 2447 1567 2619 1620; x_wconf 88' lang='lat' dir='ltr'>nere,</span> <span class='ocrx_word' id='word_1_253' title='bbox 2666 1555 2885 1629; x_wconf 86' lang='lat' dir='ltr'>utpote</span> <span class='ocrx_word' id='word_1_254' title='bbox 2936 1548 2998 1608; x_wconf 92' lang='lat' dir='ltr'>in</span> <span class='ocrx_word' id='word_1_255' title='bbox 3049 1565 3283 1627; x_wconf 89' lang='lat' dir='ltr'>genere</span> <span class='ocrx_word' id='word_1_256' title='bbox 3328 1545 3673 1608; x_wconf 80' lang='lat' dir='ltr'>efficientis</span> <span class='ocrx_word' id='word_1_257' title='bbox 3712 1564 3939 1617; x_wconf 82' lang='lat' dir='ltr'>causae,</span> 
     </span>
     <span class='ocr_line' id='line_1_49' title="bbox 2446 1643 3943 1726; baseline -0.002 -20"><span class='ocrx_word' id='word_1_258' title='bbox 2446 1644 2661 1708; x_wconf 84' lang='lat' dir='ltr'>finalis</span> <span class='ocrx_word' id='word_1_259' title='bbox 2694 1653 2757 1708; x_wconf 86' lang='lat' dir='ltr'>et</span> <span class='ocrx_word' id='word_1_260' title='bbox 2786 1645 3192 1726; x_wconf 84' lang='lat' dir='ltr'>exemplariS‚</span> <span class='ocrx_word' id='word_1_261' title='bbox 3213 1645 3660 1707; x_wconf 89' lang='lat' dir='ltr'>universorum</span> <span class='ocrx_word' id='word_1_262' title='bbox 3692 1643 3943 1706; x_wconf 84' lang='lat' dir='ltr'>causale</span> 
     </span>
     <span class='ocr_line' id='line_1_50' title="bbox 2449 1743 3944 1826; baseline -0.001 -21"><span class='ocrx_word' id='word_1_263' title='bbox 2449 1744 2840 1826; x_wconf 78' lang='lat' dir='ltr'>priucipium</span> <span class='ocrx_word' id='word_1_264' title='bbox 2874 1743 3028 1807; x_wconf 85' lang='lat' dir='ltr'>fore.</span> <span class='ocrx_word' id='word_1_265' title='bbox 3056 1744 3289 1805; x_wconf 88' lang='lat' dir='ltr'>Finalis</span> <span class='ocrx_word' id='word_1_266' title='bbox 3320 1751 3532 1805; x_wconf 88' lang='lat' dir='ltr'>autem</span> <span class='ocrx_word' id='word_1_267' title='bbox 3566 1761 3773 1804; x_wconf 82' lang='lat' dir='ltr'>causae</span> <span class='ocrx_word' id='word_1_268' title='bbox 3805 1759 3944 1824; x_wconf 89' lang='lat' dir='ltr'>pro-</span> 
     </span>
     <span class='ocr_line' id='line_1_51' title="bbox 2453 1841 3941 1923; baseline -0.001 -21"><span class='ocrx_word' id='word_1_269' title='bbox 2453 1843 2685 1923; x_wconf 89' lang='lat' dir='ltr'>prietas</span> <span class='ocrx_word' id='word_1_270' title='bbox 2734 1850 2851 1915; x_wconf 89' lang='lat' dir='ltr'>est,</span> <span class='ocrx_word' id='word_1_271' title='bbox 2904 1850 2975 1904; x_wconf 91' lang='lat' dir='ltr'>ut</span> <span class='ocrx_word' id='word_1_272' title='bbox 3034 1849 3287 1904; x_wconf 87' lang='lat' dir='ltr'>causata</span> <span class='ocrx_word' id='word_1_273' title='bbox 3337 1841 3399 1903; x_wconf 92' lang='lat' dir='ltr'>in</span> <span class='ocrx_word' id='word_1_274' title='bbox 3462 1861 3528 1903; x_wconf 89' lang='lat' dir='ltr'>se</span> <span class='ocrx_word' id='word_1_275' title='bbox 3582 1841 3837 1902; x_wconf 88' lang='lat' dir='ltr'>ordinet</span> <span class='ocrx_word' id='word_1_276' title='bbox 3884 1848 3941 1902; x_wconf 85' lang='lat' dir='ltr'>et</span> 
     </span>
     <span class='ocr_line' id='line_1_52' title="bbox 2450 1938 3942 2004; baseline -0.002 -3"><span class='ocrx_word' id='word_1_277' title='bbox 2450 1941 2706 2004; x_wconf 89' lang='lat' dir='ltr'>reducat</span> <span class='ocrx_word' id='word_1_278' title='bbox 2733 1958 2747 2001; x_wconf 77' lang='grc' dir='ltr'>ε</span> <span class='ocrx_word' id='word_1_279' title='bbox 2774 1941 2838 2001; x_wconf 91' lang='lat' dir='ltr'>in</span> <span class='ocrx_word' id='word_1_280' title='bbox 2872 1940 3069 2002; x_wconf 82' lang='lat' dir='ltr'>finem</span> <span class='ocrx_word' id='word_1_281' title='bbox 3102 1939 3277 2002; x_wconf 90' lang='lat' dir='ltr'>enim</span> <span class='ocrx_word' id='word_1_282' title='bbox 3308 1947 3518 2001; x_wconf 89' lang='lat' dir='ltr'>cetera</span> <span class='ocrx_word' id='word_1_283' title='bbox 3545 1938 3942 2001; x_wconf 76' lang='lat' dir='ltr'>ordinant-ur.</span> 
     </span>
     <span class='ocr_line' id='line_1_53' title="bbox 2449 2038 4186 2121; baseline -0.005 -21"><span class='ocrx_word' id='word_1_284' title='bbox 2449 2039 2613 2100; x_wconf 90' lang='lat' dir='ltr'>Deus</span> <span class='ocrx_word' id='word_1_285' title='bbox 2645 2056 2793 2118; x_wconf 86' lang='lat' dir='ltr'>ergo</span> <span class='ocrx_word' id='word_1_286' title='bbox 2824 2039 3039 2100; x_wconf 89' lang='lat' dir='ltr'>omnia</span> <span class='ocrx_word' id='word_1_287' title='bbox 3068 2046 3327 2121; x_wconf 90' lang='lat' dir='ltr'>propter</span> <span class='ocrx_word' id='word_1_288' title='bbox 3356 2038 3768 2119; x_wconf 90' lang='lat' dir='ltr'>semetipsum</span> <span class='ocrx_word' id='word_1_289' title='bbox 3801 2055 3946 2119; x_wconf 87' lang='lat' dir='ltr'>ope·</span> <span class='ocrx_word' id='word_1_290' title='bbox 3996 2053 4186 2095; x_wconf 61' lang='lat' dir='ltr'>emm</span> 
     </span>
     <span class='ocr_line' id='line_1_54' title="bbox 2448 2119 4010 2219; baseline -0.001 -21"><span class='ocrx_word' id='word_1_291' title='bbox 2448 2145 2619 2198; x_wconf 90' lang='lat' dir='ltr'>ratus</span> <span class='ocrx_word' id='word_1_292' title='bbox 2652 2145 2763 2198; x_wconf 90' lang='lat' dir='ltr'>est.</span> <span class='ocrx_word' id='word_1_293' title='bbox 2790 2135 3099 2199; x_wconf 89' lang='lat' dir='ltr'>Omnibus</span> <span class='ocrx_word' id='word_1_294' title='bbox 3132 2137 3345 2219; x_wconf 90' lang='lat' dir='ltr'>itaque</span> <span class='ocrx_word' id='word_1_295' title='bbox 3377 2137 3733 2198; x_wconf 88' lang='lat' dir='ltr'>naturalem</span> <span class='ocrx_word' id='word_1_296' title='bbox 3769 2135 3947 2197; x_wconf 88' lang='lat' dir='ltr'>incli·</span> <span class='ocrx_word' id='word_1_297' title='bbox 3971 2119 4010 2158; x_wconf 74' lang='lat'>⁴·</span> 
     </span>
     <span class='ocr_line' id='line_1_55' title="bbox 2449 2234 3947 2316; baseline -0.002 -20"><span class='ocrx_word' id='word_1_298' title='bbox 2449 2236 2769 2297; x_wconf 87' lang='lat' dir='ltr'>nationem</span> <span class='ocrx_word' id='word_1_299' title='bbox 2817 2235 3077 2315; x_wconf 88' lang='lat' dir='ltr'>largitus</span> <span class='ocrx_word' id='word_1_300' title='bbox 3119 2243 3236 2307; x_wconf 90' lang='lat' dir='ltr'>est,</span> <span class='ocrx_word' id='word_1_301' title='bbox 3270 2253 3395 2316; x_wconf 91' lang='lat' dir='ltr'>qua</span> <span class='ocrx_word' id='word_1_302' title='bbox 3434 2234 3685 2314; x_wconf 89' lang='lat' dir='ltr'>singula</span> <span class='ocrx_word' id='word_1_303' title='bbox 3722 2252 3947 2296; x_wconf 88' lang='lat' dir='ltr'>secun-</span> 
     </span>
     <span class='ocr_line' id='line_1_56' title="bbox 2447 2331 3945 2414; baseline -0.001 -20"><span class='ocrx_word' id='word_1_304' title='bbox 2447 2333 2599 2394; x_wconf 91' lang='lat' dir='ltr'>dum</span> <span class='ocrx_word' id='word_1_305' title='bbox 2635 2333 3033 2414; x_wconf 89' lang='lat' dir='ltr'>propriarum</span> <span class='ocrx_word' id='word_1_306' title='bbox 3070 2333 3376 2394; x_wconf 89' lang='lat' dir='ltr'>virtutum</span> <span class='ocrx_word' id='word_1_307' title='bbox 3410 2331 3945 2406; x_wconf 82' lang='lat' dir='ltr'>habitudinem,in</span> 
     </span>
     <span class='ocr_line' id='line_1_57' title="bbox 2450 2429 3947 2513; baseline -0.001 -21"><span class='ocrx_word' id='word_1_308' title='bbox 2450 2431 2658 2513; x_wconf 90' lang='lat' dir='ltr'>ipsum</span> <span class='ocrx_word' id='word_1_309' title='bbox 2706 2439 3005 2512; x_wconf 86' lang='lat' dir='ltr'>tanquam</span> <span class='ocrx_word' id='word_1_310' title='bbox 3063 2431 3128 2491; x_wconf 91' lang='lat' dir='ltr'>in</span> <span class='ocrx_word' id='word_1_311' title='bbox 3182 2429 3383 2492; x_wconf 80' lang='lat' dir='ltr'>finem</span> <span class='ocrx_word' id='word_1_312' title='bbox 3434 2430 3665 2492; x_wconf 84' lang='lat' dir='ltr'>finium</span> <span class='ocrx_word' id='word_1_313' title='bbox 3708 2430 3947 2492; x_wconf 89' lang='lat' dir='ltr'>omnis-</span> 
     </span>
     <span class='ocr_line' id='line_1_58' title="bbox 2449 2528 3949 2612; baseline -0.001 -22"><span class='ocrx_word' id='word_1_314' title='bbox 2449 2548 2572 2612; x_wconf 87' lang='lat' dir='ltr'>que</span> <span class='ocrx_word' id='word_1_315' title='bbox 2615 2529 2763 2592; x_wconf 89' lang='lat' dir='ltr'>boni</span> <span class='ocrx_word' id='word_1_316' title='bbox 2816 2529 3055 2591; x_wconf 91' lang='lat' dir='ltr'>bonum</span> <span class='ocrx_word' id='word_1_317' title='bbox 3106 2547 3389 2591; x_wconf 88' lang='lat' dir='ltr'>remeare</span> <span class='ocrx_word' id='word_1_318' title='bbox 3438 2528 3760 2591; x_wconf 82' lang='lat' dir='ltr'>festinant.</span> <span class='ocrx_word' id='word_1_319' title='bbox 3809 2528 3949 2591; x_wconf 89' lang='lat' dir='ltr'>Om-</span> 
     </span>
     <span class='ocr_line' id='line_1_59' title="bbox 2448 2626 3947 2708; baseline -0.001 -19"><span class='ocrx_word' id='word_1_320' title='bbox 2448 2628 2625 2689; x_wconf 90' lang='lat' dir='ltr'>nium</span> <span class='ocrx_word' id='word_1_321' title='bbox 2669 2645 2818 2708; x_wconf 86' lang='lat' dir='ltr'>ergo</span> <span class='ocrx_word' id='word_1_322' title='bbox 2858 2635 2955 2690; x_wconf 90' lang='lat' dir='ltr'>est</span> <span class='ocrx_word' id='word_1_323' title='bbox 3004 2626 3139 2708; x_wconf 90' lang='lat' dir='ltr'>ipse</span> <span class='ocrx_word' id='word_1_324' title='bbox 3188 2635 3412 2689; x_wconf 88' lang='lat' dir='ltr'>rector.</span> <span class='ocrx_word' id='word_1_325' title='bbox 3455 2627 3615 2700; x_wconf 87' lang='lat' dir='ltr'>Quid</span> <span class='ocrx_word' id='word_1_326' title='bbox 3664 2645 3947 2708; x_wconf 88' lang='lat' dir='ltr'>namque</span> 
     </span>
     <span class='ocr_line' id='line_1_60' title="bbox 2448 2725 3943 2807; baseline -0.001 -20"><span class='ocrx_word' id='word_1_327' title='bbox 2448 2726 2618 2787; x_wconf 92' lang='lat' dir='ltr'>aliud</span> <span class='ocrx_word' id='word_1_328' title='bbox 2650 2725 3009 2807; x_wconf 90' lang='lat' dir='ltr'>appellatur</span> <span class='ocrx_word' id='word_1_329' title='bbox 3048 2743 3290 2805; x_wconf 81' lang='lat' dir='ltr'>regere,</span> <span class='ocrx_word' id='word_1_330' title='bbox 3323 2745 3513 2807; x_wconf 87' lang='lat' dir='ltr'>quam</span> <span class='ocrx_word' id='word_1_331' title='bbox 3558 2743 3691 2788; x_wconf 89' lang='lat' dir='ltr'>rem</span> <span class='ocrx_word' id='word_1_332' title='bbox 3736 2725 3807 2786; x_wconf 90' lang='lat' dir='ltr'>in</span> <span class='ocrx_word' id='word_1_333' title='bbox 3848 2725 3943 2786; x_wconf 89' lang='lat' dir='ltr'>sui</span> 
     </span>
     <span class='ocr_line' id='line_1_61' title="bbox 2447 2823 3945 2904; baseline -0.001 -19"><span class='ocrx_word' id='word_1_334' title='bbox 2447 2823 2647 2886; x_wconf 83' lang='lat' dir='ltr'>finem</span> <span class='ocrx_word' id='word_1_335' title='bbox 2690 2824 3007 2904; x_wconf 73' lang='lat' dir='ltr'>dirigere?</span> <span class='ocrx_word' id='word_1_336' title='bbox 3038 2823 3363 2896; x_wconf 63' lang='lat' dir='ltr'>Praeterea,</span> <span class='ocrx_word' id='word_1_337' title='bbox 3398 2823 3945 2904; x_wconf 84' lang='lat' dir='ltr'>perfectissimum</span> 
     </span>
     <span class='ocr_line' id='line_1_62' title="bbox 2448 2921 3947 3003; baseline 0 -21"><span class='ocrx_word' id='word_1_338' title='bbox 2448 2929 2511 2982; x_wconf 86' lang='lat' dir='ltr'>et</span> <span class='ocrx_word' id='word_1_339' title='bbox 2550 2921 2866 3002; x_wconf 87' lang='lat' dir='ltr'>optimum</span> <span class='ocrx_word' id='word_1_340' title='bbox 2910 2941 3125 3002; x_wconf 84' lang='lat' dir='ltr'>agenS‚</span> <span class='ocrx_word' id='word_1_341' title='bbox 3172 2940 3497 2982; x_wconf 91' lang='lat' dir='ltr'>summum</span> <span class='ocrx_word' id='word_1_342' title='bbox 3536 2921 3947 3003; x_wconf 86' lang='lat' dir='ltr'>propriorum</span> 
     </span>
     <span class='ocr_line' id='line_1_63' title="bbox 2448 3019 3944 3102; baseline -0.001 -20"><span class='ocrx_word' id='word_1_343' title='bbox 2448 3028 2849 3082; x_wconf 89' lang='lat' dir='ltr'>causatorum</span> <span class='ocrx_word' id='word_1_344' title='bbox 2908 3019 3151 3082; x_wconf 89' lang='lat' dir='ltr'>bonum</span> <span class='ocrx_word' id='word_1_345' title='bbox 3211 3020 3531 3102; x_wconf 88' lang='lat' dir='ltr'>operando</span> <span class='ocrx_word' id='word_1_346' title='bbox 3591 3019 3873 3082; x_wconf 89' lang='lat' dir='ltr'>intendit</span> <span class='ocrx_word' id='word_1_347' title='bbox 3930 3037 3944 3081; x_wconf 72' lang='grc' dir='ltr'>ε</span> 
     </span>
     <span class='ocr_line' id='line_1_64' title="bbox 2449 3118 3947 3198; baseline 0.002 -21"><span class='ocrx_word' id='word_1_348' title='bbox 2449 3118 2751 3198; x_wconf 90' lang='lat' dir='ltr'>quoniam</span> <span class='ocrx_word' id='word_1_349' title='bbox 2784 3137 2861 3180; x_wconf 86' lang='lat' dir='ltr'>ex</span> <span class='ocrx_word' id='word_1_350' title='bbox 2894 3118 3257 3180; x_wconf 90' lang='lat' dir='ltr'>conditione</span> <span class='ocrx_word' id='word_1_351' title='bbox 3288 3118 3583 3190; x_wconf 80' lang='lat' dir='ltr'>effectus,</span> <span class='ocrx_word' id='word_1_352' title='bbox 3610 3137 3823 3182; x_wconf 83' lang='lat' dir='ltr'>causae</span> <span class='ocrx_word' id='word_1_353' title='bbox 3842 3137 3947 3180; x_wconf 86' lang='lat' dir='ltr'>ex-</span> 
     </span>
     <span class='ocr_line' id='line_1_65' title="bbox 2447 3215 3951 3297; baseline 0.001 -21"><span class='ocrx_word' id='word_1_354' title='bbox 2447 3215 2735 3277; x_wconf 84' lang='lat' dir='ltr'>sistentia</span> <span class='ocrx_word' id='word_1_355' title='bbox 2766 3216 3086 3297; x_wconf 88' lang='lat' dir='ltr'>pensanda</span> <span class='ocrx_word' id='word_1_356' title='bbox 3115 3222 3227 3278; x_wconf 91' lang='lat' dir='ltr'>est.</span> <span class='ocrx_word' id='word_1_357' title='bbox 3248 3217 3497 3278; x_wconf 89' lang='lat' dir='ltr'>Primus</span> <span class='ocrx_word' id='word_1_358' title='bbox 3524 3224 3737 3278; x_wconf 87' lang='lat' dir='ltr'>autem</span> <span class='ocrx_word' id='word_1_359' title='bbox 3771 3225 3951 3279; x_wconf 88' lang='lat' dir='ltr'>actor</span> 
     </span>
     <span class='ocr_line' id='line_1_66' title="bbox 2448 3313 3944 3396; baseline 0 -22"><span class='ocrx_word' id='word_1_360' title='bbox 2448 3314 2728 3395; x_wconf 91' lang='lat' dir='ltr'>optimus</span> <span class='ocrx_word' id='word_1_361' title='bbox 2761 3314 2981 3395; x_wconf 86' lang='lat' dir='ltr'>utique</span> <span class='ocrx_word' id='word_1_362' title='bbox 3019 3321 3134 3384; x_wconf 86' lang='lat' dir='ltr'>est,</span> <span class='ocrx_word' id='word_1_363' title='bbox 3168 3321 3232 3376; x_wconf 89' lang='lat' dir='ltr'>et</span> <span class='ocrx_word' id='word_1_364' title='bbox 3272 3314 3525 3395; x_wconf 87' lang='lat' dir='ltr'>penitus</span> <span class='ocrx_word' id='word_1_365' title='bbox 3566 3313 3895 3396; x_wconf 79' lang='lat' dir='ltr'>perlectus</span> <span class='ocrx_word' id='word_1_366' title='bbox 3931 3330 3944 3374; x_wconf 92' lang='lat'>:</span> 
     </span>
     <span class='ocr_line' id='line_1_67' title="bbox 2450 3412 3950 3492; baseline 0.002 -19"><span class='ocrx_word' id='word_1_367' title='bbox 2450 3412 2797 3492; x_wconf 86' lang='lat' dir='ltr'>cujuslibet</span> <span class='ocrx_word' id='word_1_368' title='bbox 2855 3431 3006 3475; x_wconf 90' lang='lat' dir='ltr'>vero</span> <span class='ocrx_word' id='word_1_369' title='bbox 3055 3419 3296 3476; x_wconf 83' lang='lat' dir='ltr'>naturae</span> <span class='ocrx_word' id='word_1_370' title='bbox 3344 3421 3407 3475; x_wconf 92' lang='lat' dir='ltr'>et</span> <span class='ocrx_word' id='word_1_371' title='bbox 3456 3413 3711 3476; x_wconf 89' lang='lat' dir='ltr'>virtutis</span> <span class='ocrx_word' id='word_1_372' title='bbox 3772 3433 3950 3476; x_wconf 91' lang='lat' dir='ltr'>sum-</span> 
     </span>
     <span class='ocr_line' id='line_1_68' title="bbox 2454 3510 3943 3594; baseline 0.001 -22"><span class='ocrx_word' id='word_1_373' title='bbox 2454 3530 2629 3572; x_wconf 90' lang='lat' dir='ltr'>mum</span> <span class='ocrx_word' id='word_1_374' title='bbox 2688 3510 2952 3585; x_wconf 90' lang='lat' dir='ltr'>bonum,</span> <span class='ocrx_word' id='word_1_375' title='bbox 3004 3519 3100 3573; x_wconf 84' lang='lat' dir='ltr'>est</span> <span class='ocrx_word' id='word_1_376' title='bbox 3148 3512 3443 3593; x_wconf 89' lang='lat' dir='ltr'>proprius</span> <span class='ocrx_word' id='word_1_377' title='bbox 3504 3512 3705 3594; x_wconf 91' lang='lat' dir='ltr'>ipsius</span> <span class='ocrx_word' id='word_1_378' title='bbox 3766 3512 3943 3585; x_wconf 84' lang='lat' dir='ltr'>sinis,</span> 
     </span>
     <span class='ocr_line' id='line_1_69' title="bbox 2449 3610 3943 3691; baseline 0.002 -21"><span class='ocrx_word' id='word_1_379' title='bbox 2449 3627 2575 3690; x_wconf 93' lang='lat' dir='ltr'>quo</span> <span class='ocrx_word' id='word_1_380' title='bbox 2642 3610 2892 3691; x_wconf 88' lang='lat' dir='ltr'>adepto,</span> <span class='ocrx_word' id='word_1_381' title='bbox 2954 3610 3122 3672; x_wconf 90' lang='lat' dir='ltr'>sistit</span> <span class='ocrx_word' id='word_1_382' title='bbox 3186 3610 3596 3673; x_wconf 89' lang='lat' dir='ltr'>desiderium.</span> <span class='ocrx_word' id='word_1_383' title='bbox 3656 3611 3943 3673; x_wconf 88' lang='lat' dir='ltr'>Primum</span> 
     </span>
     <span class='ocr_line' id='line_1_70' title="bbox 2447 3707 3948 3790; baseline 0.002 -22"><span class='ocrx_word' id='word_1_384' title='bbox 2447 3725 2596 3786; x_wconf 90' lang='lat' dir='ltr'>ergo</span> <span class='ocrx_word' id='word_1_385' title='bbox 2627 3707 2692 3768; x_wconf 92' lang='lat' dir='ltr'>in</span> <span class='ocrx_word' id='word_1_386' title='bbox 2725 3708 3059 3771; x_wconf 85' lang='lat' dir='ltr'>mundanae</span> <span class='ocrx_word' id='word_1_387' title='bbox 3092 3708 3437 3770; x_wconf 88' lang='lat' dir='ltr'>molitionis</span> <span class='ocrx_word' id='word_1_388' title='bbox 3472 3711 3775 3790; x_wconf 82' lang='lat' dir='ltr'>primaeva</span> <span class='ocrx_word' id='word_1_389' title='bbox 3806 3727 3948 3773; x_wconf 91' lang='lat' dir='ltr'>con-</span> 
     </span>
     <span class='ocr_line' id='line_1_71' title="bbox 2448 3804 3947 3887; baseline 0.002 -22"><span class='ocrx_word' id='word_1_390' title='bbox 2448 3804 2799 3878; x_wconf 88' lang='lat' dir='ltr'>stitutione,</span> <span class='ocrx_word' id='word_1_391' title='bbox 2842 3805 3131 3866; x_wconf 88' lang='lat' dir='ltr'>omnium</span> <span class='ocrx_word' id='word_1_392' title='bbox 3176 3824 3306 3868; x_wconf 80' lang='lat' dir='ltr'>suae</span> <span class='ocrx_word' id='word_1_393' title='bbox 3350 3804 3651 3868; x_wconf 88' lang='lat' dir='ltr'>bonitatis</span> <span class='ocrx_word' id='word_1_394' title='bbox 3694 3807 3947 3887; x_wconf 86' lang='lat' dir='ltr'>partici-</span> 
     </span>
     <span class='ocr_line' id='line_1_72' title="bbox 2449 3901 3945 3985; baseline 0.001 -21"><span class='ocrx_word' id='word_1_395' title='bbox 2449 3902 2765 3985; x_wconf 86' lang='lat' dir='ltr'>pationem</span> <span class='ocrx_word' id='word_1_396' title='bbox 2799 3901 3311 3983; x_wconf 89' lang='lat' dir='ltr'>suscipientium,</span> <span class='ocrx_word' id='word_1_397' title='bbox 3344 3923 3669 3966; x_wconf 87' lang='lat' dir='ltr'>summum</span> <span class='ocrx_word' id='word_1_398' title='bbox 3700 3904 3945 3966; x_wconf 89' lang='lat' dir='ltr'>bonum</span> 
     </span>
     <span class='ocr_line' id='line_1_73' title="bbox 2450 3999 3945 4082; baseline 0.003 -22"><span class='ocrx_word' id='word_1_399' title='bbox 2450 3999 2835 4062; x_wconf 89' lang='lat' dir='ltr'>intendebat.</span> <span class='ocrx_word' id='word_1_400' title='bbox 2900 4001 3023 4062; x_wconf 88' lang='lat' dir='ltr'>Aut</span> <span class='ocrx_word' id='word_1_401' title='bbox 3079 4019 3230 4081; x_wconf 86' lang='lat' dir='ltr'>ergo</span> <span class='ocrx_word' id='word_1_402' title='bbox 3287 4001 3625 4082; x_wconf 87' lang='lat' dir='ltr'>speciebus</span> <span class='ocrx_word' id='word_1_403' title='bbox 3693 4004 3945 4066; x_wconf 88' lang='lat' dir='ltr'>cunctis</span> 
     </span>
     <span class='ocr_line' id='line_1_74' title="bbox 2446 4098 3946 4180; baseline 0.005 -21"><span class='ocrx_word' id='word_1_404' title='bbox 2446 4098 2761 4160; x_wconf 86' lang='lat' dir='ltr'>desideria</span> <span class='ocrx_word' id='word_1_405' title='bbox 2808 4098 3101 4180; x_wconf 84' lang='lat' dir='ltr'>praestitit</span> <span class='ocrx_word' id='word_1_406' title='bbox 3156 4107 3219 4161; x_wconf 91' lang='lat' dir='ltr'>et</span> <span class='ocrx_word' id='word_1_407' title='bbox 3274 4107 3650 4180; x_wconf 89' lang='lat' dir='ltr'>potestatem</span> <span class='ocrx_word' id='word_1_408' title='bbox 3712 4101 3773 4162; x_wconf 92' lang='lat' dir='ltr'>id</span> <span class='ocrx_word' id='word_1_409' title='bbox 3836 4102 3946 4166; x_wconf 90' lang='lat' dir='ltr'>bo-</span> 
     </span>
    </p>
   </div>
   <div class='ocr_carea' id='block_1_9' title="bbox 843 4191 3945 4281">
    <p class='ocr_par' dir='ltr' id='par_1_12' title="bbox 843 4191 3945 4281">
     <span class='ocr_line' id='line_1_75' title="bbox 843 4191 3945 4281; baseline 0.002 -25"><span class='ocrx_word' id='word_1_410' title='bbox 843 4193 1272 4256; x_wconf 83' lang='lat' dir='ltr'>multiformes</span> <span class='ocrx_word' id='word_1_411' title='bbox 1329 4194 1790 4275; x_wconf 87' lang='lat' dir='ltr'>appellationes</span> <span class='ocrx_word' id='word_1_412' title='bbox 1847 4195 2191 4256; x_wconf 86' lang='lat' dir='ltr'>convenire</span> <span class='ocrx_word' id='word_1_413' title='bbox 2248 4196 2337 4257; x_wconf 92' lang='lat' dir='ltr'>nil</span> <span class='ocrx_word' id='word_1_414' title='bbox 2368 4191 2418 4253; x_wconf 91' lang='lat' dir='ltr'>D</span> <span class='ocrx_word' id='word_1_415' title='bbox 2452 4216 2604 4257; x_wconf 92' lang='lat' dir='ltr'>num</span> <span class='ocrx_word' id='word_1_416' title='bbox 2634 4197 3056 4278; x_wconf 86' lang='lat' dir='ltr'>adipiscendi,</span> <span class='ocrx_word' id='word_1_417' title='bbox 3090 4206 3199 4259; x_wconf 90' lang='lat' dir='ltr'>aut</span> <span class='ocrx_word' id='word_1_418' title='bbox 3242 4217 3389 4260; x_wconf 91' lang='lat' dir='ltr'>non.</span> <span class='ocrx_word' id='word_1_419' title='bbox 3426 4199 3490 4261; x_wconf 92' lang='lat' dir='ltr'>Si</span> <span class='ocrx_word' id='word_1_420' title='bbox 3532 4218 3656 4262; x_wconf 92' lang='lat' dir='ltr'>non</span> <span class='ocrx_word' id='word_1_421' title='bbox 3702 4201 3945 4281; x_wconf 86' lang='lat' dir='ltr'>praesti-</span> 
     </span>
    </p>
   </div>
   <div class='ocr_carea' id='block_1_10' title="bbox 837 4290 2339 5352">
    <p class='ocr_par' dir='ltr' id='par_1_13' title="bbox 837 4290 2339 5352">
     <span class='ocr_line' id='line_1_76' title="bbox 841 4290 2339 4374; baseline 0.001 -22"><span class='ocrx_word' id='word_1_422' title='bbox 841 4290 1162 4374; x_wconf 88' lang='lat' dir='ltr'>prohibet,</span> <span class='ocrx_word' id='word_1_423' title='bbox 1214 4291 1379 4352; x_wconf 90' lang='lat' dir='ltr'>sicut</span> <span class='ocrx_word' id='word_1_424' title='bbox 1426 4299 1488 4352; x_wconf 90' lang='lat' dir='ltr'>et</span> <span class='ocrx_word' id='word_1_425' title='bbox 1536 4292 1822 4353; x_wconf 89' lang='lat' dir='ltr'>idearum</span> <span class='ocrx_word' id='word_1_426' title='bbox 1873 4292 2216 4355; x_wconf 89' lang='lat' dir='ltr'>multitudo</span> <span class='ocrx_word' id='word_1_427' title='bbox 2274 4293 2339 4354; x_wconf 88' lang='lat' dir='ltr'>in</span> 
     </span>
     <span class='ocr_line' id='line_1_77' title="bbox 844 4388 2338 4472; baseline 0.001 -20"><span class='ocrx_word' id='word_1_428' title='bbox 844 4391 982 4472; x_wconf 90' lang='lat' dir='ltr'>ipsa</span> <span class='ocrx_word' id='word_1_429' title='bbox 1027 4389 1303 4470; x_wconf 89' lang='lat' dir='ltr'>ponitur.</span> <span class='ocrx_word' id='word_1_430' title='bbox 1348 4423 1426 4434; x_wconf 88' lang='lat'>-—</span> <span class='ocrx_word' id='word_1_431' title='bbox 1465 4388 1674 4462; x_wconf 90' lang='lat' dir='ltr'>Porr0‚</span> <span class='ocrx_word' id='word_1_432' title='bbox 1724 4391 1990 4453; x_wconf 87' lang='lat' dir='ltr'>scientia</span> <span class='ocrx_word' id='word_1_433' title='bbox 2036 4391 2228 4472; x_wconf 89' lang='lat' dir='ltr'>primi</span> <span class='ocrx_word' id='word_1_434' title='bbox 2273 4392 2338 4453; x_wconf 89' lang='lat' dir='ltr'>in</span> 
     </span>
     <span class='ocr_line' id='line_1_78' title="bbox 839 4486 2337 4569; baseline 0 -18"><span class='ocrx_word' id='word_1_435' title='bbox 839 4494 986 4551; x_wconf 89' lang='lat' dir='ltr'>actu</span> <span class='ocrx_word' id='word_1_436' title='bbox 1019 4495 1114 4550; x_wconf 88' lang='lat' dir='ltr'>est</span> <span class='ocrx_word' id='word_1_437' title='bbox 1143 4494 1207 4550; x_wconf 88' lang='lat' dir='ltr'>et</span> <span class='ocrx_word' id='word_1_438' title='bbox 1236 4486 1301 4548; x_wconf 90' lang='lat' dir='ltr'>in</span> <span class='ocrx_word' id='word_1_439' title='bbox 1329 4505 1536 4567; x_wconf 88' lang='lat' dir='ltr'>agere,</span> <span class='ocrx_word' id='word_1_440' title='bbox 1569 4507 1766 4569; x_wconf 89' lang='lat' dir='ltr'>quum</span> <span class='ocrx_word' id='word_1_441' title='bbox 1799 4490 1882 4551; x_wconf 91' lang='lat' dir='ltr'>sit</span> <span class='ocrx_word' id='word_1_442' title='bbox 1911 4498 2144 4552; x_wconf 85' lang='lat' dir='ltr'>aeterna</span> <span class='ocrx_word' id='word_1_443' title='bbox 2176 4490 2337 4552; x_wconf 89' lang='lat' dir='ltr'>invi-</span> 
     </span>
     <span class='ocr_line' id='line_1_79' title="bbox 841 4583 2338 4667; baseline 0.001 -19"><span class='ocrx_word' id='word_1_444' title='bbox 841 4583 1500 4664; x_wconf 90' lang='lat' dir='ltr'>cissitudinabilisque</span> <span class='ocrx_word' id='word_1_445' title='bbox 1541 4587 2013 4667; x_wconf 88' lang='lat' dir='ltr'>contemplatio.</span> <span class='ocrx_word' id='word_1_446' title='bbox 2056 4587 2142 4648; x_wconf 89' lang='lat' dir='ltr'>Ea</span> <span class='ocrx_word' id='word_1_447' title='bbox 2187 4606 2338 4650; x_wconf 89' lang='lat' dir='ltr'>vero</span> 
     </span>
     <span class='ocr_line' id='line_1_80' title="bbox 840 4680 2339 4764; baseline 0.001 -18"><span class='ocrx_word' id='word_1_448' title='bbox 840 4683 1168 4746; x_wconf 90' lang='lat' dir='ltr'>distinctio</span> <span class='ocrx_word' id='word_1_449' title='bbox 1197 4680 1437 4744; x_wconf 86' lang='lat' dir='ltr'>Alberti</span> <span class='ocrx_word' id='word_1_450' title='bbox 1472 4701 1612 4763; x_wconf 82' lang='lat' dir='ltr'>quae</span> <span class='ocrx_word' id='word_1_451' title='bbox 1652 4691 1949 4764; x_wconf 73' lang='lat' dir='ltr'>praetacta</span> <span class='ocrx_word' id='word_1_452' title='bbox 1979 4692 2090 4756; x_wconf 89' lang='lat' dir='ltr'>est,</span> <span class='ocrx_word' id='word_1_453' title='bbox 2125 4685 2189 4747; x_wconf 92' lang='lat' dir='ltr'>in</span> <span class='ocrx_word' id='word_1_454' title='bbox 2232 4703 2339 4747; x_wconf 90' lang='lat' dir='ltr'>no·</span> 
     </span>
     <span class='ocr_line' id='line_1_81' title="bbox 840 4778 2335 4856; baseline 0.001 -12"><span class='ocrx_word' id='word_1_455' title='bbox 840 4789 968 4844; x_wconf 88' lang='lat' dir='ltr'>stra</span> <span class='ocrx_word' id='word_1_456' title='bbox 1001 4789 1246 4844; x_wconf 90' lang='lat' dir='ltr'>tantum</span> <span class='ocrx_word' id='word_1_457' title='bbox 1279 4778 1547 4842; x_wconf 86' lang='lat' dir='ltr'>scientia</span> <span class='ocrx_word' id='word_1_458' title='bbox 1579 4779 1788 4842; x_wconf 93' lang='lat' dir='ltr'>locum</span> <span class='ocrx_word' id='word_1_459' title='bbox 1821 4780 2030 4843; x_wconf 91' lang='lat' dir='ltr'>habet.</span> <span class='ocrx_word' id='word_1_460' title='bbox 2052 4817 2133 4827; x_wconf 97' lang='lat'><strong>—</strong></span> <span class='ocrx_word' id='word_1_461' title='bbox 2161 4783 2335 4856; x_wconf 87' lang='lat' dir='ltr'>Quod</span> 
     </span>
     <span class='ocr_line' id='line_1_82' title="bbox 837 4877 2335 4961; baseline 0 -17"><span class='ocrx_word' id='word_1_462' title='bbox 837 4898 990 4944; x_wconf 92' lang='lat' dir='ltr'>vero</span> <span class='ocrx_word' id='word_1_463' title='bbox 1039 4880 1105 4941; x_wconf 92' lang='lat' dir='ltr'>in</span> <span class='ocrx_word' id='word_1_464' title='bbox 1153 4878 1340 4941; x_wconf 90' lang='lat' dir='ltr'>nobis</span> <span class='ocrx_word' id='word_1_465' title='bbox 1390 4877 1751 4941; x_wconf 88' lang='lat' dir='ltr'>intellectus</span> <span class='ocrx_word' id='word_1_466' title='bbox 1800 4879 2335 4961; x_wconf 89' lang='lat' dir='ltr'>contemplativus</span> 
     </span>
     <span class='ocr_line' id='line_1_83' title="bbox 837 4977 2337 5060; baseline 0 -18"><span class='ocrx_word' id='word_1_467' title='bbox 837 4987 901 5042; x_wconf 87' lang='lat' dir='ltr'>et</span> <span class='ocrx_word' id='word_1_468' title='bbox 947 4978 1314 5060; x_wconf 91' lang='lat' dir='ltr'>operativus</span> <span class='ocrx_word' id='word_1_469' title='bbox 1372 4993 1446 5038; x_wconf 89' lang='lat' dir='ltr'>ac</span> <span class='ocrx_word' id='word_1_470' title='bbox 1505 4977 1696 5038; x_wconf 89' lang='lat' dir='ltr'>etiam</span> <span class='ocrx_word' id='word_1_471' title='bbox 1755 4977 2042 5040; x_wconf 84' lang='lat' dir='ltr'>formalis</span> <span class='ocrx_word' id='word_1_472' title='bbox 2102 4996 2337 5059; x_wconf 89' lang='lat' dir='ltr'>organo</span> 
     </span>
     <span class='ocr_line' id='line_1_84' title="bbox 837 5074 2339 5163; baseline 0 -23"><span class='ocrx_word' id='word_1_473' title='bbox 837 5085 1035 5158; x_wconf 89' lang='lat' dir='ltr'>egeat,</span> <span class='ocrx_word' id='word_1_474' title='bbox 1072 5085 1136 5138; x_wconf 89' lang='lat' dir='ltr'>et</span> <span class='ocrx_word' id='word_1_475' title='bbox 1168 5076 1230 5137; x_wconf 89' lang='lat' dir='ltr'>in</span> <span class='ocrx_word' id='word_1_476' title='bbox 1263 5075 1388 5163; x_wconf 80' lang='lat' dir='ltr'>alio</span> <span class='ocrx_word' id='word_1_477' title='bbox 1421 5074 1744 5149; x_wconf 88' lang='lat' dir='ltr'>subsistat,</span> <span class='ocrx_word' id='word_1_478' title='bbox 1772 5085 2002 5140; x_wconf 87' lang='lat' dir='ltr'>nostrae</span> <span class='ocrx_word' id='word_1_479' title='bbox 2040 5077 2339 5158; x_wconf 83' lang='lat' dir='ltr'>imperfe-</span> 
     </span>
     <span class='ocr_line' id='line_1_85' title="bbox 838 5174 2338 5258; baseline 0.001 -21"><span class='ocrx_word' id='word_1_480' title='bbox 838 5175 1066 5237; x_wconf 86' lang='lat' dir='ltr'>ctionis</span> <span class='ocrx_word' id='word_1_481' title='bbox 1093 5181 1209 5247; x_wconf 88' lang='lat' dir='ltr'>est,</span> <span class='ocrx_word' id='word_1_482' title='bbox 1244 5174 1412 5242; x_wconf 86' lang='lat' dir='ltr'>sicut</span> <span class='ocrx_word' id='word_1_483' title='bbox 1441 5181 1504 5235; x_wconf 91' lang='lat' dir='ltr'>et</span> <span class='ocrx_word' id='word_1_484' title='bbox 1533 5174 1610 5235; x_wconf 93' lang='lat' dir='ltr'>de</span> <span class='ocrx_word' id='word_1_485' title='bbox 1641 5174 1956 5237; x_wconf 89' lang='lat' dir='ltr'>divisione</span> <span class='ocrx_word' id='word_1_486' title='bbox 1987 5182 2177 5258; x_wconf 88' lang='lat' dir='ltr'>atque</span> <span class='ocrx_word' id='word_1_487' title='bbox 2218 5175 2338 5238; x_wconf 87' lang='lat' dir='ltr'>dif-</span> 
     </span>
     <span class='ocr_line' id='line_1_86' title="bbox 837 5271 1928 5352; baseline -0.003 -16"><span class='ocrx_word' id='word_1_488' title='bbox 837 5273 1110 5336; x_wconf 83' lang='lat' dir='ltr'>ferentia</span> <span class='ocrx_word' id='word_1_489' title='bbox 1145 5271 1558 5334; x_wconf 86' lang='lat' dir='ltr'>scientiarum</span> <span class='ocrx_word' id='word_1_490' title='bbox 1601 5271 1928 5352; x_wconf 86' lang='lat' dir='ltr'>contingit.</span> 
     </span>
    </p>
   </div>
   <div class='ocr_carea' id='block_1_11' title="bbox 2446 4294 3947 5361">
    <p class='ocr_par' dir='ltr' id='par_1_14' title="bbox 2448 4294 3947 4847">
     <span class='ocr_line' id='line_1_87' title="bbox 2451 4294 3947 4378; baseline 0.004 -23"><span class='ocrx_word' id='word_1_491' title='bbox 2451 4294 2546 4365; x_wconf 89' lang='lat' dir='ltr'>tit,</span> <span class='ocrx_word' id='word_1_492' title='bbox 2580 4294 3189 4375; x_wconf 89' lang='lat' dir='ltr'>impotentissimum</span> <span class='ocrx_word' id='word_1_493' title='bbox 3232 4303 3365 4358; x_wconf 88' lang='lat' dir='ltr'>erat</span> <span class='ocrx_word' id='word_1_494' title='bbox 3398 4314 3411 4358; x_wconf 72' lang='grc' dir='ltr'>ε</span> <span class='ocrx_word' id='word_1_495' title='bbox 3447 4298 3614 4378; x_wconf 91' lang='lat' dir='ltr'>quod</span> <span class='ocrx_word' id='word_1_496' title='bbox 3654 4299 3829 4360; x_wconf 88' lang='lat' dir='ltr'>enim</span> <span class='ocrx_word' id='word_1_497' title='bbox 3872 4299 3947 4361; x_wconf 81' lang='lat' dir='ltr'>fi-</span> 
     </span>
     <span class='ocr_line' id='line_1_88' title="bbox 2450 4393 3941 4464; baseline 0.005 -11"><span class='ocrx_word' id='word_1_498' title='bbox 2450 4413 2593 4454; x_wconf 90' lang='lat' dir='ltr'>nem</span> <span class='ocrx_word' id='word_1_499' title='bbox 2670 4393 2962 4464; x_wconf 82' lang='lat' dir='ltr'>intendit,</span> <span class='ocrx_word' id='word_1_500' title='bbox 3038 4394 3249 4455; x_wconf 87' lang='lat' dir='ltr'>media</span> <span class='ocrx_word' id='word_1_501' title='bbox 3316 4394 3396 4456; x_wconf 92' lang='lat' dir='ltr'>ad</span> <span class='ocrx_word' id='word_1_502' title='bbox 3471 4395 3669 4458; x_wconf 76' lang='lat' dir='ltr'>finem</span> <span class='ocrx_word' id='word_1_503' title='bbox 3744 4398 3941 4460; x_wconf 88' lang='lat' dir='ltr'>etiam</span> 
     </span>
     <span class='ocr_line' id='line_1_89' title="bbox 2452 4489 3947 4576; baseline 0.005 -25"><span class='ocrx_word' id='word_1_504' title='bbox 2452 4489 2744 4564; x_wconf 89' lang='lat' dir='ltr'>intendit,</span> <span class='ocrx_word' id='word_1_505' title='bbox 2778 4497 2841 4552; x_wconf 92' lang='lat' dir='ltr'>et</span> <span class='ocrx_word' id='word_1_506' title='bbox 2874 4509 2986 4572; x_wconf 87' lang='lat' dir='ltr'>per</span> <span class='ocrx_word' id='word_1_507' title='bbox 3016 4509 3437 4573; x_wconf 82' lang='lat' dir='ltr'>consequenS,</span> <span class='ocrx_word' id='word_1_508' title='bbox 3470 4494 3523 4555; x_wconf 92' lang='lat' dir='ltr'>si</span> <span class='ocrx_word' id='word_1_509' title='bbox 3564 4496 3789 4576; x_wconf 90' lang='lat' dir='ltr'>potuit,</span> <span class='ocrx_word' id='word_1_510' title='bbox 3830 4497 3947 4558; x_wconf 89' lang='lat' dir='ltr'>lar-</span> 
     </span>
     <span class='ocr_line' id='line_1_90' title="bbox 2448 4587 3947 4675; baseline 0.006 -27"><span class='ocrx_word' id='word_1_511' title='bbox 2448 4587 2777 4669; x_wconf 83' lang='lat' dir='ltr'>giebatur3</span> <span class='ocrx_word' id='word_1_512' title='bbox 2812 4590 2977 4671; x_wconf 93' lang='lat' dir='ltr'>quod</span> <span class='ocrx_word' id='word_1_513' title='bbox 3026 4591 3077 4651; x_wconf 91' lang='lat' dir='ltr'>si</span> <span class='ocrx_word' id='word_1_514' title='bbox 3124 4591 3413 4664; x_wconf 89' lang='lat' dir='ltr'>contulit,</span> <span class='ocrx_word' id='word_1_515' title='bbox 3455 4593 3669 4655; x_wconf 89' lang='lat' dir='ltr'>omnia</span> <span class='ocrx_word' id='word_1_516' title='bbox 3715 4594 3947 4675; x_wconf 82' lang='lat' dir='ltr'>guber-</span> 
     </span>
     <span class='ocr_line' id='line_1_91' title="bbox 2450 4687 3947 4774; baseline 0.005 -27"><span class='ocrx_word' id='word_1_517' title='bbox 2450 4694 2577 4759; x_wconf 89' lang='lat' dir='ltr'>nat,</span> <span class='ocrx_word' id='word_1_518' title='bbox 2610 4687 2849 4748; x_wconf 89' lang='lat' dir='ltr'>donans</span> <span class='ocrx_word' id='word_1_519' title='bbox 2889 4687 3189 4750; x_wconf 85' lang='lat' dir='ltr'>videlicet</span> <span class='ocrx_word' id='word_1_520' title='bbox 3229 4688 3499 4770; x_wconf 87' lang='lat' dir='ltr'>singulis</span> <span class='ocrx_word' id='word_1_521' title='bbox 3543 4692 3607 4752; x_wconf 92' lang='lat' dir='ltr'>in</span> <span class='ocrx_word' id='word_1_522' title='bbox 3651 4694 3947 4774; x_wconf 83' lang='lat' dir='ltr'>proprios</span> 
     </span>
     <span class='ocr_line' id='line_1_92' title="bbox 2448 4783 3093 4847; baseline 0.005 -3"><span class='ocrx_word' id='word_1_523' title='bbox 2448 4783 2613 4845; x_wconf 85' lang='lat' dir='ltr'>fines</span> <span class='ocrx_word' id='word_1_524' title='bbox 2656 4785 3093 4847; x_wconf 87' lang='lat' dir='ltr'>directionem.</span> 
     </span>
    </p>

    <p class='ocr_par' dir='ltr' id='par_1_15' title="bbox 2446 4882 3946 5361">
     <span class='ocr_line' id='line_1_93' title="bbox 2527 4882 3946 4964; baseline 0.005 -20"><span class='ocrx_word' id='word_1_525' title='bbox 2527 4882 2834 4964; x_wconf 90' lang='lat' dir='ltr'>Denique,</span> <span class='ocrx_word' id='word_1_526' title='bbox 2869 4882 3147 4964; x_wconf 88' lang='lat' dir='ltr'>primum</span> <span class='ocrx_word' id='word_1_527' title='bbox 3179 4901 3373 4964; x_wconf 88' lang='lat' dir='ltr'>agens</span> <span class='ocrx_word' id='word_1_528' title='bbox 3404 4893 3503 4948; x_wconf 90' lang='lat' dir='ltr'>est</span> <span class='ocrx_word' id='word_1_529' title='bbox 3530 4904 3717 4950; x_wconf 90' lang='lat' dir='ltr'>causa</span> <span class='ocrx_word' id='word_1_530' title='bbox 3747 4889 3946 4952; x_wconf 88' lang='lat' dir='ltr'>totius</span> 
     </span>
     <span class='ocr_line' id='line_1_94' title="bbox 2446 4980 3943 5068; baseline 0.005 -27"><span class='ocrx_word' id='word_1_531' title='bbox 2446 4998 2606 5054; x_wconf 90' lang='lat' dir='ltr'>esse,</span> <span class='ocrx_word' id='word_1_532' title='bbox 2641 4988 2705 5042; x_wconf 90' lang='lat' dir='ltr'>et</span> <span class='ocrx_word' id='word_1_533' title='bbox 2734 4980 3093 5042; x_wconf 89' lang='lat' dir='ltr'>universale</span> <span class='ocrx_word' id='word_1_534' title='bbox 3121 4981 3317 5044; x_wconf 86' lang='lat' dir='ltr'>totius</span> <span class='ocrx_word' id='word_1_535' title='bbox 3358 4982 3660 5046; x_wconf 90' lang='lat' dir='ltr'>bonitatis</span> <span class='ocrx_word' id='word_1_536' title='bbox 3708 4987 3943 5068; x_wconf 89' lang='lat' dir='ltr'>princi-</span> 
     </span>
     <span class='ocr_line' id='line_1_95' title="bbox 2446 5077 3945 5159; baseline 0.006 -20"><span class='ocrx_word' id='word_1_537' title='bbox 2446 5077 2646 5159; x_wconf 90' lang='lat' dir='ltr'>pium.</span> <span class='ocrx_word' id='word_1_538' title='bbox 2685 5078 2749 5139; x_wconf 91' lang='lat' dir='ltr'>ln</span> <span class='ocrx_word' id='word_1_539' title='bbox 2782 5077 2957 5140; x_wconf 91' lang='lat' dir='ltr'>omni</span> <span class='ocrx_word' id='word_1_540' title='bbox 2988 5087 3202 5140; x_wconf 89' lang='lat' dir='ltr'>autem</span> <span class='ocrx_word' id='word_1_541' title='bbox 3236 5081 3647 5145; x_wconf 87' lang='lat' dir='ltr'>multitudine</span> <span class='ocrx_word' id='word_1_542' title='bbox 3684 5084 3737 5146; x_wconf 88' lang='lat' dir='ltr'>si</span> <span class='ocrx_word' id='word_1_543' title='bbox 3778 5084 3945 5148; x_wconf 90' lang='lat' dir='ltr'>desit</span> 
     </span>
     <span class='ocr_line' id='line_1_96' title="bbox 2448 5176 3944 5260; baseline 0.005 -24"><span class='ocrx_word' id='word_1_544' title='bbox 2448 5194 2695 5256; x_wconf 88' lang='lat' dir='ltr'>regens,</span> <span class='ocrx_word' id='word_1_545' title='bbox 2739 5176 2915 5238; x_wconf 87' lang='lat' dir='ltr'>deest</span> <span class='ocrx_word' id='word_1_546' title='bbox 2959 5185 3023 5238; x_wconf 93' lang='lat' dir='ltr'>et</span> <span class='ocrx_word' id='word_1_547' title='bbox 3065 5179 3219 5240; x_wconf 91' lang='lat' dir='ltr'>ordo</span> <span class='ocrx_word' id='word_1_548' title='bbox 3254 5195 3267 5239; x_wconf 94' lang='lat'><strong>:</strong></span> <span class='ocrx_word' id='word_1_549' title='bbox 3304 5180 3581 5260; x_wconf 87' lang='lat' dir='ltr'>regentis</span> <span class='ocrx_word' id='word_1_550' title='bbox 3625 5182 3797 5244; x_wconf 91' lang='lat' dir='ltr'>enim</span> <span class='ocrx_word' id='word_1_551' title='bbox 3846 5192 3944 5246; x_wconf 84' lang='lat' dir='ltr'>est</span> 
     </span>
     <span class='ocr_line' id='line_1_97' title="bbox 2450 5273 3941 5361; baseline 0.005 -25"><span class='ocrx_word' id='word_1_552' title='bbox 2450 5275 2665 5336; x_wconf 87' lang='lat' dir='ltr'>omnia</span> <span class='ocrx_word' id='word_1_553' title='bbox 2694 5273 3005 5337; x_wconf 89' lang='lat' dir='ltr'>ordinare.</span> <span class='ocrx_word' id='word_1_554' title='bbox 3042 5275 3469 5340; x_wconf 78' lang='lat' dir='ltr'>ordinationis</span> <span class='ocrx_word' id='word_1_555' title='bbox 3499 5295 3651 5361; x_wconf 79' lang='lat' dir='ltr'>ergo</span> <span class='ocrx_word' id='word_1_556' title='bbox 3682 5281 3941 5344; x_wconf 88' lang='lat' dir='ltr'>univer-</span> 
     </span>
    </p>
   </div>
   <div class='ocr_carea' id='block_1_12' title="bbox 4256 67 4259 1764">
    <p class='ocr_par' dir='ltr' id='par_1_16' title="bbox 4256 67 4259 1764">
     <span class='ocr_line' id='line_1_98' title="bbox 4256 67 4259 1764; baseline 0 0"><span class='ocrx_word' id='word_1_557' title='bbox 4256 67 4259 1764; x_wconf 95' lang='lat' dir='ltr'> </span> 
     </span>
    </p>
   </div>
   <div class='ocr_carea' id='block_1_13' title="bbox 4256 1963 4259 6215">
    <p class='ocr_par' dir='ltr' id='par_1_17' title="bbox 4256 1963 4259 6215">
     <span class='ocr_line' id='line_1_99' title="bbox 4256 1963 4259 6215; baseline 0 0"><span class='ocrx_word' id='word_1_558' title='bbox 4256 1963 4259 6215; x_wconf 95' lang='lat' dir='ltr'> </span> 
     </span>
    </p>
   </div>
  </div>
 </body>
</html>
