4300 6259
79 4903 482 4986 ·=÷n,ui-·aipsis;
527 4911 594 4965 et
635 4909 732 4964 est
775 4901 1131 4983 proprietas
1177 4901 1464 4983 ipsorum
1507 4902 1782 4965 vivalis*

83 5015 278 5074 mgni-n
300 5011 358 5064 et
396 4998 1024 5083 supersubstantialis
1060 5017 1075 5060 :
1109 4999 1448 5063 vivaliter*
1478 5001 1673 5082 igitur
1719 5009 1784 5063 et

301 5097 986 5184 supersubstantialiter
1052 5099 1269 5160 omnia
1329 5099 1394 5161 in
1457 5099 1634 5182 ipsiS.
1709 5099 1786 5163 Et

79 5079 124 5122 lor

111 5249 224 5298 lma

79 5311 106 5362 Ι,
119 5315 148 5355 l.

877 499 956 546 na
997 499 1228 548 Lunum
1270 483 1998 556 cnntsnANAE'mBomAE,
2045 499 2223 547 uana
2266 502 2307 548 1.
2352 519 2432 531 ——
2474 503 2610 550 aar.
2658 503 2759 549 axi

3248 482 3371 546 303

306 677 469 731 erunt
503 668 904 750 simpliciter,
937 669 1222 751 perfecte
1252 678 1316 732 et
1344 668 1762 742 deiformiter,
1795 669 1846 734 A
1878 671 2006 734 Hoc
2061 690 2213 754 ergo
2264 673 2452 736 modo
2496 672 2963 756 contemplatur
2999 669 3215 735 omnia
3261 669 3371 731 lux

304 775 470 848 atque
497 785 609 848 per
639 768 898 830 modum
931 767 1540 847 intellectualem3et
1567 788 1764 850 quum
1877 769 2295 849 superlucens
2324 771 2548 854 primae
2579 770 2831 844 mentis,
2850 789 2991 851 quae
3018 787 3213 850 super
3239 784 3371 830 om-

307 866 376 926 sit
427 865 556 947 ipse
616 884 914 928 mensura
969 866 1256 928 veritatis
1305 873 1368 928 et
1425 867 1768 948 supersub-

303 961 585 1024 stantialis
621 963 876 1036 veritaS‚
912 971 978 1025 ut
1019 964 1332 1045 posterius
1372 963 1766 1027 demonstra-

301 1059 469 1132 bitur,
485 1060 778 1122 universa
807 1061 1136 1124 verissime
1164 1079 1280 1143 per
1309 1062 1568 1124 modum
1597 1061 1768 1124 hunc

301 1157 756 1241 contemplatur.
793 1158 1134 1222 Enimvero
1176 1159 1346 1240 quod
1391 1159 1522 1240 agit
1565 1160 1768 1223 virtus

298 1254 576 1318 declivior
614 1275 728 1339 per
769 1257 954 1340 plura
989 1265 1056 1319 et
1093 1257 1532 1340 compositius,
1565 1258 1767 1320 virtus

297 1353 609 1417 sublimior
637 1355 768 1436 agit
797 1373 912 1437 per
943 1357 1242 1438 pauciora
1272 1362 1336 1418 et
1363 1355 1763 1438 simplicius:

299 1459 354 1514 et
385 1451 632 1534 quidem
670 1453 792 1515 hoc
831 1454 1040 1536 ipsum
1083 1453 1244 1516 dixit
1281 1453 1536 1517 Boetius
1575 1461 1639 1517 et
1668 1454 1770 1518 Al-

303 1549 638 1632 phorabiuS.
697 1551 828 1614 Hoc
883 1571 1116 1635 nempe
1175 1552 1238 1614 in
1299 1553 1588 1615 omnium
1647 1553 1771 1614 vir-

303 1655 484 1710 tutum
550 1648 886 1712 ordinibus
957 1651 1166 1732 palam
1241 1658 1354 1712 est.
1429 1650 1770 1714 Sensibilia

303 1765 552 1828 namque
597 1754 976 1810 cunctorum
1017 1768 1322 1812 sensuum
1367 1749 1540 1812 solus
1587 1750 1768 1812 intel·

301 1844 480 1908 lectus
509 1845 871 1927 simplicius
911 1847 1038 1909 illis
1076 1847 1410 1929 dignoscit.
1447 1848 1621 1911 Ratio
1661 1867 1768 1910 au·
1803 1848 1849 1910 B

303 1953 412 2004 tem
447 1944 636 2025 hujus
667 1953 764 2008 est
797 1963 811 2007 :
843 1965 1028 2028 agere
1067 1947 1240 2009 enim
1278 1947 1568 2028 sequitur
1605 1967 1766 2022 esse,

301 2051 353 2103 et
377 2049 542 2104 actus
573 2043 894 2106 secundus
927 2045 1208 2107 imitatur
1235 2053 1444 2108 actum
1474 2047 1768 2129 primum,

300 2141 448 2202 sicut
497 2143 785 2224 operatio
841 2142 1154 2205 habitum.
1205 2142 1420 2206 Modus
1470 2146 1768 2227 equidem

299 2240 577 2320 operandi
629 2241 1006 2324 parificatur
1055 2243 1244 2306 modo
1289 2243 1562 2306 essendi.
1615 2245 1772 2318 Quia

301 2338 474 2418 igitur
499 2338 804 2402 inferiora
841 2341 1282 2423 superioribus
1320 2343 1774 2424 compositiora

299 2445 679 2520 sunt‚utpote
711 2439 838 2501 illis
869 2440 1330 2521 potentialiora‚
1363 2442 1774 2523 compositius

300 2537 468 2598 etiam
523 2545 764 2618 agunt3
824 2537 1080 2601 divinus
1139 2547 1353 2602 autem
1413 2539 1772 2603 intellectus

299 2635 552 2718 simplex
581 2644 677 2699 est
714 2644 780 2699 et
817 2637 1026 2700 unitas
1067 2657 1225 2721 pura
1259 2656 1273 2702 ε
1305 2639 1522 2702 omnia
1561 2639 1774 2722 itaque

301 2735 528 2808 unitim,
563 2754 637 2797 ac
667 2755 794 2798 una
823 2736 1059 2819 specie,
1091 2757 1230 2819 quae
1271 2745 1369 2800 est
1409 2757 1524 2800 sua
1561 2757 1774 2802 essen-

298 2833 394 2906 tia,
423 2840 776 2897 contuetur.

367 2932 620 3008 Rursus,
679 2932 940 2995 divinus
999 2933 1362 2997 intellectus
1419 2953 1538 2997 nec
1595 2936 1775 2998 habi-

1877 885 2024 928 nem
2061 875 2339 931 mentem
2370 877 2467 932 est
2496 868 3088 951 splendidissimum
3132 867 3368 928 lumen.

2270 1141 2758 1204 ARTICULUS
2804 1141 2979 1204 LXI.

1884 1289 2068 1356 Quod
2108 1288 2381 1348 divinus
2423 1289 2793 1348 intellectus
2832 1289 3054 1348 omnia
3092 1308 3236 1367 quoe
3281 1307 3377 1348 co-

1953 1377 2207 1453 ynoscit
2247 1378 2715 1455 quomodolibet
2760 1386 2819 1436 et
2864 1379 3375 1454 omniformiter,

1959 1469 2433 1542 contempletur
2470 1467 2544 1524 in
2590 1467 2725 1542 ipso
2768 1475 3082 1526 momento
3111 1467 3377 1527 oeterm’-

1961 1556 2138 1614 tatia.

1885 1748 2313 1951 QUONIAM
2348 1759 2560 1814 autem
2596 1752 2759 1816 Dens
2798 1760 2895 1816 est
2934 1752 3147 1834 ipsum
3186 1771 3375 1815 suum

2051 1869 2191 1914 esse
2222 1851 2726 1932 independenter
2756 1859 2818 1914 et
2857 1870 2971 1933 per
3006 1852 3373 1924 essentiam,

1879 1967 2139 2012 necesse
2197 1957 2295 2012 est
2352 1949 2417 2011 in
2479 1950 2618 2032 ipso
2666 1957 2968 2033 tanquam
3032 1950 3096 2012 in
3156 1949 3377 2013 fontali

1882 2049 2221 2131 principio,
2282 2065 2538 2111 omnem
2606 2049 2858 2112 essendi
2920 2047 3379 2131 perfectionem

1881 2147 2269 2210 constitue-re
2318 2165 2332 2210 z
2380 2147 2471 2210 sic
2522 2147 2671 2229 quia
2714 2147 2972 2210 divinus
3022 2147 3383 2209 intellectus

1885 2245 2389 2308 substantialiter
2445 2252 2635 2327 atque
2694 2244 2971 2307 totaliter
3026 2245 3385 2307 intellectus

1885 2351 2002 2416 est,
2042 2343 2261 2407 divino
2310 2343 2529 2426 utique
2571 2361 2710 2405 esse
2752 2343 2945 2418 idem,
2991 2361 3249 2407 omnem
3296 2344 3389 2405 in-

1889 2441 2267 2504 tellectualis
2298 2449 2539 2504 naturae
2582 2439 3043 2522 perfectionem
3085 2440 3208 2522 ipsi
3241 2459 3387 2505 con-

1884 2557 2112 2620 gruere
2161 2557 2421 2602 necesse
2470 2545 2584 2601 est.
2636 2539 2931 2620 Ideoque,
2975 2539 3387 2620 quemadmo-

1887 2637 2040 2700 dum
2083 2637 2261 2699 nulla
2295 2636 2525 2700 entitas
2564 2643 2661 2698 est
2701 2644 2811 2698 aut
2849 2637 3098 2699 bonitas
3139 2656 3279 2720 quae
3320 2638 3385 2700 in

1888 2735 2104 2798 divino
2151 2752 2291 2798 esse
2340 2735 2516 2797 velut
2566 2735 2629 2797 in
2678 2735 2913 2798 causali
2963 2734 3207 2816 origine
3259 2753 3385 2799 non

1887 2833 1970 2895 sit
2033 2833 2517 2916 comprehensa,
2582 2833 2675 2895 sic
2741 2851 3001 2915 prorsus
3066 2833 3229 2896 nihil
3294 2853 3387 2898 se-

1885 2933 2243 2994 cundorum
2302 2930 2504 2994 divini
2574 2930 2936 2994 intellectus
2997 2933 3385 3016 contempla-

299 3031 470 3093 tualis
511 3039 609 3093 est
657 3049 866 3112 neque
917 3032 1302 3114 potentialiS,
1355 3033 1464 3096 sed
1521 3054 1774 3117 semper
1813 3026 1856 3092 C
1889 3031 2126 3094 tionem
2172 3030 2440 3094 evadere
2484 3037 2709 3111 potest.
2763 3030 2905 3093 Haec
2958 3038 3170 3093 autem
3215 3050 3386 3094 nunc

298 3129 355 3189 in
381 3136 518 3191 actu
548 3137 614 3192 et
651 3148 854 3212 purus
891 3137 1068 3192 actus
1105 3147 1118 3192 :
1152 3131 1370 3193 omnia
1408 3150 1558 3213 ergo
1596 3141 1774 3196 aeter-

297 3247 386 3301 na,
434 3227 768 3308 praesentia
825 3234 889 3290 et
937 3227 1327 3309 supervivali
1383 3230 1772 3312 contempla-

299 3325 450 3388 tione
507 3344 624 3390 suo
681 3325 914 3388 lumini
971 3345 1278 3410 apparere
1335 3346 1594 3390 necesse
1653 3335 1765 3392 est.

296 3425 700 3498 Quamobrem
731 3424 1122 3488 theoremate
1161 3426 1512 3489 centesimo
1549 3427 1776 3490 vicesi-

299 3541 394 3585 mo
433 3531 654 3606 quarto
681 3523 1204 3586 Elementationis
1235 3543 1366 3588 suae
1406 3525 1774 3606 theologicae

299 3623 444 3684 dixit
483 3621 740 3685 Procius
785 3620 1052 3683 :Omnis
1097 3621 1252 3685 deus
1299 3623 1775 3704 impartibiliter

299 3721 540 3802 quidem
601 3719 928 3803 partibilia
983 3721 1328 3800 cognoscit,
1392 3723 1775 3804 intempora-

301 3819 428 3880 liter
489 3826 702 3882 autem
775 3819 1174 3901 temporalia,
1233 3836 1361 3882 non
1419 3821 1775 3884 necessaria

297 3923 490 3980 autem
546 3917 925 3990 necessarie,
988 3923 1052 3978 et
1115 3917 1628 3981 transmutabilia
1684 3920 1776 3982 in-

295 4014 872 4088 transmutabiliter,
932 4022 994 4077 et
1057 4015 1504 4079 universaliter
1559 4018 1774 4080 omnia

295 4113 664 4176 eminentius
713 4131 904 4194 quam
957 4114 1310 4176 secundum
1361 4134 1549 4177 suum
1609 4115 1777 4178 ordi-

1888 3128 2285 3212 praeinducta
2342 3136 2491 3192 sunt
2549 3135 2613 3190 et
2667 3128 3115 3191 demonstrata.
3168 3129 3386 3193 Omnis
3413 3150 3629 3192 arnum.

1888 3228 2165 3309 denique
2207 3227 2434 3289 modus
2474 3225 2721 3288 entium
2768 3233 2833 3288 et
2868 3226 3237 3290 eorumdem
3284 3228 3390 3290 ha·

1891 3325 2112 3389 bitudo
2141 3331 2335 3407 atque
2363 3323 2740 3407 proprietas,
2772 3325 3067 3388 entitates
3099 3326 3387 3408 quaedam

1889 3431 2058 3486 sunt.
2101 3423 2363 3506 Oportet
2408 3423 2603 3504 igitur
2649 3422 2942 3485 divinum
2993 3423 3389 3488 intellectum

1888 3539 2016 3586 non
2073 3523 2401 3584 dumtaxat
2448 3520 2834 3603 quidditates
2892 3522 3392 3605 essentialesque

1888 3620 2369 3683 convenientias
2398 3627 2459 3681 et
2495 3618 2715 3682 modos
2746 3636 2957 3681 rerum
3000 3621 3391 3704 contempla-

1887 3719 1964 3792 ri,
1997 3718 2106 3780 sed
2136 3717 2353 3780 omnia
2383 3716 2861 3798 quomodolibet
2891 3724 2955 3779 et
2993 3717 3393 3781 omniformi-

1887 3825 1982 3878 ter
2008 3832 2373 3897 agnoscere,
2393 3821 2612 3896 utpote
2641 3831 2897 3877 omnem
2930 3814 3387 3892 habitudinem,

1886 3914 2146 3978 modum
2187 3931 2444 3976 omnem
2486 3929 2873 3994 omnemque
2912 3913 3389 3977 consistentiam

1883 4020 1946 4076 et
1985 4011 2436 4096 proprietatem
2475 4011 2915 4072 universorum
2959 4012 3392 4094 contemplan-

1883 4119 2029 4174 tem.
2092 4109 2394 4192 Agnoscit
2465 4109 2679 4190 itaque
2745 4108 2961 4171 omnia
3032 4109 3389 4173 secundum

295 4232 426 4276 nem
461 4230 474 4274 ε
511 4212 840 4295 quoniam,
877 4218 945 4274 ut
989 4211 1078 4274 ait
1117 4212 1183 4274 in
1228 4221 1612 4288 commentO,
1646 4233 1772 4279 non
1807 4217 1856 4280 D
1885 4209 2054 4292 quod
2076 4208 2157 4271 ab
2178 4225 2254 4270 eo
2285 4208 2465 4290 quasi
2489 4227 2526 4269 a
2548 4207 2757 4290 primo
2788 4206 2963 4270 fonte
2992 4207 3392 4289 originantur

297 4312 500 4394 utique
555 4331 594 4374 a
649 4310 1076 4374 deterioribus
1135 4311 1404 4394 suscipit
1452 4312 1616 4376 Deus
1673 4331 1775 4376 co·

293 4410 654 4490 gnitionem‚
687 4416 756 4471 ut
797 4409 1078 4489 cognitio
1116 4409 1208 4471 sic
1249 4428 1316 4472 se
1354 4409 1584 4473 habeat
1611 4412 1779 4474 sicut

297 4507 709 4591 cognoscibile
749 4508 814 4570 in
857 4515 1095 4571 natura.
1135 4509 1308 4570 Unde
1349 4528 1568 4572 rursus
1606 4510 1779 4573 theo-

299 4617 522 4671 remate
585 4605 936 4669 centesimo
994 4606 1472 4670 octavodecimo
1522 4607 1779 4672 Proclus

297 4707 444 4770 dixit
488 4727 502 4768 :
551 4705 752 4769 Omne
793 4704 966 4786 quod
1012 4704 1078 4766 in
1121 4705 1246 4767 diis
1295 4704 1508 4778 fuerit,
1555 4724 1780 4769 secun-

299 4807 438 4868 dum
477 4806 763 4887 ipsorum
807 4803 1261 4886 proprietatem
1302 4805 1682 4885 praeexsistit
1714 4805 1780 4867 in

299 5200 438 5262 huic
467 5217 820 5262 consonum
854 5204 949 5260 est
981 5196 1149 5280 quod
1179 5197 1434 5260 Joannis
1467 5199 1677 5281 primo
1697 5199 1786 5260 di-

299 5297 453 5359 citur
485 5315 500 5360 2
533 5297 710 5371 Quod
739 5296 982 5358 factum
1034 5303 1150 5370 est,
1186 5296 1250 5358 in
1293 5297 1434 5380 ipso
1463 5297 1591 5360 vita
1622 5303 1774 5359 erat.

537 5431 603 5480 T.
639 5431 716 5480 33.

1887 4306 2439 4388 infallibiliterque
2470 4305 2951 4388 praeintuentur.
2986 4307 3393 4382 Iterum,om·

1888 4406 1994 4469 nia
2028 4405 2148 4468 scit
2189 4404 2542 4468 secundum
2588 4405 2845 4486 propria
2884 4405 3393 4490 uniuscujusque

1889 4503 2226 4587 principia,
2268 4501 2590 4585 proximas
2634 4520 2877 4576 causaS,
2912 4511 2981 4565 ut
3014 4504 3077 4566 in
3124 4523 3191 4566 se
3234 4505 3391 4586 ipsis

1891 4603 2269 4666 subsistunt.
2319 4602 2581 4676 RurSuS,
2634 4602 2945 4684 quidquid
3006 4602 3196 4664 rebus
3246 4621 3389 4666 con-

1891 4704 2136 4784 tingere
2170 4707 2377 4783 potest
2406 4708 2514 4762 aut
2544 4700 2736 4762 etiam
2768 4700 3112 4781 continget,
3149 4701 3387 4765 incom-

1893 4800 2287 4864 mutabiliter
2358 4798 2775 4880 praeagnoscit
2836 4815 2849 4859 :
2920 4796 3386 4879 perfectissime

1891 4917 2040 4982 ergo
2081 4907 2144 4960 et
2186 4896 2523 4961 omnifarie
2566 4904 2795 4958 cuncta
2838 4897 3222 4978 speculatur.

1971 5000 2183 5070 Porr0‚
2224 4995 2525 5078 quoniam
2572 4993 2829 5056 divinus
2873 4994 3231 5060 intellectus
3274 5020 3389 5082 per

1893 5101 2012 5161 hoc
2055 5095 2272 5158 omnia
2313 5092 2649 5174 dignoscit,
2690 5091 2859 5174 quod
2904 5093 3003 5156 sui
3050 5094 3251 5178 ipsius
3293 5117 3388 5160 es-

1896 5196 2164 5260 sentiam
2234 5192 2687 5274 propriamque
2746 5189 3051 5255 virtutem
3110 5204 3389 5260 contem-

1897 5295 2106 5378 platur
2150 5292 2247 5374 (in
2308 5289 2510 5373 ipsius
2566 5289 2807 5372 quippe
2855 5292 3131 5354 essentia
3175 5291 3392 5360 omnia

3080 5426 3144 5480 20
