4300 6259
898 525 979 572 DE
1018 527 1247 574 Lunum
1290 527 1673 574 efflusrlANAE
1715 525 2016 584 THEomffi,
2060 527 2236 574 umen
2278 529 2341 574 11.
2388 547 2466 558 -·-
2509 531 2650 576 ΛΒΤ.
2697 531 2920 578 Lxxxlv

360 792 567 856 tensio
638 794 1047 875 partiumque
1116 793 1430 855 ordinatio
1497 794 1853 868 conveniat,

358 909 485 952 non
541 891 677 972 jam
735 891 1007 954 difficile
1067 898 1163 953 est
1220 891 1531 964 contueri,
1583 892 1858 974 qualiter

359 988 689 1053 fractionis
718 990 1084 1070 subjectum
1118 1007 1257 1052 esse
1285 988 1511 1052 valeat.
1528 991 1723 1052 Erant
1750 1009 1857 1053 au-

351 1095 483 1150 tem
528 1089 815 1170 quidam,
849 1089 959 1171 qui
989 1087 1321 1150 audientes
1354 1088 1417 1150 in
1448 1089 1857 1151 Sacramento

350 1186 711 1250 accidentia
754 1205 868 1270 per
910 1205 979 1250 se
1026 1185 1356 1259 exsistere,
1404 1186 1856 1249 existimabant

349 1284 472 1347 hoc
518 1285 729 1366 ipsum
768 1285 846 1347 de
888 1284 1193 1348 omnibus
1229 1283 1671 1346 accidentibus
1712 1284 1853 1346 uni-

348 1382 645 1446 formiter
682 1382 949 1464 intelligi
994 1381 1249 1445 debere.
1286 1382 1461 1445 Unde
1506 1389 1751 1444 motum
1790 1391 1854 1444 et

348 1479 729 1542 fractionem
778 1481 890 1562 qui
950 1481 1017 1542 in
1074 1479 1281 1542 hostia
1341 1480 1849 1560 conspiciuntur,

348 1578 663 1659 putabant
722 1579 785 1640 in
836 1578 1015 1641 nullo
1064 1577 1289 1641 mobili
1337 1577 1707 1658 subjectari.
1761 1578 1851 1640 Ex

348 1693 627 1756 quorum
686 1676 1004 1757 positione
1064 1683 1461 1757 sequeretur,
1513 1675 1579 1736 in
1639 1675 1853 1737 Sacra·

350 1781 567 1835 mento
606 1772 824 1835 altaris
868 1773 961 1835 nil
1002 1773 1233 1854 frangi,
1266 1791 1467 1855 quum
1510 1779 1723 1836 tamen
1768 1775 1852 1836 sit

349 1870 437 1932 ibi
500 1888 653 1932 vera
711 1870 939 1933 fractio

346 1969 470 2030 nisi
517 1968 819 2032 fractioni
863 1969 1105 2052 aliquid
1148 1969 1547 2050 subjiciatur.
1584 1970 1703 2033 Sed
1747 1971 1851 2032 do-

346 2075 555 2130 ctores
584 2077 899 2142 asserunt,
933 2068 1291 2130 accidentia
1329 2068 1707 2132 successivae
1747 2088 1851 2131 na·

346 2174 507 2228 turae
552 2165 919 2228 nullatenus
964 2184 1151 2248 posse
1200 2185 1313 2248 per
1362 2184 1430 2229 se
1478 2165 1845 2233 subsistere.

346 2263 755 2345 Impossibile
786 2283 1019 2346 nempe
1049 2272 1145 2326 est
1184 2283 1323 2326 esse
1366 2271 1632 2338 motum,
1666 2263 1717 2325 si
1757 2262 1849 2324 nil

352 2371 700 2424 moveatur.
726 2362 836 2424 Est
865 2370 1077 2424 autem
1111 2363 1279 2425 inter
1309 2381 1408 2424 res
1438 2369 1679 2424 naturae
1711 2380 1852 2442 per-

352 2461 673 2522 manentis
732 2466 797 2523 et
853 2461 1231 2524 successivas
1294 2461 1413 2523 ista
1471 2461 1771 2522 distantia
1832 2476 1846 2520 ε

348 2577 498 2620 nam
540 2558 855 2640 perfectio
898 2559 1439 2640 permanentium,
1474 2559 1539 2621 in
1572 2558 1849 2639 partium

348 2675 613 2718 suarum
672 2656 997 2718 simultate
1058 2657 1395 2735 consistit3
1456 2657 1566 2719 sed
1628 2664 1851 2718 natura

346 2755 887 2827 successivorum,
922 2755 987 2816 in
1018 2754 1355 2835 cujusdam
1393 2753 1613 2816 fluxus
1652 2755 1849 2816 conti-

346 2853 595 2915 nuitate
625 2853 977 2915 attenditur
1018 2853 1373 2914 secundum
1419 2853 1710 2915 ordinem
1742 2870 1851 2935 po·

346 2949 635 3013 sterioris
672 2951 749 3012 ad
792 2951 1019 3032 prius:
1063 2951 1231 3013 sicut
1269 2951 1333 3012 in
1376 2957 1550 3012 motu
1592 2957 1655 3013 et
1698 2957 1851 3012 tem·

348 3148 469 3210 iste
500 3167 615 3210 seu
648 3148 801 3210 ordo
842 3147 1209 3229 posterioris
1250 3149 1329 3210 ad
1367 3147 1569 3229 priuS,
1602 3166 1680 3210 ex
1727 3165 1854 3210 mo-

348 3246 463 3308 bili
538 3247 897 3308 necessario
968 3246 1305 3328 dependet,
1378 3254 1567 3328 prout
1638 3245 1849 3327 ipsum

347 3344 657 3406 continuo
708 3345 771 3406 in
822 3344 1019 3406 altera
1066 3363 1137 3407 ac
1186 3344 1382 3406 altera
1433 3344 1850 3425 dispositione

345 3461 415 3504 se
444 3442 658 3504 habet.
694 3443 841 3504 Ideo
868 3441 1240 3504 Aristoteles
1270 3443 1381 3516 ait,
1406 3443 1577 3524 quod
1605 3442 1681 3503 ad
1718 3443 1851 3504 uni·

346 3547 543 3602 tatem
592 3547 827 3614 motus,
862 3540 1073 3602 unitas
1116 3539 1395 3614 mobiliS,
1428 3540 1735 3622 temporis
1774 3558 1848 3602 ac

348 3639 613 3703 termini
673 3641 763 3698 ad
816 3659 1007 3718 quem
1066 3639 1470 3721 requiratur3
1522 3648 1586 3701 et
1641 3640 1724 3702 ob
1784 3641 1845 3701 id

347 3739 577 3800 dicunt
606 3737 911 3817 theologi,
944 3737 1301 3800 accidentia
1330 3739 1709 3801 successivae
1738 3758 1847 3800 na-

348 3845 509 3898 turae
550 3836 697 3898 sine
736 3835 1028 3916 subJecto
1070 3853 1196 3897 non
1241 3854 1399 3898 esse.

645 4099 1133 4164 ARTICULUS
1178 4099 1549 4162 LXXXIV.

478 4245 575 4302 De
616 4241 1219 4316 praedestinatione,
1274 4241 1721 4314 reprobatione

742 4337 801 4389 et
843 4330 1148 4388 electione
1188 4328 1442 4388 divina.

494 4525 1007 4606 ENlQUE,quum
1041 4543 1309 4608 peccans
1339 4525 1557 4606 gratiae
1588 4527 1853 4608 impedi-

522 4632 810 4687 mentum
855 4630 1131 4705 praestet,
1178 4623 1448 4705 ideoque
1494 4625 1847 4686 secundum

342 4724 595 4788 ordinis
644 4741 861 4784 rerum
910 4721 1297 4801 exigentiam
1345 4722 1547 4802 gratia
1597 4724 1849 4804 privan-

343 4823 471 4885 dus
530 4821 637 4893 sit,
689 4821 855 4883 Deus
905 4827 1143 4890 tamen,
1201 4819 1311 4901 qui
1371 4821 1615 4882 ordinis
1670 4830 1849 4883 natu-

344 4939 438 4982 rae
497 4918 827 4981 institutor
892 4925 1197 4998 actorque
1254 4917 1525 4992 exsistit,
1588 4939 1852 5002 peccan-

342 5019 517 5082 tium
589 5017 896 5098 quosdam
972 5016 1473 5078 misericorditer
1542 5019 1851 5098 praevenit

346 5136 471 5201 per
518 5115 739 5197 gratiae
790 5113 1203 5186 infusionem,
1257 5114 1516 5177 eosdem
1572 5135 1609 5176 a
1668 5116 1852 5178 malis

346 5214 705 5279 avertendo
750 5219 815 5276 et
855 5213 933 5274 ad
980 5211 1223 5274 bonum
1267 5212 1617 5293 dirigendo.
1668 5214 1744 5275 Et
1789 5215 1854 5276 iu

346 5313 475 5376 hoc
536 5309 839 5374 bonitatis
886 5329 1015 5373 suae
1063 5309 1317 5390 largitas
1376 5328 1449 5372 ac
1508 5310 1857 5391 majestatis

3340 511 3459 578 487

108 714 331 754 mlxxx.
358 693 771 776 explanatum
818 703 937 768 est,
987 695 1307 777 quomodo
1365 696 1703 778 quantitati
1751 715 1856 759 ex·
1885 692 2170 760 Avirtus
2239 698 2547 772 relucent,
2617 699 3156 782 quemadmodum
3231 700 3296 762 in
3363 699 3464 762 his

1964 815 2105 876 quae
2136 796 2202 858 in
2233 803 2459 859 natura
2496 797 3067 878 supernaturaliter
3105 805 3408 880 operatur
3447 815 3462 861 :

1966 901 2035 954 ut
2064 901 2212 956 sunt
2255 895 2488 958 mortui
2529 895 2930 958 resuscitatio
2961 903 3025 958 et
3063 896 3247 978 quies
3286 896 3458 959 solis.

1962 991 2135 1054 Alios
2165 993 2376 1054 denuo
2407 994 2810 1074 peccantium
2840 993 3011 1073 juste
3051 992 3462 1074 derelinquit,

1963 1097 2278 1170 quatenus
2327 1090 2394 1152 in
2456 1090 2583 1153 illis
2640 1091 2795 1154 ordo
2853 1090 3088 1154 divinae
3145 1092 3464 1172 aequitatis

1962 1195 2256 1249 servetur
2285 1205 2300 1250 :
2333 1189 2501 1250 sicut
2530 1189 2722 1251 etiam
2755 1206 2879 1251 non
2912 1207 3137 1252 omnes
3178 1196 3465 1252 mortuos

1962 1285 2249 1359 suscitat,
2282 1304 2492 1368 neque
2524 1287 2855 1368 languidos
2889 1288 3220 1350 universos
3259 1294 3460 1358 curat,

1962 1390 2032 1444 ut
2080 1382 2145 1444 in
2195 1383 2296 1446 his
2345 1385 2500 1447 ordo
2549 1393 2792 1447 naturae
2839 1385 3259 1467 resplendeat.
3307 1385 3465 1458 Quia

1960 1497 2111 1561 ergo
2149 1481 2370 1545 divina
2411 1482 2805 1564 operatione,
2838 1483 3176 1545 hominum
3217 1481 3283 1544 hi
3324 1483 3462 1565 qui-

1958 1578 2105 1640 dem
2137 1598 2253 1661 per
2280 1580 2498 1660 gratiae
2535 1580 2926 1661 adjutorium
2969 1581 3033 1642 in
3075 1579 3276 1643 finem
3319 1581 3461 1642 ulti-

1962 1696 2137 1740 mum
2189 1678 2574 1760 diriguntur,
2629 1679 2823 1742 ceteri
2870 1697 3022 1742 vero
3069 1679 3192 1740 hoc
3247 1680 3464 1759 gratiae

1958 1774 2249 1839 subsidio
2306 1784 2599 1858 expertes
2658 1785 2848 1860 atque
2898 1778 3133 1840 deserti
3191 1777 3464 1840 derelin-

992 1889 1007 1932 :
1059 1871 1151 1933 nil
1210 1871 1450 1934 etenim
1510 1871 1845 1952 frangitur,
1877 1871 1925 1933 B
1960 1881 2266 1955 quuntur,
2299 1883 2363 1937 et
2391 1876 2470 1937 ab
2503 1875 2732 1938 ultimo
2760 1875 2894 1938 fine
2935 1875 3280 1955 decidunt;
3312 1876 3465 1938 hinc

1960 1989 2215 2035 necesse
2255 1980 2351 2035 est
2388 1973 2836 2054 hujuscemodi
2881 1974 3318 2037 diversitatem
3357 1975 3466 2037 ho-

1962 2070 2209 2132 minum
2240 2070 2321 2133 ab
2350 2079 2586 2134 aeterno
2617 2073 2684 2134 in
2716 2072 2950 2135 divinae
2983 2073 3216 2134 mentis
3254 2073 3462 2136 consi-

1960 2166 2047 2230 lio
2083 2186 2224 2230 esse
2263 2169 2638 2231 ordinatam.
2675 2169 2994 2252 Quidquid
3035 2169 3210 2232 enim
3255 2190 3292 2231 a
3335 2171 3464 2234 Deo

1958 2267 2188 2348 agitur,
2223 2267 2287 2329 in
2329 2268 2534 2351 ipsius
2574 2269 2889 2350 sapientia
2925 2269 3006 2330 ab
3043 2276 3281 2332 aeterno
3322 2287 3463 2350 pro-

1957 2365 2172 2427 visum
2231 2373 2328 2428 est
2373 2373 2435 2428 et
2485 2366 2872 2442 ordinatum,
2924 2367 3092 2428 sicut
3139 2367 3204 2428 in
3255 2368 3464 2450 primo

3508 2387 3586 2427 art.
3604 2396 3696 2426 axvi
3713 2388 3758 2428 et

1958 2464 2035 2525 ad
2069 2463 2331 2544 longum
2363 2465 2708 2527 deductum
2755 2473 2868 2527 est.
2907 2465 3272 2529 Secundum
3313 2484 3464 2548 ergo
3491 2461 3527 2489 ³·

1959 2562 2127 2642 quod
2160 2563 2468 2644 quosdam
2509 2563 2589 2624 ab
2627 2571 2864 2626 aeterno
2905 2563 3356 2646 praeordinavit
3395 2571 3466 2627 ut

1962 2660 2025 2722 in
2057 2660 2356 2722 ultimum
2390 2660 2590 2722 finem
2629 2661 3016 2742 dirigendOS,
3052 2661 3289 2724 dicitur
3327 2680 3462 2724 eos-

1960 2758 2104 2819 dem
2159 2757 2640 2838 praedestinasse
2693 2775 2707 2820 :
2762 2764 2826 2820 et
2872 2759 2981 2841 qui
3031 2759 3118 2821 ita
3167 2759 3464 2841 praeordi-

1960 2855 2090 2916 nat-i
2133 2862 2304 2926 sunt,
2349 2854 2780 2936 praedestinati
2825 2855 3250 2938 appellantur.
3286 2856 3462 2918 Unde

1958 2952 2036 3014 ad
2098 2951 2407 3033 Ephesios
2469 2953 2678 3034 primo
2739 2951 2826 3014 ait
2881 2953 3222 3034 Apostolus
3275 2971 3290 3014 ε
3343 2954 3458 3025 Qui
3489 2967 3756 3024 Ephous&

346 3069 501 3132 pore
533 3050 737 3112 videri
770 3057 995 3132 potest.
1032 3051 1100 3112 In
1149 3057 1322 3113 motu
1364 3057 1600 3121 autem,
1634 3049 1851 3112 fluxus
1879 3046 1923 3110 C
1961 3049 2436 3131 praedestinavit
2503 3068 2619 3113 nos
2685 3050 2748 3111 in
2817 3050 3228 3133 adoptionem
3297 3050 3462 3113 filio-

1960 3168 2128 3221 rum,
2203 3149 2558 3211 secundum
2634 3149 3036 3230 propositum
3115 3147 3462 3212 voluntatis

1959 3266 2107 3309 suae.
2148 3245 2458 3328 Denique,
2497 3246 2612 3308 hos
2643 3247 2881 3328 quibus
2924 3246 3003 3308 ab
3053 3254 3290 3310 aeterno
3336 3247 3460 3308 dis-

1959 3345 2173 3426 posuit
2229 3362 2296 3406 se
2354 3345 2623 3424 gratiam
2681 3362 2806 3407 non
2865 3345 3186 3418 daturum,
3247 3362 3461 3427 repro-

1959 3442 2143 3506 basse
2189 3450 2251 3505 et
2281 3443 2426 3505 odio
2458 3443 2759 3506 habuisse
2788 3443 3046 3517 dicitur,
3077 3443 3258 3523 juxta
3302 3443 3458 3506 illud

1956 3540 2276 3603 Malachiae
2312 3559 2325 3602 :
2357 3541 2550 3603 Jacob
2594 3541 2812 3614 dilexi,
2846 3541 3010 3603 Esau
3049 3541 3196 3604 odio
3238 3541 3453 3603 habui.
3503 3561 3752 3612 Mamm,

1956 3639 2117 3702 Hinc
2176 3658 2432 3721 quoque
2490 3640 2567 3701 ad
2628 3639 2945 3701 Romanos
3003 3639 3314 3714 scribenS,
3373 3641 3461 3702 ait

3487 3629 3528 3677 2,
3550 3629 3590 3668 ³.

1956 3737 2297 3819 Apostolus
2341 3755 2355 3799 z
2399 3736 2630 3800 Volens
2681 3737 2844 3799 Deus
2894 3738 3230 3800 ostendere
3269 3739 3453 3810 iram,
3534 3755 3662 3798 Rom.
3693 3770 3750 3808 lx,

1957 3844 2021 3897 et
2069 3843 2283 3898 notam
2333 3835 2543 3897 facere
2601 3835 2954 3917 potentiam
3011 3855 3216 3909 suam,
3269 3836 3456 3898 susti·

1958 3935 2101 3996 nuit
2150 3934 2216 3996 in
2259 3932 2457 3995 multa
2507 3932 2818 4014 patientia
2857 3951 3008 3995 vasa
3047 3933 3156 3996 irae
3193 3941 3340 4014 apta
3390 3934 3454 3996 in

1958 4032 2314 4104 interitum,
2374 4039 2444 4093 ut
2498 4030 2859 4094 ostenderet
2915 4031 3170 4093 divitias
3238 4031 3457 4112 gloriae

1959 4151 2089 4194 suae
2136 4132 2204 4192 in
2244 4149 2394 4193 vasa
2438 4129 2918 4203 miscricordiae,
2959 4148 3102 4210 quae
3145 4148 3458 4212 praepara·

1880 4224 1930 4286 D
1959 4231 2051 4294 vit
2088 4231 2154 4292 in
2194 4229 2482 4310 gloriam.

2038 4330 2248 4399 Porr0‚
2284 4346 2484 4408 quum
2530 4326 2866 4389 hominum
2911 4325 2976 4388 in
3016 4326 3456 4390 conformibus

1958 4426 2168 4509 culpis
2199 4426 2646 4498 obnoxiorum,
2681 4425 2797 4488 hos
2829 4426 3278 4506 praeveniendo
3309 4444 3456 4489 con-

1958 4533 2163 4588 vertat
2207 4534 2270 4587 et
2313 4525 2564 4605 dirigat,
2601 4524 2714 4586 hos
2761 4541 2911 4586 vero
2952 4523 3122 4604 juste
3167 4525 3453 4602 deserat3

1958 4623 2314 4686 secundum
2381 4623 2671 4685 ordinem
2741 4641 2953 4684 rerum
3029 4623 3452 4704 procedendO,

1958 4741 2085 4784 non
2145 4729 2242 4784 est
2290 4721 2448 4783 ratio
2496 4739 2612 4782 cur
2657 4721 2772 4782 hos
2823 4728 3150 4783 convertat
3207 4729 3270 4784 et
3328 4740 3455 4784 non

1960 4821 2121 4882 illos.
2187 4820 2315 4881 Hoc
2375 4837 2651 4899 namque
2718 4837 2795 4880 ex
2854 4818 2988 4880 sola
3043 4819 3456 4901 simplicique

1960 4919 2164 5001 ipsius
2197 4919 2520 4980 voluntate
2551 4917 2868 4997 dependet
2901 4933 2914 4978 :
2949 4917 3116 4978 sicut
3145 4916 3338 4978 etiam
3379 4937 3456 4980 ex

1958 5017 2240 5098 simplici
2305 5016 2416 5078 Dei
2487 5014 2812 5076 voluntate
2882 5015 3224 5088 emanavit,
3285 5016 3455 5096 quod

1960 5134 2161 5197 quum
2229 5113 2444 5176 omnia
2512 5131 2588 5174 ex
2656 5112 2862 5176 nihilo
2928 5113 3453 5195 producerentur,

1962 5213 2252 5296 quaedam
2321 5210 2705 5294 quibusdam
2767 5210 3056 5291 digniora
3115 5212 3459 5273 constituta

1964 5319 2134 5386 sunt,
2197 5311 2374 5374 nullo
2442 5327 2701 5394 prorsus
2757 5309 3172 5374 antecedente
3231 5310 3458 5374 merito

3485 3820 3552 3868 22,
3574 3821 3641 3861 2³.
