4300 6259
133 1182 269 1219 mxx

166 4928 239 4967 ut.
256 4937 338 4969 cm.

946 494 1027 541 ΒΕ
1068 494 1295 541 ΣΠΠῙΝΕ
1338 493 1723 541 cumsTIANAE
1764 492 2065 550 Tmolum,
2112 492 2287 539 tumn
2329 494 2368 539 1.
2415 511 2497 521 —
2537 494 2678 539 Am.
2725 493 2846 541 cvn

3327 474 3442 537 371

349 679 475 725 non
515 670 617 725 est
657 662 863 727 forma
902 664 1363 739 substantialiS,
1395 665 1505 727 sed
1549 664 1839 727 acciden·
1871 663 1923 727 A
1954 664 2109 727 sinit
2164 664 2442 747 partium
2499 664 2819 727 distantia.
2867 664 3194 737 Praeterea,
3243 662 3452 723 anima

348 760 489 822 talis
540 778 557 822 ε
610 779 737 824 non
788 763 985 843 igitur
1032 770 1239 845 potest
1286 763 1501 843 largiri
1560 763 1841 845 speciem

349 864 407 919 et
434 860 843 923 essentialem
876 861 1211 934 rationem,
1251 862 1421 943 quod
1460 868 1673 923 tamen
1711 862 1845 923 ani-

350 976 449 1018 ma
496 957 723 1020 efficit.
766 960 1082 1041 Amplius,
1128 960 1375 1041 species
1422 978 1637 1022 rerum
1678 967 1845 1021 stant

350 1055 411 1116 in
462 1054 867 1131 indivisibili,
917 1058 1085 1119 sicut
1130 1066 1195 1119 et
1242 1076 1655 1120 numerorum
1707 1076 1847 1139 spe-

272 1188 324 1217 w.
352 1150 500 1223 cieS‚
535 1158 607 1213 ut
642 1170 837 1234 supra
876 1150 1297 1233 praehabitum
1343 1160 1461 1225 est,
1492 1152 1677 1214 aliter
1707 1170 1845 1234 per-

352 1249 468 1310 iret
524 1248 681 1311 ordo
740 1267 995 1329 rerum3
1044 1249 1405 1332 complexio
1451 1257 1667 1312 autem
1714 1266 1843 1311 non

350 1354 469 1409 stat
496 1347 565 1409 in
596 1346 1005 1423 indivisibili,
1038 1349 1310 1431 suscipit
1336 1348 1512 1411 enim
1544 1348 1844 1411 intensio-

348 1464 493 1508 nem
524 1454 588 1508 et
616 1446 1065 1509 remissionem
1100 1464 1113 1509 :
1148 1447 1301 1521 ime,
1334 1466 1535 1529 quum
1568 1445 1844 1529 comple-

348 1544 568 1607 xiones
600 1544 935 1607 hominum
968 1544 1271 1608 differant
1300 1546 1843 1629 specie,homines

349 1660 601 1725 quoque
644 1644 861 1726 specie
906 1643 1265 1718 differrent,
1317 1644 1369 1706 si
1419 1651 1587 1706 esset
1632 1643 1847 1705 anima

348 1741 725 1823 complexio.
770 1742 1095 1817 Praeterea‚
1139 1741 1499 1825 complexio
1542 1760 1669 1806 non
1716 1758 1851 1804 mo-

1956 765 2019 826 in
2064 762 2432 826 viventibus
2481 771 2578 825 est
2627 763 2908 845 primum
2954 780 3240 835 movenS,
3287 761 3454 823 sicut

1956 864 2021 925 in
2059 862 2370 926 Phaedone
2407 862 2868 925 demonstravit
2905 862 3098 934 Plato,
3131 867 3196 922 et
3231 866 3458 922 octavo

1956 960 2366 1043 Physicorum
2399 960 2788 1023 Aristoteles.
2807 960 3050 1042 Corpus
3079 964 3294 1020 autem
3325 973 3452 1018 non

1958 1066 2166 1141 potest
2209 1076 2347 1121 esse
2393 1058 2674 1141 primum
2724 1076 2984 1121 movens
3033 1056 3094 1117 in
3139 1054 3452 1117 animali:

1956 1156 2107 1239 quia
2153 1156 2436 1239 primum
2489 1174 2752 1219 movens
2809 1160 3060 1238 oportet
3118 1171 3258 1215 esse
3306 1152 3458 1215 sim-

1958 1255 2127 1337 plex,
2163 1262 2232 1317 ut
2259 1254 2540 1317 ostendit
2566 1254 3007 1335 Philosophus.
3031 1251 3276 1325 Adhuc,
3310 1250 3458 1313 sub·

1958 1354 2190 1416 stantia
2225 1353 2536 1416 dividitur
2575 1353 2640 1415 in
2683 1352 3036 1424 materiam,
3070 1350 3363 1423 formam,
3397 1356 3461 1413 et

1957 1452 2384 1535 compositum
2409 1469 2426 1531 ;
2459 1451 2886 1534 compositum
2920 1466 3071 1513 vero
3101 1457 3197 1513 est
3225 1466 3458 1531 corpus

1957 1558 2255 1614 constans
2313 1570 2390 1613 ex
2439 1550 2688 1613 duobus
2741 1549 2870 1611 illis
2923 1566 2936 1610 :
2991 1566 3118 1611 non
3167 1554 3264 1611 est
3309 1566 3460 1628 ergo

1960 1650 2174 1712 anima
2232 1667 2483 1732 corpus.
2533 1648 2862 1721 Praeterea,
2914 1648 3082 1709 sicut
3139 1646 3464 1710 Gilbertus

1958 1748 2188 1829 arguit,
2229 1765 2420 1811 omne
2464 1765 2696 1830 corpus
2734 1746 3022 1810 additum
3061 1745 3267 1819 alteri,
3310 1743 3466 1807 facit

350 1848 451 1903 vet
508 1857 745 1921 corpus
792 1840 917 1903 nisi
964 1841 1319 1904 secundum
1376 1848 1667 1903 naturam
1726 1839 1849 1902 ele·
1881 1844 1929 1907 B
1964 1847 2177 1930 ipsum
2239 1846 2489 1927 majus3
2539 1846 2650 1907 sed
2709 1852 3024 1927 praesente
3071 1844 3284 1907 anima
3334 1862 3462 1907 non

354 1940 549 2001 menti
619 1940 1145 2021 praedominantis
1212 1940 1275 2002 in
1336 1940 1575 2017 mixt03
1634 1939 1849 2001 anima

350 2046 563 2099 autem
604 2046 819 2100 movet
860 2056 1093 2121 corpus
1137 2039 1203 2101 in
1246 2056 1504 2101 omnem
1548 2036 1852 2100 differen-

354 2135 503 2197 tiam
540 2134 681 2197 loci.
718 2137 797 2198 At
827 2154 997 2209 vero,
1031 2136 1247 2200 anima
1276 2138 1436 2216 regit
1468 2143 1675 2198 motus
1716 2153 1853 2197 cor-

357 2234 550 2316 poriS,
602 2241 667 2295 et
714 2234 1043 2316 passiones
1093 2254 1235 2316 quoe
1280 2254 1359 2297 ex
1408 2234 1853 2317 complexione

354 2341 707 2396 nascuntur
752 2334 1037 2396 vicissim
1090 2334 1367 2396 refrenat
1412 2343 1477 2396 et
1524 2340 1783 2416 superat
1836 2350 1849 2393 :

354 2450 479 2494 non
510 2440 608 2495 est
636 2448 787 2512 ergo
816 2431 1195 2515 complexio.
1228 2432 1557 2495 Rationem
1589 2432 1855 2513 proinde

356 2530 573 2593 Galeni
605 2530 795 2591 facile
827 2537 925 2591 est
962 2529 1227 2592 solvere.
1262 2530 1471 2603 Quum
1510 2529 1682 2591 enim
1723 2529 1855 2591 ani-

360 2648 462 2691 ma
520 2628 605 2691 sit
672 2628 877 2691 forma
936 2628 1243 2710 corporis,
1305 2627 1857 2711 comprehendens

358 2728 423 2789 in
455 2746 525 2789 se
554 2727 936 2789 sensitivum
970 2734 1035 2789 et
1074 2726 1465 2798 mixtionale,
1498 2726 1861 2809 disponitur

354 2826 783 2888 diversimode
842 2824 1195 2887 secundum
1244 2824 1527 2887 diversas
1575 2823 1860 2905 corporis

358 2924 855 3006 complexiones
906 2924 1237 2987 Passiones
1297 2942 1447 3005 ergo
1504 2922 1661 2985 tales
1719 2941 1859 3004 quae

1964 1954 2059 2007 est
2089 1963 2322 2027 corpus
2355 1943 2560 2024 majus
2600 1962 2793 2025 quam
2824 1962 2899 2005 ea
2925 1942 3208 2016 absente,
3244 1960 3464 2023 quem-

1962 2042 2308 2107 admodum
2341 2060 2566 2104 sensus
2597 2042 2857 2104 edocet:
2891 2040 3108 2103 anima
3137 2058 3288 2121 ergo
3319 2040 3467 2102 sim·

1966 2142 2113 2225 plex
2157 2142 2434 2204 essentia
2475 2148 2590 2203 est.

2044 2239 2426 2303 Manichaeus
2467 2245 2701 2311 autem,
2736 2237 2846 2319 qui
2887 2237 3050 2299 dixit
3089 2237 3288 2299 Deum
3329 2254 3469 2299 esse

1968 2337 2178 2400 lucem
2210 2337 2546 2419 quamdam
2579 2335 3324 2418 corpoream,distentam
3358 2353 3473 2417 per

1968 2437 2244 2519 spatium
2279 2435 2634 2509 infinitum,
2667 2434 2902 2516 adjecit
2931 2434 3214 2497 animam
3255 2433 3332 2496 de
3363 2451 3473 2494 na-

1967 2542 2109 2597 tura
2153 2534 2264 2597 Dei
2305 2551 2446 2597 esse
2487 2540 2551 2596 et
2589 2532 2969 2615 particulam
3010 2532 3348 2615 quamdam
3383 2531 3473 2595 di·

1968 2634 2133 2697 vinae
2192 2633 2372 2695 luciS.
2427 2632 2570 2695 Haec
2629 2650 2886 2714 quoque
2944 2632 3198 2715 positio,
3261 2648 3472 2713 neque

1968 2730 2313 2804 Aristoteli,
2347 2749 2556 2812 neque
2589 2730 3032 2812 philosophiae,
3064 2748 3274 2811 neque
3317 2728 3473 2791 fidei

1970 2846 2247 2893 consona
2287 2836 2400 2891 est.
2437 2827 2806 2890 Aristoteles
2845 2827 3019 2889 enim
3061 2833 3286 2889 octavo
3317 2826 3472 2909 Phy-

1972 2929 2251 2991 sicorum
2303 2926 2603 3000 ostendit,
2655 2927 2856 2989 Deum
2907 2925 3150 2987 nullam
3211 2943 3474 3007 prorsus

360 3024 703 3087 nominatae·
759 3029 930 3096 sunt,
961 3022 1403 3085 attribuuntur
1454 3024 1683 3085 animae
1740 3022 1859 3083 sic·
1890 3020 1934 3083 C
1973 3025 2207 3089 habere
2253 3024 2782 3106 magnitudinem,
2822 3032 2888 3086 et
2927 3024 3192 3087 omnino
3237 3024 3478 3086 incom-

360 3130 429 3183 ut
472 3120 816 3203 principali
863 3138 1101 3199 causae3
1143 3120 1575 3202 complexioni
1619 3127 1857 3193 autem,

360 3220 527 3283 sicut
568 3219 933 3302 disponenti
978 3226 1044 3281 et
1086 3238 1293 3283 causae
1340 3219 1749 3281 materialiter
1792 3238 1861 3281 se

358 3318 643 3381 habenti.

436 3418 632 3481 Porro
686 3416 839 3478 huic
899 3423 1213 3499 praetactae
1271 3416 1557 3499 opinioni
1628 3416 1859 3499 positio

362 3514 769 3598 Empedoclis
816 3514 1049 3577 similis
1098 3521 1215 3589 est,
1257 3514 1530 3577 dicentis
1576 3516 1857 3578 animam

358 3632 501 3677 esse
558 3612 983 3687 harmoniam,
1035 3631 1163 3677 non
1222 3613 1483 3695 quidem
1532 3632 1857 3687 sonorum,

360 3712 473 3775 sed
503 3712 989 3775 contrariorum.
1024 3712 1173 3785 Quae
1212 3712 1445 3794 positio
1484 3711 1715 3775 debilis
1744 3721 1859 3775 est.

360 3811 425 3874 Si
468 3811 647 3873 enim
690 3810 905 3873 anima
948 3818 1118 3872 esset
1155 3810 1508 3884 harmonia,
1542 3817 1695 3873 tunc
1734 3811 1865 3873 illic

360 3916 529 3971 esset
572 3907 1021 3970 universaliter
1060 3907 1295 3982 anima,
1330 3906 1440 3969 ubi
1482 3915 1579 3969 est
1618 3908 1866 3971 harmo-

360 4007 471 4068 nia
520 4024 535 4068 :
589 4023 718 4088 quo
764 4022 1090 4080 concesso,
1142 4023 1333 4068 omne
1382 4007 1654 4068 mixtum
1702 4014 1870 4069 esset

360 4103 739 4167 animatum.
790 4103 1087 4167 Rationes
1144 4102 1421 4186 denique
1478 4112 1699 4168 contra
1756 4106 1870 4169 Ga·

362 4203 587 4266 lenum
619 4201 865 4285 positae,
898 4220 1041 4264 eam
1072 4200 1471 4265 sufficienter
1507 4203 1862 4267 destruunt.
1895 4205 1945 4268 D

444 4301 569 4365 Sed
608 4320 683 4363 ea
712 4320 855 4383 quae
894 4308 1045 4363 sunt
1086 4301 1164 4363 de
1203 4300 1616 4365 subsistentia
1652 4311 1715 4367 et
1754 4303 1870 4366 im-

366 4400 811 4465 materialitate
832 4407 895 4463 et
914 4399 1323 4482 simplicitate
1339 4409 1403 4463 et
1433 4400 1869 4465 immortalita-

362 4508 427 4564 te
458 4498 915 4563 intellectualis
944 4499 1175 4563 animae
1204 4500 1546 4581 diligenter
1584 4508 1867 4577 tractata,

364 4602 483 4663 has
528 4601 685 4663 duas
730 4599 1102 4682 positioneS,
1144 4606 1207 4662 et
1251 4600 1584 4682 potissime
1629 4602 1873 4683 opinio-

363 4719 523 4763 nem
578 4718 803 4762 eorum
862 4699 974 4781 qui
1031 4698 1331 4761 dicebant
1384 4700 1664 4762 animam
1732 4720 1871 4764 esse

365 4818 629 4882 corpuS,
660 4799 851 4882 plene
882 4798 1287 4879 redarguunt.
1308 4797 1605 4861 Habitum
1640 4818 1874 4882 nempe

366 4908 493 4975 est,
534 4897 707 4981 quod
748 4896 955 4961 forma
997 4904 1061 4959 et
1106 4896 1369 4961 materia
1410 4904 1561 4959 sunt
1604 4896 1877 4960 ubilibet

365 4998 569 5062 simul
604 4996 894 5078 :alioqui
938 4995 1153 5079 aliqua
1195 5016 1341 5079 pars
1386 4998 1665 5061 materiae
1709 5005 1877 5059 esset

366 5096 695 5170 informiS,
737 5095 907 5178 quod
952 5095 1329 5178 implicaret.
1363 5094 1428 5158 Si
1474 5095 1668 5175 igitur
1709 5080 1895 5159 esset'

364 5199 589 5261 anima
618 5214 877 5278 corpus,
908 5212 1175 5278 corpora
1204 5201 1611 5277 penetrarent
1639 5214 1707 5258 se
1740 5214 1876 5257 mu·

366 5306 505 5375 tuo,
556 5304 623 5361 et
668 5302 885 5359 essent
929 5294 1173 5376 ubique
1219 5292 1413 5355 simul
1462 5310 1476 5354 :
1527 5294 1697 5375 quod
1748 5312 1874 5357 non

1974 3124 2350 3188 mutabilem
2383 3140 2558 3202 esse;
2591 3130 2654 3185 et
2682 3122 2836 3185 alibi
2869 3122 3073 3196 docet,
3108 3122 3277 3204 quod
3309 3122 3476 3184 Deus

1972 3224 2053 3285 sit
2086 3242 2286 3305 purus
2315 3229 2515 3296 actuS,
2551 3220 2966 3303 impartibilis
2997 3228 3062 3283 et
3092 3220 3477 3303 simpliciter

1973 3321 2297 3405 perfectus
2349 3338 2362 3381 :
2414 3340 2556 3402 quae
2613 3318 2833 3383 omnia
2888 3326 3037 3380 sunt
3093 3326 3312 3381 contra
3358 3318 3475 3399 fig-

1975 3426 2192 3482 menta
2239 3418 2590 3481 Manichaei.
2641 3418 2710 3479 ln
2760 3415 3200 3499 superioribus
3257 3424 3471 3479 autem
3498 3434 3674 3475 uam.

1974 3516 2470 3579 determinatum
2538 3522 2635 3578 est
2690 3522 2754 3577 et
2810 3514 3204 3597 disputatum
3254 3520 3474 3577 contra

1974 3616 2482 3696 Trismegistum‚
2533 3622 2595 3676 et
2651 3632 2761 3677 eos
2818 3613 2929 3695 qui
2978 3612 3276 3675 dixerunt
3321 3613 3479 3675 divi·

1976 3731 2133 3774 num
2177 3731 2339 3786 esse,
2378 3730 2518 3774 esse
2563 3729 2753 3773 omne
2797 3709 2965 3792 quod
3012 3716 3128 3783 est,
3174 3718 3476 3792 tanquam

1978 3810 2060 3873 sit
2089 3812 2256 3874 Deus
2298 3828 2436 3873 esse
2481 3808 2748 3872 formale
2788 3806 3080 3871 omnium
3117 3824 3130 3869 :
3164 3827 3306 3889 quae
3345 3825 3478 3869 om·

1978 3910 2085 3973 nia
2141 3892 2710 3991 Peripateticorum
2769 3906 3082 3989 sapientia
3128 3906 3483 3969 efficaciter

1980 4007 2443 4090 improbantur.

2363 4259 2851 4325 ARTICULUS
2897 4258 3100 4325 CVII.

2020 4405 2256 4467 Utrum
2297 4420 2570 4478 corpora
2611 4402 2919 4461 coelorum
2962 4402 3096 4460 sint
3133 4401 3451 4461 animata.

2062 4600 2113 4664 N
2151 4600 2402 4662 cunctis
2446 4616 2660 4661 rerum
2706 4596 3038 4660 ordinibus
3081 4596 3290 4679 palam
3338 4612 3486 4659 con-

2090 4698 2424 4781 spicimus,
2471 4696 2640 4778 quod
2691 4713 2804 4778 per
2846 4713 2914 4757 se
2957 4701 3021 4757 et
3063 4694 3486 4757 essentialiter

1987 4800 2131 4872 tale,
2165 4803 2262 4859 est
2292 4796 2472 4878 prius
2513 4794 2622 4856 illo
2666 4794 2836 4875 quod
2876 4800 2974 4855 est
3009 4792 3486 4855 accidentaliter

1987 4906 2052 4961 et
2108 4915 2222 4979 per
2280 4894 2712 4957 extrinsecum
2761 4890 2906 4952 tale.
2959 4890 3029 4952 In
3081 4891 3486 4954 moventibus

1986 5004 2202 5059 autem
2247 5001 2310 5055 et
2355 4992 2542 5055 motis
2587 4997 2837 5073 oportet
2879 5006 3018 5051 esse
3062 4996 3298 5051 statum
3342 4998 3488 5052 :est

1988 5112 2139 5177 ergo
2180 5091 2439 5175 aliquod
2483 5089 2764 5173 primum
2812 5094 3076 5150 motum.
3121 5088 3250 5150 Hoc
3293 5089 3490 5170 igitur

1987 5202 2097 5257 aut
2139 5198 2434 5256 movetur
2468 5208 2506 5251 a
2542 5206 2610 5251 se
2649 5188 2790 5270 ipso
2828 5193 2892 5249 et
2930 5184 3278 5250 intrinseco
3307 5189 3487 5270 prin·

1990 5293 2181 5375 cipio,
2215 5298 2326 5353 aut
2369 5296 2538 5351 certe
2582 5306 2619 5349 a
2663 5292 2904 5348 motore
2949 5285 3303 5349 secundum
3347 5304 3488 5351 esse
