4300 6259
834 451 953 518 166

1680 471 2101 519 ELEMENTATIO
2142 469 2539 518 TEEOLOGIGA.
2585 488 2666 500 --
2706 471 2785 515 ΒΕ
2824 471 3085 517 ananus

832 660 945 705 seu
1004 641 1398 726 Compendio
1452 642 1873 725 philosophiae
1936 641 2328 704 declaratum
2357 641 2408 704 A
2441 647 2752 724 quantum
2781 640 2859 703 ad
2889 641 3161 705 aliorum
3192 641 3505 714 notitiam,
3528 646 3594 704 et
3622 643 3942 721 quantum

836 747 933 804 est
972 748 1037 804 et
1078 741 1419 823 probatum
1462 739 1723 804 diffuse.

1199 948 1718 1015 PROPOSITIO
1764 949 1971 1012 LXV.

910 1133 1408 1212 Angelorum
1475 1135 1646 1199 tres
1714 1132 2192 1200 hierarchiae
2251 1135 2332 1199 et

833 1247 1122 1299 novem
1165 1232 1484 1297 ord1nes
1524 1232 2063 1310 assignantur.

912 1330 1089 1404 Quod
1158 1335 1276 1403 est,
1349 1329 1655 1410 quoniam
1725 1328 2083 1392 hierarchia
2159 1347 2336 1391 sacer

832 1428 1231 1511 principatus
1281 1427 1756 1509 interpretatur.
1807 1427 2143 1508 Quumque
2202 1445 2334 1488 om-

834 1526 1015 1589 nium
1057 1527 1260 1589 Deum
1305 1524 1652 1588 colentium
1700 1543 1865 1587 unus
1908 1524 1989 1587 sit
2035 1525 2336 1606 princeps

834 1643 1149 1698 summus,
1184 1623 1581 1705 principalis,
1626 1623 1757 1686 imo
1813 1631 1877 1684 et
1930 1622 2335 1684 immediatus

834 1729 1145 1804 quantum
1188 1722 1269 1784 ad
1311 1721 1562 1803 apicem
1604 1721 1838 1784 mentis
1876 1738 1989 1783 seu
2030 1720 2335 1782 verticem

2439 738 2518 800 ad
2567 739 2844 802 rationes
2895 746 2958 801 et
3005 757 3252 814 causas»,
3305 736 3820 802 circumstantias
3881 743 3946 798 et

2441 837 2850 901 habitudines
2897 854 3166 919 operum
3225 837 3336 900 Dei
3397 857 3510 900 seu
3569 835 3944 899 divinorum

2441 934 2820 1010 effectuum,
2852 943 2918 998 et
2947 943 3257 1018 quantum
3297 937 3378 1000 ad
3416 935 3766 1016 gratiarum
3809 951 3950 1015 my-

2441 1035 2634 1096 steria
2662 1041 2727 1097 et
2754 1051 2976 1098 eorum
3017 1035 3310 1098 notitiam
3350 1054 3494 1116 quae
3530 1033 3608 1096 ad
3647 1031 3949 1096 acciden-

2441 1133 2568 1195 tale
2602 1133 2924 1214 pertinent
2964 1134 3326 1215 praemium,
3359 1151 3583 1196 omnes
3625 1149 3756 1194 non
3800 1129 3951 1192 illu-

2445 1230 2772 1293 minantur
2813 1248 2931 1293 nec
2975 1232 3324 1294 edocentur
3365 1250 3402 1294 a
3439 1232 3570 1294 Deo
3611 1228 3950 1312 aequaliter

2445 1347 2564 1391 nec
2602 1347 2782 1411 aeque
2824 1328 3212 1392 immediate.
3257 1329 3404 1392 Ideo
3443 1329 3654 1411 quoad
3699 1327 3838 1390 haee
3883 1335 3951 1388 et

2446 1427 2673 1489 horum
2707 1427 3160 1507 cognitionem,
3193 1427 3672 1510 perceptionem
3712 1434 3778 1490 et
3815 1425 3948 1488 dis-

2448 1525 2887 1606 pensationem
2954 1545 3068 1588 seu
3135 1525 3780 1597 administrationem,
3835 1524 3950 1585 tri-

2450 1622 2594 1704 plex
2635 1623 2993 1704 assignatur
3033 1623 3392 1686 hierarchia
3430 1623 3495 1685 in
3539 1623 3808 1703 angelis,
3849 1640 3948 1684 se-

2449 1722 2731 1783 cundum
2800 1722 2970 1803 quod
3041 1723 3159 1784 ista
3230 1721 3571 1804 tripliciter
3639 1740 3752 1784 seu
3823 1720 3950 1782 sub

834 1819 1202 1893 voluntatis,
1238 1839 1381 1901 quae
1411 1838 1447 1882 a
1477 1819 1613 1882 solo
1642 1819 1934 1882 Creatore
1965 1819 2334 1880 immediate
2373 1820 2421 1882 B
2450 1819 2687 1901 triplici
2718 1819 3083 1883 differentia
3112 1827 3584 1900 cognoscuntur
3612 1828 3677 1882 et
3716 1819 3953 1901 recipi-

834 1916 1205 1979 accenditur
1243 1923 1309 1979 et
1350 1917 1839 1999 impressionem
1870 1917 2168 1995 sortitur3
2203 1925 2336 1999 pot-

838 2022 935 2076 est
963 2033 1041 2076 ex
1075 2014 1192 2077 hac
1224 2021 1425 2097 parte,
1448 2015 1738 2078 omnium
1762 2022 1887 2076 tam
1921 2014 2340 2096 comprehen-

839 2129 1053 2175 sorum
1103 2132 1297 2194 quam
1342 2113 1657 2175 viatorum
1690 2113 1755 2174 in
1799 2113 2059 2176 caritate
2098 2120 2164 2174 et
2201 2131 2339 2193 gra·

838 2211 927 2272 tia
953 2217 1207 2290 gratum
1232 2210 1503 2273 faciente
1530 2210 1999 2283 exsistentium,
2017 2230 2142 2273 una
2171 2211 2336 2273 hier-

838 2307 1057 2370 archia
1086 2307 1332 2370 censeri
1363 2326 1437 2370 ac
1466 2309 1821 2390 nuncupari
1868 2326 1881 2370 :
1925 2310 2338 2390 quemadmo-

840 2407 991 2468 dum
1019 2405 1403 2486 Augustinus
1432 2406 1584 2467 duas
1615 2423 1754 2468 esse
1778 2408 2004 2469 asserit
2026 2409 2334 2482 civitateS,

840 2522 1036 2565 unam
1064 2503 1200 2576 Dei,
1232 2501 1423 2564 aliam
1463 2502 1841 2584 Babylonis3
1884 2504 2339 2587 civitatemque

840 2602 954 2665 Dei
985 2600 1287 2664 constitui
1320 2601 1580 2662 caritate
1626 2601 1735 2664 Dei
1778 2610 2101 2665 crescente
2136 2623 2338 2684 usque

838 2700 917 2762 ad
969 2706 1409 2781 contemptum
1464 2699 1605 2778 sui3
1654 2698 1980 2762 civitatem
2026 2719 2181 2764 vero
2227 2701 2338 2763 Ba-

841 2797 1116 2880 byloniS,
1176 2813 1393 2859 amore
1450 2796 1550 2858 sui
1609 2805 1937 2860 crescente
1998 2817 2202 2880 usque
2259 2800 2334 2861 ad

839 2901 1282 2976 contemptum
1347 2894 1480 2956 Dei.
1545 2895 1737 2957 Porro
1794 2915 1871 2956 ex
1933 2903 2107 2977 parte
2173 2915 2340 2960 com-

2449 1924 2644 1978 untur
2683 1917 2764 1980 ab
2807 1918 2985 2000 ipsis·

2526 2016 2835 2098 Denique,
2896 2033 3025 2099 quo
3080 2016 3290 2098 angeli
3348 2016 3550 2079 sancti
3609 2023 3758 2078 sunt
3815 2016 3950 2078 Deo

2449 2114 2938 2197 propinquiores
2999 2114 3131 2194 (eui
3205 2121 3381 2176 tanto
3453 2113 3950 2196 propinquiores

2449 2212 2807 2275 consistunt
2834 2229 2961 2295 quo
2992 2211 3324 2275 nobilioris
3355 2220 3595 2276 naturae
3632 2220 3698 2275 et
3733 2220 3949 2274 actua-

2451 2310 2626 2374 lioris
2673 2319 2824 2373 sunt
2865 2309 3152 2391 speciei),
3186 2327 3263 2374 eo
3305 2309 3371 2373 in
3404 2310 3848 2392 cognoscendo
3886 2318 3952 2373 et

2451 2409 2638 2471 modo
2675 2426 2750 2470 ac
2791 2407 3003 2472 medio
3045 2409 3468 2488 cognoscendi
3515 2417 3666 2472 sunt
3712 2407 3950 2472 deifor-

2452 2506 2841 2579 mioreS,hoc
2871 2514 2967 2568 est
2997 2507 3124 2569 Deo
3154 2505 3700 2569 similiores.Deus
3728 2514 3950 2570 autem

2451 2604 2856 2685 omnipotens
2889 2604 2952 2665 in
2987 2623 3053 2666 se
3085 2623 3200 2686 per
3232 2604 3489 2666 unicam
3520 2623 3702 2666 suam
3731 2622 3954 2667 essen·

2451 2702 2604 2764 tiam
2649 2702 2947 2764 universa
2984 2707 3049 2764 et
3085 2701 3336 2782 singula
3381 2700 3660 2784 perfecte
3703 2720 3776 2765 ac
3824 2702 3954 2765 dis-

2450 2800 2646 2861 tincte
2677 2799 2994 2881 intelligit.
3029 2799 3364 2881 Quumque
3393 2800 3795 2881 operationes
3841 2819 3954 2863 an-

2448 2897 2735 2978 gelorum
2767 2897 2845 2959 ab
2875 2897 3247 2960 eorumdem
3279 2897 3710 2960 intellectibus
3739 2898 3955 2960 orian-

842 2992 1175 3056 munitatis
1218 2991 1523 3072 subjectae
1571 2991 1847 3074 principi
1900 3001 2139 3067 sancte,
2184 2994 2341 3056 divi·
2377 2995 2419 3059 C
2451 3003 2576 3069 tur,
2623 2995 2833 3076 palam
2875 2995 3044 3077 quod
3081 2994 3263 3075 juxta
3307 2994 3631 3057 diversum
3682 2997 3952 3058 modum

840 3093 1014 3154 ditur
1053 3089 1451 3172 principatus
1480 3109 1593 3152 seu
1623 3090 1979 3153 hierarchia
2010 3091 2074 3153 in
2106 3092 2341 3154 hierar-

845 3190 1056 3252 chiam
1087 3188 1437 3270 angelicam
1474 3207 1585 3250 seu
1618 3189 1965 3262 coelestem,
1986 3198 2049 3252 et
2080 3191 2144 3252 in
2177 3191 2341 3254 hier-

842 3288 1125 3351 archiam
1173 3286 1670 3349 ecclesiasticam
1732 3304 1845 3348 seu
1902 3294 2218 3350 terrenam
2278 3297 2342 3352 et

844 3385 1313 3449 subcoelestem.
1354 3384 1723 3447 Hierarchia
1763 3385 2002 3446 etenim
2045 3405 2121 3448 ex
2162 3396 2339 3468 parte

843 3486 1150 3567 subjectae
1211 3483 1641 3547 multitudinis
1699 3484 1933 3547 dicitur
1992 3505 2137 3560 una,
2198 3507 2339 3569 quae

840 3583 1191 3666 (loquendo
1221 3582 1285 3643 in
1316 3581 1628 3663 generali)
1648 3598 1776 3643 uno
1806 3589 1868 3643 et
1896 3583 2120 3644 eodem
2151 3585 2340 3647 modo

844 3680 1116 3762 suscipit
1180 3679 1707 3761 gubernationem
1776 3679 2342 3744 illuminationem-

845 3797 970 3860 que
1002 3778 1334 3861 principis.
1360 3778 1696 3858 Quumque
1727 3777 2020 3840 homines
2052 3778 2342 3842 directio-

847 3895 996 3940 nem
1054 3875 1361 3938 rectivam
1411 3883 1476 3937 et
1533 3875 2025 3937 illustrationem
2085 3883 2343 3938 sumant

842 3993 881 4037 a
920 3974 1049 4038 Deo
1086 3974 1207 4037 sub
1252 3973 1666 4036 sensibilibus
1698 3972 1945 4047 formiS,
1978 3972 2341 4036 similitudi-

845 4073 1038 4136 nibus
1066 4079 1129 4135 et
1158 4072 1409 4154 figuris,
1443 4080 1633 4153 atque
1665 4090 1780 4152 per
1809 4070 2007 4134 fidem
2047 4080 2111 4134 et
2153 4071 2340 4135 mini-

2453 3093 2904 3156 intellectionis
2956 3093 3240 3175 ipsorum
3287 3100 3578 3155 sumatur
3618 3093 3953 3157 distinctio

2453 3190 2956 3253 hierarchiarum
3018 3190 3084 3252 in
3144 3190 3292 3263 inis,
3353 3198 3544 3273 atque
3609 3192 3950 3254 diversitas

2453 3288 2861 3370 operationis,
2893 3289 3245 3370 praelaturae
3273 3294 3338 3350 et
3375 3288 3804 3352 ordinationes
3850 3309 3953 3354 eo·

2454 3407 2616 3449 rum.
2642 3386 3066 3450 Praehabitum
3089 3404 3352 3469 quoque
3380 3394 3496 3461 est,
3521 3388 3691 3469 quod
3723 3407 3952 3470 quem·
4016 3413 4194 3456 ame.

2453 3485 2796 3548 admodum
2864 3484 3046 3565 juxta
3101 3484 3516 3567 philosophos
3577 3486 3785 3549 omnis
3851 3488 3948 3549 in·
3979 3476 4208 3578 phaz?

2451 3581 2805 3662 telligentia
2874 3581 3064 3663 plena
3137 3589 3234 3644 est
3297 3581 3545 3656 formis,
3615 3582 3702 3643 ita
3770 3581 3948 3663 quod
3977 3553 4094 3644 ἷῖἷὶι.
4183 3567 4194 3584 ’

2452 3678 2890 3759 intelligentia}
2965 3681 3326 3760 superiores
3395 3678 3633 3742 habent
3704 3679 3952 3741 formas

2451 3776 2964 3850 universalioreS,
2999 3795 3114 3858 per
3143 3795 3301 3859 quas
3345 3777 3530 3858 plura
3571 3785 3850 3839 noscunt
3885 3784 3953 3840 et

2453 3874 2652 3955 magis
2683 3872 2965 3956 perfecte
2994 3893 3183 3957 quam
3219 3874 3656 3956 intelligentiae
3689 3875 3954 3937 inferio·

2451 3991 2550 4034 res
2583 3991 2697 4054 per
2724 3971 3055 4046 formaS,id
3086 3980 3184 4035 est
3212 3971 3646 4055 intelligibiles
3675 3973 3950 4055 specieS,

2450 4089 2608 4152 quas
2637 4069 2876 4132 habent
2919 4071 3132 4132 minus
3173 4070 3603 4150 universales;
3635 4070 3728 4132 sic
3763 4070 3954 4151 juxta

844 4171 1113 4233 sterium
1143 4171 1537 4251 angelorum,
1570 4169 1778 4250 angeli
1810 4178 2024 4232 autem
2057 4171 2121 4232 in
2157 4170 2340 4233 intel·
2373 4169 2420 4230 D
2453 4167 2800 4249 theologOS‚
2834 4187 3056 4232 omnes
3092 4169 3300 4250 angeli
3336 4169 3508 4252 pleni
3539 4178 3691 4232 sunt
3717 4169 3950 4232 formis
3978 4199 4228 4245 pronaum

844 4269 1100 4332 lectuali
1148 4267 1446 4350 puritate,
1490 4267 1898 4330 immateriali
1948 4269 2337 4343 sinceritate,

842 4374 907 4430 et
946 4365 1227 4428 evidenti
1278 4365 1659 4427 certitudine
1707 4365 1877 4427 clara
1924 4373 1987 4428 et
2043 4365 2340 4428 deiformi

841 4463 1108 4543 notitia;
1160 4469 1405 4526 constat
1460 4462 1572 4524 has
1622 4462 1779 4524 duas
1826 4462 2213 4526 hierarchias
2261 4464 2341 4527 ab

842 4563 1125 4626 invicem
1168 4580 1308 4624 esse
1350 4560 1701 4622 distinctas.

924 4661 1210 4733 Interim,
1245 4658 1451 4740 angeli
1484 4657 1743 4740 gloriosi
1776 4665 1841 4720 et
1871 4659 2095 4733 sancti,
2119 4680 2340 4743 quam-

838 4761 938 4824 vis
968 4778 1190 4823 omnes
1223 4756 1593 4820 immediate
1622 4776 1657 4818 a
1688 4757 2342 4838 supergloriosissimo

837 4861 967 4923 Deo
1026 4856 1428 4919 illustrentur
1486 4855 1786 4918 beatifica
1833 4854 2098 4928 visione,
2151 4863 2341 4937 atque

837 4974 1059 5020 eorum
1108 4955 1471 5035 cognitione
1516 4973 1656 5036 quae
1700 4953 1941 5016 directe
1984 4953 2059 5015 ad
2106 4953 2345 5035 princi-

836 5054 1047 5137 palem
1115 5052 1580 5116 beatitudinem
1650 5051 2116 5134 essentialeque
2193 5071 2344 5134 prae-

842 5153 1043 5215 mium
1106 5151 1450 5233 pertinent,
1512 5157 1622 5212 aut
1676 5150 1968 5232 protinus
2027 5150 2345 5213 concomi-

840 5256 1057 5312 tantur
1123 5249 1437 5313 visionem
1514 5248 1987 5329 felicitantem3
2057 5255 2340 5314 attamen

2449 4281 2565 4328 seu
2599 4266 3111 4348 intelligibilibus
3152 4267 3486 4349 speciebus
3525 4268 3646 4331 sibi
3691 4285 3954 4331 concre-

2451 4365 2572 4427 atis
2621 4384 2693 4427 ac
2753 4365 2994 4438 inditis,
3036 4365 3528 4448 superioresque
3565 4364 3770 4446 angeli
3811 4367 3955 4430 uni·

2453 4463 2906 4527 versalioribus
2949 4463 3193 4526 formis.
3237 4464 3690 4528 Verumtamen
3735 4467 3802 4528 in
3847 4485 3956 4530 eo·

2452 4562 2736 4644 gnitione
2779 4562 3097 4624 rationum
3139 4581 3405 4644 operum
3458 4563 3844 4638 divinorum,
3893 4574 3960 4628 et

2455 4661 2521 4723 in
2581 4660 3117 4742 contemplatione
3177 4661 3348 4723 modi
3407 4681 3482 4724 ac
3539 4662 3960 4726 circumstan-

2455 4759 2712 4831 tiarum,
2775 4758 3057 4841 itemque
3119 4776 3538 4839 processuum
3587 4769 3650 4824 et
3695 4780 3960 4825 exsecu-

2453 4858 2701 4920 tionum
2749 4857 3140 4938 judiciorum
3191 4864 3256 4920 et
3310 4859 3786 4938 mysteriorum,
3827 4861 3957 4923 dis-

2454 4955 2844 5037 positionum
2893 4962 2958 5017 et
3016 4954 3564 5037 providentiarum
3613 4957 3951 5032 Altissimi,

2453 5052 2768 5135 proficere
2835 5060 3079 5134 queunt
3136 5071 3210 5115 ac
3267 5071 3554 5116 crescere
3611 5073 3814 5137 usque
3869 5056 3952 5118 ad

2454 5151 2720 5212 extremi
2765 5149 2993 5231 judicii
3038 5149 3227 5212 diem.
3271 5151 3492 5233 ltaque
3535 5151 3775 5233 angelis
3821 5153 3952 5235 pri-

2453 5268 2572 5314 mae
2611 5251 2994 5312 ac'summae
3041 5248 3414 5314 hierarchiae
3449 5250 3752 5332 angelicae
3797 5268 3948 5314 con-
