<?xml version="1.0" encoding="UTF-8"?>
<!DOCTYPE html PUBLIC "-//W3C//DTD XHTML 1.0 Transitional//EN"
    "http://www.w3.org/TR/xhtml1/DTD/xhtml1-transitional.dtd">
<html xmlns="http://www.w3.org/1999/xhtml" xml:lang="en" lang="en">
 <head>
  <title>
</title>
<meta http-equiv="Content-Type" content="text/html;charset=utf-8" />
  <meta name='ocr-system' content='tesseract 3.04.00' />
  <meta name='ocr-capabilities' content='ocr_page ocr_carea ocr_par ocr_line ocrx_word'/>
</head>
<body>
  <div class='ocr_page' id='page_1' title='image "./doctorisecstati05unkngoog_0112.png"; bbox 0 0 4300 6259; ppageno 0'>
   <div class='ocr_carea' id='block_1_1' title="bbox 866 412 3198 483">
    <p class='ocr_par' dir='ltr' id='par_1_1' title="bbox 866 412 3198 483">
     <span class='ocr_line' id='line_1_1' title="bbox 866 412 3198 483; baseline 0.003 -8"><span class='ocrx_word' id='word_1_1' title='bbox 866 412 945 476; x_wconf 83' lang='grc'>98</span> <span class='ocrx_word' id='word_1_2' title='bbox 1634 432 2056 479; x_wconf 69' lang='lat' dir='ltr'>ELEMENTATIo</span> <span class='ocrx_word' id='word_1_3' title='bbox 2098 433 2555 480; x_wconf 68' lang='lat' dir='ltr'>PHILOSOPmCA.</span> <span class='ocrx_word' id='word_1_4' title='bbox 2603 452 2682 462; x_wconf 92' lang='lat'>-·-</span> <span class='ocrx_word' id='word_1_5' title='bbox 2725 435 2804 481; x_wconf 76' lang='lat' dir='ltr'>DE</span> <span class='ocrx_word' id='word_1_6' title='bbox 2846 437 3198 483; x_wconf 71' lang='lat' dir='ltr'>vm‘rurmus</span> 
     </span>
    </p>
   </div>
   <div class='ocr_carea' id='block_1_2' title="bbox 569 597 3983 1380">
    <p class='ocr_par' dir='ltr' id='par_1_2' title="bbox 569 597 3983 1380">
     <span class='ocr_line' id='line_1_2' title="bbox 862 597 3983 691; baseline 0.004 -32"><span class='ocrx_word' id='word_1_7' title='bbox 862 597 1176 680; x_wconf 87' lang='lat' dir='ltr'>processit</span> <span class='ocrx_word' id='word_1_8' title='bbox 1223 617 1261 661; x_wconf 88' lang='lat' dir='ltr'>a</span> <span class='ocrx_word' id='word_1_9' title='bbox 1302 598 1433 662; x_wconf 90' lang='lat' dir='ltr'>Deo</span> <span class='ocrx_word' id='word_1_10' title='bbox 1476 597 1539 662; x_wconf 91' lang='lat' dir='ltr'>in</span> <span class='ocrx_word' id='word_1_11' title='bbox 1585 601 1827 663; x_wconf 86' lang='lat' dir='ltr'>ratione</span> <span class='ocrx_word' id='word_1_12' title='bbox 1869 619 2074 664; x_wconf 82' lang='lat' dir='ltr'>causae</span> <span class='ocrx_word' id='word_1_13' title='bbox 2120 600 2361 676; x_wconf 80' lang='lat' dir='ltr'>finaliS‚</span> <span class='ocrx_word' id='word_1_14' title='bbox 2392 603 2443 666; x_wconf 82' lang='lat' dir='ltr'>A</span> <span class='ocrx_word' id='word_1_15' title='bbox 2471 601 2619 664; x_wconf 91' lang='lat' dir='ltr'>dine</span> <span class='ocrx_word' id='word_1_16' title='bbox 2675 622 2806 666; x_wconf 84' lang='lat' dir='ltr'>suae</span> <span class='ocrx_word' id='word_1_17' title='bbox 2864 605 3104 686; x_wconf 87' lang='lat' dir='ltr'>speciei</span> <span class='ocrx_word' id='word_1_18' title='bbox 3162 623 3238 668; x_wconf 89' lang='lat' dir='ltr'>ac</span> <span class='ocrx_word' id='word_1_19' title='bbox 3293 606 3598 688; x_wconf 75' lang='lat' dir='ltr'>generi33</span> <span class='ocrx_word' id='word_1_20' title='bbox 3648 614 3844 691; x_wconf 84' lang='lat' dir='ltr'>atque</span> <span class='ocrx_word' id='word_1_21' title='bbox 3903 614 3983 670; x_wconf 89' lang='lat' dir='ltr'>ut</span> 
     </span>
     <span class='ocr_line' id='line_1_3' title="bbox 862 695 3980 785; baseline 0.004 -28"><span class='ocrx_word' id='word_1_22' title='bbox 862 695 1166 778; x_wconf 90' lang='lat' dir='ltr'>adeptum</span> <span class='ocrx_word' id='word_1_23' title='bbox 1209 704 1307 760; x_wconf 90' lang='lat' dir='ltr'>est</span> <span class='ocrx_word' id='word_1_24' title='bbox 1348 705 1413 760; x_wconf 88' lang='lat' dir='ltr'>et</span> <span class='ocrx_word' id='word_1_25' title='bbox 1452 698 1858 783; x_wconf 79' lang='lat' dir='ltr'>participavit</span> <span class='ocrx_word' id='word_1_26' title='bbox 1894 698 2266 772; x_wconf 84' lang='lat' dir='ltr'>bonitatem,</span> <span class='ocrx_word' id='word_1_27' title='bbox 2300 707 2365 761; x_wconf 84' lang='lat' dir='ltr'>et</span> <span class='ocrx_word' id='word_1_28' title='bbox 2471 701 2708 782; x_wconf 91' lang='lat' dir='ltr'>prodiit</span> <span class='ocrx_word' id='word_1_29' title='bbox 2735 720 2774 763; x_wconf 90' lang='lat' dir='ltr'>a</span> <span class='ocrx_word' id='word_1_30' title='bbox 2805 702 3096 766; x_wconf 87' lang='lat' dir='ltr'>Creatore</span> <span class='ocrx_word' id='word_1_31' title='bbox 3130 703 3194 765; x_wconf 91' lang='lat' dir='ltr'>in</span> <span class='ocrx_word' id='word_1_32' title='bbox 3224 722 3459 785; x_wconf 82' lang='lat' dir='ltr'>genere</span> <span class='ocrx_word' id='word_1_33' title='bbox 3509 723 3718 770; x_wconf 82' lang='lat' dir='ltr'>causae</span> <span class='ocrx_word' id='word_1_34' title='bbox 3755 725 3980 770; x_wconf 88' lang='lat' dir='ltr'>exem-</span> 
     </span>
     <span class='ocr_line' id='line_1_4' title="bbox 865 793 3978 880; baseline 0.004 -25"><span class='ocrx_word' id='word_1_35' title='bbox 865 793 1196 856; x_wconf 88' lang='lat' dir='ltr'>ordinatur</span> <span class='ocrx_word' id='word_1_36' title='bbox 1221 794 1300 856; x_wconf 98' lang='lat' dir='ltr'>ad</span> <span class='ocrx_word' id='word_1_37' title='bbox 1332 814 1658 859; x_wconf 90' lang='lat' dir='ltr'>summum</span> <span class='ocrx_word' id='word_1_38' title='bbox 1688 796 1929 859; x_wconf 92' lang='lat' dir='ltr'>bonum</span> <span class='ocrx_word' id='word_1_39' title='bbox 1958 815 2030 860; x_wconf 92' lang='lat' dir='ltr'>ac</span> <span class='ocrx_word' id='word_1_40' title='bbox 2064 797 2362 860; x_wconf 90' lang='lat' dir='ltr'>ultimum</span> <span class='ocrx_word' id='word_1_41' title='bbox 2471 798 2688 880; x_wconf 81' lang='lat' dir='ltr'>plariS‚</span> <span class='ocrx_word' id='word_1_42' title='bbox 2720 798 2960 862; x_wconf 79' lang='lat' dir='ltr'>factum</span> <span class='ocrx_word' id='word_1_43' title='bbox 2991 809 3088 863; x_wconf 89' lang='lat' dir='ltr'>est</span> <span class='ocrx_word' id='word_1_44' title='bbox 3120 802 3186 864; x_wconf 90' lang='lat' dir='ltr'>in</span> <span class='ocrx_word' id='word_1_45' title='bbox 3217 820 3489 866; x_wconf 90' lang='lat' dir='ltr'>numero</span> <span class='ocrx_word' id='word_1_46' title='bbox 3525 803 3978 868; x_wconf 81' lang='lat' dir='ltr'><strong>essentialium</strong></span> 
     </span>
     <span class='ocr_line' id='line_1_5' title="bbox 569 892 3982 985; baseline 0.002 -27"><span class='ocrx_word' id='word_1_47' title='bbox 569 913 837 971; x_wconf 76' lang='lat' dir='ltr'>Sap.==.2i.</span> <span class='ocrx_word' id='word_1_48' title='bbox 864 892 1087 956; x_wconf 87' lang='lat' dir='ltr'>finem.</span> <span class='ocrx_word' id='word_1_49' title='bbox 1124 893 1226 958; x_wconf 92' lang='lat' dir='ltr'>Sic</span> <span class='ocrx_word' id='word_1_50' title='bbox 1257 913 1511 978; x_wconf 87' lang='lat' dir='ltr'>quoque</span> <span class='ocrx_word' id='word_1_51' title='bbox 1543 896 1782 959; x_wconf 83' lang='lat' dir='ltr'>factum</span> <span class='ocrx_word' id='word_1_52' title='bbox 1813 905 1912 959; x_wconf 97' lang='grc' dir='ltr'>θεῖ</span> <span class='ocrx_word' id='word_1_53' title='bbox 1950 897 2015 960; x_wconf 90' lang='lat' dir='ltr'>in</span> <span class='ocrx_word' id='word_1_54' title='bbox 2054 899 2357 979; x_wconf 88' lang='lat' dir='ltr'>pondere,</span> <span class='ocrx_word' id='word_1_55' title='bbox 2470 898 2747 979; x_wconf 90' lang='lat' dir='ltr'>partium</span> <span class='ocrx_word' id='word_1_56' title='bbox 2791 898 3028 980; x_wconf 89' lang='lat' dir='ltr'>quibus</span> <span class='ocrx_word' id='word_1_57' title='bbox 3071 908 3340 975; x_wconf 86' lang='lat' dir='ltr'>constat,</span> <span class='ocrx_word' id='word_1_58' title='bbox 3373 921 3488 965; x_wconf 90' lang='lat' dir='ltr'>seu</span> <span class='ocrx_word' id='word_1_59' title='bbox 3531 910 3712 965; x_wconf 87' lang='lat' dir='ltr'>actus</span> <span class='ocrx_word' id='word_1_60' title='bbox 3755 910 3819 966; x_wconf 91' lang='lat' dir='ltr'>et</span> <span class='ocrx_word' id='word_1_61' title='bbox 3863 921 3982 985; x_wconf 91' lang='lat' dir='ltr'>po-</span> 
     </span>
     <span class='ocr_line' id='line_1_6' title="bbox 866 990 3979 1084; baseline 0.004 -31"><span class='ocrx_word' id='word_1_62' title='bbox 866 990 931 1053; x_wconf 93' lang='lat' dir='ltr'>id</span> <span class='ocrx_word' id='word_1_63' title='bbox 961 999 1058 1054; x_wconf 83' lang='lat' dir='ltr'>est</span> <span class='ocrx_word' id='word_1_64' title='bbox 1088 992 1155 1054; x_wconf 90' lang='lat' dir='ltr'>in</span> <span class='ocrx_word' id='word_1_65' title='bbox 1186 992 1597 1057; x_wconf 79' lang='lat' dir='ltr'>inclinatione</span> <span class='ocrx_word' id='word_1_66' title='bbox 1626 995 1701 1057; x_wconf 90' lang='lat' dir='ltr'>ad</span> <span class='ocrx_word' id='word_1_67' title='bbox 1735 1013 2087 1075; x_wconf 84' lang='lat' dir='ltr'>congruum</span> <span class='ocrx_word' id='word_1_68' title='bbox 2119 995 2357 1076; x_wconf 82' lang='lat' dir='ltr'>finem3</span> <span class='ocrx_word' id='word_1_69' title='bbox 2467 997 2702 1070; x_wconf 84' lang='lat' dir='ltr'>tentiae,</span> <span class='ocrx_word' id='word_1_70' title='bbox 2735 1004 2846 1058; x_wconf 93' lang='lat' dir='ltr'>aut</span> <span class='ocrx_word' id='word_1_71' title='bbox 2874 1002 3047 1077; x_wconf 81' lang='lat' dir='ltr'>quod</span> <span class='ocrx_word' id='word_1_72' title='bbox 3075 1009 3168 1060; x_wconf 79' lang='lat' dir='ltr'>est</span> <span class='ocrx_word' id='word_1_73' title='bbox 3197 1007 3262 1062; x_wconf 95' lang='lat' dir='ltr'>et</span> <span class='ocrx_word' id='word_1_74' title='bbox 3290 1020 3417 1079; x_wconf 82' lang='lat' dir='ltr'>quo</span> <span class='ocrx_word' id='word_1_75' title='bbox 3445 1010 3538 1061; x_wconf 77' lang='lat' dir='ltr'>est</span> <span class='ocrx_word' id='word_1_76' title='bbox 3569 1021 3593 1061; x_wconf 92' lang='lat'>.·</span> <span class='ocrx_word' id='word_1_77' title='bbox 3613 1009 3807 1084; x_wconf 92' lang='lat' dir='ltr'>prout</span> <span class='ocrx_word' id='word_1_78' title='bbox 3835 1003 3979 1066; x_wconf 79' lang='lat' dir='ltr'>haec</span> 
     </span>
     <span class='ocr_line' id='line_1_7' title="bbox 867 1092 3975 1176; baseline 0.003 -22"><span class='ocrx_word' id='word_1_79' title='bbox 867 1092 978 1154; x_wconf 91' lang='lat' dir='ltr'>sed</span> <span class='ocrx_word' id='word_1_80' title='bbox 1018 1099 1089 1154; x_wconf 89' lang='lat' dir='ltr'>ut</span> <span class='ocrx_word' id='word_1_81' title='bbox 1127 1092 1365 1155; x_wconf 82' lang='lat' dir='ltr'>factum</span> <span class='ocrx_word' id='word_1_82' title='bbox 1411 1101 1508 1155; x_wconf 90' lang='lat' dir='ltr'>est</span> <span class='ocrx_word' id='word_1_83' title='bbox 1542 1113 1579 1156; x_wconf 99' lang='lat' dir='ltr'>a</span> <span class='ocrx_word' id='word_1_84' title='bbox 1610 1095 1901 1158; x_wconf 84' lang='lat' dir='ltr'>Creatore</span> <span class='ocrx_word' id='word_1_85' title='bbox 1942 1113 2057 1176; x_wconf 93' lang='lat' dir='ltr'>per</span> <span class='ocrx_word' id='word_1_86' title='bbox 2096 1095 2358 1158; x_wconf 90' lang='lat' dir='ltr'>modum</span> <span class='ocrx_word' id='word_1_87' title='bbox 2468 1094 2534 1156; x_wconf 92' lang='lat' dir='ltr'>in</span> <span class='ocrx_word' id='word_1_88' title='bbox 2564 1093 2842 1158; x_wconf 83' lang='lat' dir='ltr'>editione</span> <span class='ocrx_word' id='word_1_89' title='bbox 2872 1096 2950 1158; x_wconf 89' lang='lat' dir='ltr'>de</span> <span class='ocrx_word' id='word_1_90' title='bbox 2982 1097 3177 1159; x_wconf 85' lang='lat' dir='ltr'>Fonte</span> <span class='ocrx_word' id='word_1_91' title='bbox 3208 1097 3370 1162; x_wconf 90' lang='lat' dir='ltr'>lucis</span> <span class='ocrx_word' id='word_1_92' title='bbox 3408 1106 3473 1161; x_wconf 90' lang='lat' dir='ltr'>et</span> <span class='ocrx_word' id='word_1_93' title='bbox 3511 1099 3757 1162; x_wconf 88' lang='lat' dir='ltr'>semitis</span> <span class='ocrx_word' id='word_1_94' title='bbox 3796 1101 3975 1175; x_wconf 78' lang='lat' dir='ltr'>vitae,</span> 
     </span>
     <span class='ocr_line' id='line_1_8' title="bbox 866 1189 3977 1275; baseline 0.003 -23"><span class='ocrx_word' id='word_1_95' title='bbox 866 1208 1073 1254; x_wconf 80' lang='lat' dir='ltr'>causae</span> <span class='ocrx_word' id='word_1_96' title='bbox 1100 1189 1470 1265; x_wconf 75' lang='lat' dir='ltr'>efficientiS,</span> <span class='ocrx_word' id='word_1_97' title='bbox 1504 1193 1923 1255; x_wconf 90' lang='lat' dir='ltr'>constitutum</span> <span class='ocrx_word' id='word_1_98' title='bbox 1953 1199 2051 1255; x_wconf 92' lang='lat' dir='ltr'>est</span> <span class='ocrx_word' id='word_1_99' title='bbox 2089 1193 2156 1255; x_wconf 90' lang='lat' dir='ltr'>in</span> <span class='ocrx_word' id='word_1_100' title='bbox 2191 1212 2360 1256; x_wconf 88' lang='lat' dir='ltr'>men·</span> <span class='ocrx_word' id='word_1_101' title='bbox 2467 1199 2531 1252; x_wconf 92' lang='grc' dir='ltr'>θῖ</span> <span class='ocrx_word' id='word_1_102' title='bbox 2579 1192 2645 1253; x_wconf 92' lang='lat' dir='ltr'>in</span> <span class='ocrx_word' id='word_1_103' title='bbox 2703 1194 3015 1275; x_wconf 90' lang='lat' dir='ltr'>opusculo</span> <span class='ocrx_word' id='word_1_104' title='bbox 3072 1195 3150 1256; x_wconf 91' lang='lat' dir='ltr'>de</span> <span class='ocrx_word' id='word_1_105' title='bbox 3207 1195 3550 1260; x_wconf 87' lang='lat' dir='ltr'>Venustate</span> <span class='ocrx_word' id='word_1_106' title='bbox 3613 1198 3836 1260; x_wconf 90' lang='lat' dir='ltr'>mundi</span> <span class='ocrx_word' id='word_1_107' title='bbox 3896 1217 3977 1262; x_wconf 88' lang='lat' dir='ltr'>ac</span> 
     </span>
     <span class='ocr_line' id='line_1_9' title="bbox 865 1287 3970 1380; baseline 0.004 -32"><span class='ocrx_word' id='word_1_108' title='bbox 865 1305 1034 1362; x_wconf 88' lang='lat' dir='ltr'>sura,</span> <span class='ocrx_word' id='word_1_109' title='bbox 1081 1287 1145 1349; x_wconf 91' lang='lat' dir='ltr'>id</span> <span class='ocrx_word' id='word_1_110' title='bbox 1188 1295 1285 1349; x_wconf 87' lang='lat' dir='ltr'>est</span> <span class='ocrx_word' id='word_1_111' title='bbox 1326 1287 1393 1349; x_wconf 90' lang='lat' dir='ltr'>in</span> <span class='ocrx_word' id='word_1_112' title='bbox 1435 1289 1856 1352; x_wconf 88' lang='lat' dir='ltr'>determinato</span> <span class='ocrx_word' id='word_1_113' title='bbox 1898 1290 2097 1370; x_wconf 86' lang='lat' dir='ltr'>gradu</span> <span class='ocrx_word' id='word_1_114' title='bbox 2141 1309 2214 1353; x_wconf 94' lang='lat' dir='ltr'>ac</span> <span class='ocrx_word' id='word_1_115' title='bbox 2259 1308 2356 1354; x_wconf 91' lang='lat' dir='ltr'>or·</span> <span class='ocrx_word' id='word_1_116' title='bbox 2465 1289 2946 1371; x_wconf 87' lang='lat' dir='ltr'>pulchritudine</span> <span class='ocrx_word' id='word_1_117' title='bbox 2975 1292 3428 1368; x_wconf 82' lang='lat' dir='ltr'>Dei‚diffusius</span> <span class='ocrx_word' id='word_1_118' title='bbox 3461 1304 3613 1359; x_wconf 88' lang='lat' dir='ltr'>sunt</span> <span class='ocrx_word' id='word_1_119' title='bbox 3641 1315 3970 1380; x_wconf 86' lang='lat' dir='ltr'>expressa.</span> 
     </span>
    </p>
   </div>
   <div class='ocr_carea' id='block_1_3' title="bbox 1947 1731 2882 1820">
    <p class='ocr_par' dir='ltr' id='par_1_3' title="bbox 1947 1731 2882 1820">
     <span class='ocr_line' id='line_1_10' title="bbox 1947 1731 2882 1820; baseline 0.005 -5"><span class='ocrx_word' id='word_1_120' title='bbox 1947 1733 2087 1818; x_wconf 91' lang='lat' dir='ltr'>DE</span> <span class='ocrx_word' id='word_1_121' title='bbox 2170 1731 2882 1820; x_wconf 87' lang='lat' dir='ltr'><strong>VIRTUTIBUS</strong></span> 
     </span>
    </p>
   </div>
   <div class='ocr_carea' id='block_1_4' title="bbox 1209 2074 3602 2142">
    <p class='ocr_par' dir='ltr' id='par_1_4' title="bbox 1209 2074 3602 2142">
     <span class='ocr_line' id='line_1_11' title="bbox 1209 2074 3602 2142; baseline 0.001 -2"><span class='ocrx_word' id='word_1_122' title='bbox 1209 2075 1727 2141; x_wconf 83' lang='lat' dir='ltr'>PROPOSITIO</span> <span class='ocrx_word' id='word_1_123' title='bbox 1772 2074 2008 2138; x_wconf 86' lang='lat' dir='ltr'>XCIV.</span> <span class='ocrx_word' id='word_1_124' title='bbox 2832 2075 3354 2142; x_wconf 87' lang='lat' dir='ltr'>PROPOSITIO</span> <span class='ocrx_word' id='word_1_125' title='bbox 3400 2078 3602 2142; x_wconf 80' lang='lat' dir='ltr'>XCV.</span> 
     </span>
    </p>
   </div>
   <div class='ocr_carea' id='block_1_5' title="bbox 857 2240 3976 2637">
    <p class='ocr_par' dir='ltr' id='par_1_5' title="bbox 857 2240 3976 2637">
     <span class='ocr_line' id='line_1_12' title="bbox 943 2240 3976 2338; baseline 0.002 -10"><span class='ocrx_word' id='word_1_126' title='bbox 943 2260 1181 2328; x_wconf 87' lang='lat' dir='ltr'>Solus</span> <span class='ocrx_word' id='word_1_127' title='bbox 1208 2261 1421 2325; x_wconf 86' lang='lat' dir='ltr'>Deus</span> <span class='ocrx_word' id='word_1_128' title='bbox 1457 2261 1581 2325; x_wconf 91' lang='lat' dir='ltr'>est</span> <span class='ocrx_word' id='word_1_129' title='bbox 1618 2258 2162 2325; x_wconf 76' lang='lat' dir='ltr'>essentialiter</span> <span class='ocrx_word' id='word_1_130' title='bbox 2189 2272 2360 2324; x_wconf 87' lang='lat' dir='ltr'>san-</span> <span class='ocrx_word' id='word_1_131' title='bbox 2388 2257 2435 2320; x_wconf 89' lang='lat' dir='ltr'>B</span> <span class='ocrx_word' id='word_1_132' title='bbox 2549 2259 3221 2338; x_wconf 82' lang='lat' dir='ltr'>Quemadmodum</span> <span class='ocrx_word' id='word_1_133' title='bbox 3239 2240 3564 2330; x_wconf 67' lang='lat' dir='ltr'>‘natura</span> <span class='ocrx_word' id='word_1_134' title='bbox 3612 2265 3976 2334; x_wconf 85' lang='lat' dir='ltr'>humana</span> 
     </span>
     <span class='ocr_line' id='line_1_13' title="bbox 863 2355 3974 2440; baseline 0.002 -15"><span class='ocrx_word' id='word_1_135' title='bbox 863 2360 1042 2426; x_wconf 86' lang='lat' dir='ltr'>ctus</span> <span class='ocrx_word' id='word_1_136' title='bbox 1082 2360 1165 2424; x_wconf 94' lang='lat' dir='ltr'>et</span> <span class='ocrx_word' id='word_1_137' title='bbox 1197 2359 1636 2438; x_wconf 85' lang='lat' dir='ltr'>virtuosus,</span> <span class='ocrx_word' id='word_1_138' title='bbox 1679 2371 1769 2423; x_wconf 91' lang='lat' dir='ltr'>ac</span> <span class='ocrx_word' id='word_1_139' title='bbox 1809 2355 2359 2437; x_wconf 77' lang='lat' dir='ltr'>impeccabilis</span> <span class='ocrx_word' id='word_1_140' title='bbox 2467 2360 2984 2439; x_wconf 83' lang='lat' dir='ltr'>compositior</span> <span class='ocrx_word' id='word_1_141' title='bbox 3032 2361 3158 2425; x_wconf 90' lang='lat' dir='ltr'>est</span> <span class='ocrx_word' id='word_1_142' title='bbox 3205 2374 3439 2440; x_wconf 89' lang='lat' dir='ltr'>quam</span> <span class='ocrx_word' id='word_1_143' title='bbox 3491 2364 3781 2431; x_wconf 87' lang='lat' dir='ltr'>natura</span> <span class='ocrx_word' id='word_1_144' title='bbox 3829 2379 3974 2431; x_wconf 88' lang='lat' dir='ltr'>an-</span> 
     </span>
     <span class='ocr_line' id='line_1_14' title="bbox 861 2455 3976 2541; baseline 0.002 -18"><span class='ocrx_word' id='word_1_145' title='bbox 861 2473 959 2524; x_wconf 85' lang='lat' dir='ltr'>ex</span> <span class='ocrx_word' id='word_1_146' title='bbox 998 2458 1286 2523; x_wconf 89' lang='lat' dir='ltr'>natura</span> <span class='ocrx_word' id='word_1_147' title='bbox 1322 2474 1339 2520; x_wconf 88' lang='lat'>:</span> <span class='ocrx_word' id='word_1_148' title='bbox 1379 2455 1572 2520; x_wconf 85' lang='lat' dir='ltr'>hinc</span> <span class='ocrx_word' id='word_1_149' title='bbox 1618 2470 1748 2520; x_wconf 91' lang='lat' dir='ltr'>res</span> <span class='ocrx_word' id='word_1_150' title='bbox 1794 2455 2232 2520; x_wconf 88' lang='lat' dir='ltr'>rationales</span> <span class='ocrx_word' id='word_1_151' title='bbox 2273 2456 2356 2519; x_wconf 93' lang='lat' dir='ltr'>et</span> <span class='ocrx_word' id='word_1_152' title='bbox 2464 2458 2747 2539; x_wconf 79' lang='lat' dir='ltr'>gelica,</span> <span class='ocrx_word' id='word_1_153' title='bbox 2779 2460 2894 2522; x_wconf 90' lang='lat' dir='ltr'>sic</span> <span class='ocrx_word' id='word_1_154' title='bbox 2923 2456 3160 2524; x_wconf 86' lang='lat' dir='ltr'>homo</span> <span class='ocrx_word' id='word_1_155' title='bbox 3190 2458 3557 2539; x_wconf 87' lang='lat' dir='ltr'>pluribus</span> <span class='ocrx_word' id='word_1_156' title='bbox 3595 2465 3778 2541; x_wconf 80' lang='lat' dir='ltr'>eget</span> <span class='ocrx_word' id='word_1_157' title='bbox 3805 2463 3976 2530; x_wconf 86' lang='lat' dir='ltr'>vir-</span> 
     </span>
     <span class='ocr_line' id='line_1_15' title="bbox 857 2553 3449 2637; baseline 0 -14"><span class='ocrx_word' id='word_1_158' title='bbox 857 2554 1447 2623; x_wconf 90' lang='lat' dir='ltr'>intellectuales</span> <span class='ocrx_word' id='word_1_159' title='bbox 1486 2554 1854 2632; x_wconf 80' lang='lat' dir='ltr'>indigent</span> <span class='ocrx_word' id='word_1_160' title='bbox 1898 2553 2358 2634; x_wconf 84' lang='lat' dir='ltr'>superaddi·</span> <span class='ocrx_word' id='word_1_161' title='bbox 2464 2557 2778 2623; x_wconf 84' lang='lat' dir='ltr'>tutibus</span> <span class='ocrx_word' id='word_1_162' title='bbox 2818 2571 3053 2637; x_wconf 91' lang='lat' dir='ltr'>quam</span> <span class='ocrx_word' id='word_1_163' title='bbox 3096 2558 3449 2636; x_wconf 80' lang='lat' dir='ltr'>angelus.</span> 
     </span>
    </p>
   </div>
   <div class='ocr_carea' id='block_1_6' title="bbox 857 2651 4276 2834">
    <p class='ocr_par' dir='ltr' id='par_1_6' title="bbox 857 2651 4276 2834">
     <span class='ocr_line' id='line_1_16' title="bbox 857 2651 4276 2739; baseline 0.001 -19"><span class='ocrx_word' id='word_1_164' title='bbox 857 2656 969 2721; x_wconf 83' lang='lat' dir='ltr'>tis</span> <span class='ocrx_word' id='word_1_165' title='bbox 1015 2655 1133 2720; x_wconf 81' lang='lat' dir='ltr'>eis</span> <span class='ocrx_word' id='word_1_166' title='bbox 1180 2653 1544 2719; x_wconf 73' lang='lat' dir='ltr'>scientiis</span> <span class='ocrx_word' id='word_1_167' title='bbox 1600 2653 1836 2732; x_wconf 77' lang='lat' dir='ltr'>atque</span> <span class='ocrx_word' id='word_1_168' title='bbox 1884 2651 2353 2717; x_wconf 76' lang='lat' dir='ltr'>virtutibus.</span> <span class='ocrx_word' id='word_1_169' title='bbox 2546 2654 2721 2727; x_wconf 89' lang='lat' dir='ltr'>Quod</span> <span class='ocrx_word' id='word_1_170' title='bbox 2780 2661 2897 2728; x_wconf 89' lang='lat' dir='ltr'>est,</span> <span class='ocrx_word' id='word_1_171' title='bbox 2948 2655 3100 2735; x_wconf 89' lang='lat' dir='ltr'>quia</span> <span class='ocrx_word' id='word_1_172' title='bbox 3148 2655 3249 2735; x_wconf 91' lang='lat' dir='ltr'>(ut</span> <span class='ocrx_word' id='word_1_173' title='bbox 3304 2656 3549 2719; x_wconf 92' lang='lat' dir='ltr'>dictum</span> <span class='ocrx_word' id='word_1_174' title='bbox 3598 2660 3724 2739; x_wconf 89' lang='lat' dir='ltr'>est)</span> <span class='ocrx_word' id='word_1_175' title='bbox 3769 2658 3974 2724; x_wconf 90' lang='lat' dir='ltr'>homo</span> <span class='ocrx_word' id='word_1_176' title='bbox 4005 2695 4276 2738; x_wconf 56' lang='lat' dir='ltr'>promam.</span> 
     </span>
     <span class='ocr_line' id='line_1_17' title="bbox 938 2749 3972 2834; baseline 0.002 -21"><span class='ocrx_word' id='word_1_177' title='bbox 938 2750 1114 2824; x_wconf 88' lang='lat' dir='ltr'>Quod</span> <span class='ocrx_word' id='word_1_178' title='bbox 1162 2758 1279 2824; x_wconf 91' lang='lat' dir='ltr'>est,</span> <span class='ocrx_word' id='word_1_179' title='bbox 1332 2749 1635 2833; x_wconf 89' lang='lat' dir='ltr'>quoniam</span> <span class='ocrx_word' id='word_1_180' title='bbox 1685 2750 1851 2814; x_wconf 89' lang='lat' dir='ltr'>Deus</span> <span class='ocrx_word' id='word_1_181' title='bbox 1901 2756 1997 2812; x_wconf 90' lang='lat' dir='ltr'>est</span> <span class='ocrx_word' id='word_1_182' title='bbox 2045 2768 2158 2811; x_wconf 90' lang='lat' dir='ltr'>ens</span> <span class='ocrx_word' id='word_1_183' title='bbox 2205 2749 2357 2810; x_wconf 90' lang='lat' dir='ltr'>sim·</span> <span class='ocrx_word' id='word_1_184' title='bbox 2467 2770 2613 2813; x_wconf 90' lang='lat' dir='ltr'>cum</span> <span class='ocrx_word' id='word_1_185' title='bbox 2665 2753 2842 2814; x_wconf 89' lang='lat' dir='ltr'>omni</span> <span class='ocrx_word' id='word_1_186' title='bbox 2894 2759 3182 2814; x_wconf 88' lang='lat' dir='ltr'>creatura</span> <span class='ocrx_word' id='word_1_187' title='bbox 3238 2753 3482 2834; x_wconf 87' lang='lat' dir='ltr'>aliquid</span> <span class='ocrx_word' id='word_1_188' title='bbox 3541 2754 3734 2818; x_wconf 89' lang='lat' dir='ltr'>babet</span> <span class='ocrx_word' id='word_1_189' title='bbox 3791 2775 3972 2821; x_wconf 90' lang='lat' dir='ltr'>com-</span> 
     </span>
    </p>
   </div>
   <div class='ocr_carea' id='block_1_7' title="bbox 848 2847 3976 5294">
    <p class='ocr_par' dir='ltr' id='par_1_7' title="bbox 848 2847 3976 5294">
     <span class='ocr_line' id='line_1_18' title="bbox 860 2847 3972 2931; baseline 0.002 -20"><span class='ocrx_word' id='word_1_190' title='bbox 860 2849 1120 2931; x_wconf 91' lang='lat' dir='ltr'>pliciter</span> <span class='ocrx_word' id='word_1_191' title='bbox 1180 2847 1487 2931; x_wconf 86' lang='lat' dir='ltr'>primum,</span> <span class='ocrx_word' id='word_1_192' title='bbox 1550 2847 2131 2930; x_wconf 87' lang='lat' dir='ltr'>simplicissimum,</span> <span class='ocrx_word' id='word_1_193' title='bbox 2176 2848 2242 2909; x_wconf 93' lang='lat' dir='ltr'>in</span> <span class='ocrx_word' id='word_1_194' title='bbox 2290 2865 2356 2909; x_wconf 92' lang='lat' dir='ltr'>se</span> <span class='ocrx_word' id='word_1_195' title='bbox 2469 2867 2683 2923; x_wconf 88' lang='lat' dir='ltr'>mune,</span> <span class='ocrx_word' id='word_1_196' title='bbox 2728 2858 2794 2912; x_wconf 92' lang='lat' dir='ltr'>et</span> <span class='ocrx_word' id='word_1_197' title='bbox 2841 2868 2919 2911; x_wconf 88' lang='lat' dir='ltr'>ex</span> <span class='ocrx_word' id='word_1_198' title='bbox 2965 2867 3155 2912; x_wconf 87' lang='lat' dir='ltr'>carne</span> <span class='ocrx_word' id='word_1_199' title='bbox 3207 2851 3458 2913; x_wconf 79' lang='lat' dir='ltr'>mortali</span> <span class='ocrx_word' id='word_1_200' title='bbox 3508 2860 3573 2914; x_wconf 91' lang='grc' dir='ltr'>θῖ</span> <span class='ocrx_word' id='word_1_201' title='bbox 3613 2853 3828 2916; x_wconf 88' lang='lat' dir='ltr'>anima</span> <span class='ocrx_word' id='word_1_202' title='bbox 3867 2873 3972 2918; x_wconf 86' lang='lat' dir='ltr'>ra-</span> 
     </span>
     <span class='ocr_line' id='line_1_19' title="bbox 860 2947 3974 3032; baseline 0.001 -20"><span class='ocrx_word' id='word_1_203' title='bbox 860 2957 925 3012; x_wconf 91' lang='lat' dir='ltr'>et</span> <span class='ocrx_word' id='word_1_204' title='bbox 991 2968 1108 3032; x_wconf 91' lang='lat' dir='ltr'>per</span> <span class='ocrx_word' id='word_1_205' title='bbox 1174 2967 1263 3022; x_wconf 92' lang='lat' dir='ltr'>se,</span> <span class='ocrx_word' id='word_1_206' title='bbox 1324 2948 1691 3011; x_wconf 90' lang='lat' dir='ltr'>omnimode</span> <span class='ocrx_word' id='word_1_207' title='bbox 1756 2947 2357 3028; x_wconf 75' lang='lat' dir='ltr'>omnilormiterque</span> <span class='ocrx_word' id='word_1_208' title='bbox 2465 2947 2686 3010; x_wconf 87' lang='lat' dir='ltr'>tionali</span> <span class='ocrx_word' id='word_1_209' title='bbox 2731 2955 2828 3010; x_wconf 89' lang='lat' dir='ltr'>est</span> <span class='ocrx_word' id='word_1_210' title='bbox 2871 2947 3275 3022; x_wconf 79' lang='grc' dir='ltr'>θοῑιεῖίῖιιῖιιε,</span> <span class='ocrx_word' id='word_1_211' title='bbox 3317 2950 3676 3031; x_wconf 89' lang='lat' dir='ltr'>appetitum</span> <span class='ocrx_word' id='word_1_212' title='bbox 3721 2953 3974 3016; x_wconf 87' lang='lat' dir='ltr'>habens</span> 
     </span>
     <span class='ocr_line' id='line_1_20' title="bbox 861 3044 3973 3133; baseline 0.002 -24"><span class='ocrx_word' id='word_1_213' title='bbox 861 3047 1240 3128; x_wconf 77' lang='lat' dir='ltr'>perfectum,</span> <span class='ocrx_word' id='word_1_214' title='bbox 1290 3063 1419 3109; x_wconf 90' lang='lat' dir='ltr'>non</span> <span class='ocrx_word' id='word_1_215' title='bbox 1468 3045 1829 3108; x_wconf 89' lang='lat' dir='ltr'>ordinatum</span> <span class='ocrx_word' id='word_1_216' title='bbox 1878 3046 1956 3106; x_wconf 94' lang='lat' dir='ltr'>ad</span> <span class='ocrx_word' id='word_1_217' title='bbox 2015 3044 2209 3106; x_wconf 89' lang='lat' dir='ltr'>aliud.</span> <span class='ocrx_word' id='word_1_218' title='bbox 2261 3045 2356 3107; x_wconf 90' lang='lat' dir='ltr'>Id·</span> <span class='ocrx_word' id='word_1_219' title='bbox 2465 3047 2845 3108; x_wconf 90' lang='lat' dir='ltr'>sensitivum</span> <span class='ocrx_word' id='word_1_220' title='bbox 2889 3065 2964 3108; x_wconf 92' lang='lat' dir='ltr'>ac</span> <span class='ocrx_word' id='word_1_221' title='bbox 3008 3047 3494 3111; x_wconf 87' lang='lat' dir='ltr'>intellectivum.</span> <span class='ocrx_word' id='word_1_222' title='bbox 3536 3049 3768 3113; x_wconf 85' lang='lat' dir='ltr'>Anima</span> <span class='ocrx_word' id='word_1_223' title='bbox 3807 3070 3973 3133; x_wconf 89' lang='lat' dir='ltr'>quo-</span> 
     </span>
     <span class='ocr_line' id='line_1_21' title="bbox 860 3142 3974 3231; baseline 0.001 -25"><span class='ocrx_word' id='word_1_224' title='bbox 860 3144 1032 3207; x_wconf 88' lang='lat' dir='ltr'>circo</span> <span class='ocrx_word' id='word_1_225' title='bbox 1075 3162 1204 3207; x_wconf 89' lang='lat' dir='ltr'>non</span> <span class='ocrx_word' id='word_1_226' title='bbox 1246 3144 1545 3206; x_wconf 84' lang='lat' dir='ltr'>convenii</span> <span class='ocrx_word' id='word_1_227' title='bbox 1588 3143 1647 3205; x_wconf 90' lang='lat' dir='ltr'>ei</span> <span class='ocrx_word' id='word_1_228' title='bbox 1692 3161 1809 3205; x_wconf 91' lang='lat' dir='ltr'>nec</span> <span class='ocrx_word' id='word_1_229' title='bbox 1851 3143 2089 3231; x_wconf 79' lang='lat' dir='ltr'>indiget</span> <span class='ocrx_word' id='word_1_230' title='bbox 2127 3142 2354 3225; x_wconf 84' lang='lat' dir='ltr'>perfici</span> <span class='ocrx_word' id='word_1_231' title='bbox 2466 3161 2591 3224; x_wconf 92' lang='lat' dir='ltr'>que</span> <span class='ocrx_word' id='word_1_232' title='bbox 2649 3143 2972 3205; x_wconf 88' lang='lat' dir='ltr'>rationalis</span> <span class='ocrx_word' id='word_1_233' title='bbox 3032 3143 3098 3206; x_wconf 93' lang='lat' dir='ltr'>in</span> <span class='ocrx_word' id='word_1_234' title='bbox 3159 3163 3273 3206; x_wconf 90' lang='lat' dir='ltr'>sua</span> <span class='ocrx_word' id='word_1_235' title='bbox 3328 3153 3554 3207; x_wconf 89' lang='lat' dir='ltr'>natura</span> <span class='ocrx_word' id='word_1_236' title='bbox 3617 3147 3802 3210; x_wconf 91' lang='lat' dir='ltr'>valde</span> <span class='ocrx_word' id='word_1_237' title='bbox 3867 3157 3974 3210; x_wconf 88' lang='lat' dir='ltr'>est</span> 
     </span>
     <span class='ocr_line' id='line_1_22' title="bbox 861 3240 3971 3340; baseline 0.002 -37"><span class='ocrx_word' id='word_1_238' title='bbox 861 3260 978 3324; x_wconf 92' lang='lat' dir='ltr'>per</span> <span class='ocrx_word' id='word_1_239' title='bbox 1023 3242 1266 3324; x_wconf 87' lang='lat' dir='ltr'>aliquid</span> <span class='ocrx_word' id='word_1_240' title='bbox 1326 3240 1805 3323; x_wconf 89' lang='lat' dir='ltr'>superadditum</span> <span class='ocrx_word' id='word_1_241' title='bbox 1856 3242 1938 3314; x_wconf 91' lang='lat' dir='ltr'>ei,</span> <span class='ocrx_word' id='word_1_242' title='bbox 1990 3259 2199 3322; x_wconf 89' lang='lat' dir='ltr'>neque</span> <span class='ocrx_word' id='word_1_243' title='bbox 2235 3260 2358 3340; x_wconf 35' lang='lat' dir='ltr'>‘per</span> <span class='ocrx_word' id='word_1_244' title='bbox 2465 3241 2831 3303; x_wconf 75' lang='lat' dir='ltr'>defectuosa</span> <span class='ocrx_word' id='word_1_245' title='bbox 2886 3248 2950 3303; x_wconf 94' lang='lat' dir='ltr'>et</span> <span class='ocrx_word' id='word_1_246' title='bbox 3006 3241 3403 3322; x_wconf 84' lang='lat' dir='ltr'>imperfecta,</span> <span class='ocrx_word' id='word_1_247' title='bbox 3456 3243 3543 3306; x_wconf 88' lang='lat' dir='ltr'>ita</span> <span class='ocrx_word' id='word_1_248' title='bbox 3601 3263 3670 3307; x_wconf 92' lang='lat' dir='ltr'>se</span> <span class='ocrx_word' id='word_1_249' title='bbox 3719 3244 3971 3308; x_wconf 89' lang='lat' dir='ltr'>habens</span> 
     </span>
     <span class='ocr_line' id='line_1_23' title="bbox 858 3338 3968 3407; baseline 0.002 -5"><span class='ocrx_word' id='word_1_250' title='bbox 858 3348 1073 3402; x_wconf 89' lang='lat' dir='ltr'>actum</span> <span class='ocrx_word' id='word_1_251' title='bbox 1131 3347 1243 3401; x_wconf 90' lang='lat' dir='ltr'>aut</span> <span class='ocrx_word' id='word_1_252' title='bbox 1300 3338 1589 3400; x_wconf 90' lang='lat' dir='ltr'>habitum</span> <span class='ocrx_word' id='word_1_253' title='bbox 1647 3338 1727 3400; x_wconf 89' lang='lat' dir='ltr'>ab</span> <span class='ocrx_word' id='word_1_254' title='bbox 1784 3355 1860 3401; x_wconf 91' lang='lat' dir='ltr'>eo</span> <span class='ocrx_word' id='word_1_255' title='bbox 1909 3339 2284 3400; x_wconf 89' lang='lat' dir='ltr'>distinctum</span> <span class='ocrx_word' id='word_1_256' title='bbox 2337 3357 2350 3400; x_wconf 90' lang='lat'>:</span> <span class='ocrx_word' id='word_1_257' title='bbox 2465 3339 2530 3400; x_wconf 93' lang='lat' dir='ltr'>in</span> <span class='ocrx_word' id='word_1_258' title='bbox 2577 3339 2990 3400; x_wconf 86' lang='lat' dir='ltr'>universitate</span> <span class='ocrx_word' id='word_1_259' title='bbox 3032 3357 3105 3400; x_wconf 90' lang='lat' dir='ltr'>ac</span> <span class='ocrx_word' id='word_1_260' title='bbox 3153 3341 3377 3402; x_wconf 88' lang='lat' dir='ltr'>ordine</span> <span class='ocrx_word' id='word_1_261' title='bbox 3427 3341 3968 3407; x_wconf 86' lang='lat' dir='ltr'>intellectualium</span> 
     </span>
     <span class='ocr_line' id='line_1_24' title="bbox 861 3436 3970 3521; baseline 0.002 -21"><span class='ocrx_word' id='word_1_262' title='bbox 861 3439 990 3501; x_wconf 91' lang='lat' dir='ltr'>imo</span> <span class='ocrx_word' id='word_1_263' title='bbox 1034 3455 1149 3499; x_wconf 90' lang='lat' dir='ltr'>sua</span> <span class='ocrx_word' id='word_1_264' title='bbox 1189 3437 1464 3499; x_wconf 88' lang='lat' dir='ltr'>essentia</span> <span class='ocrx_word' id='word_1_265' title='bbox 1506 3444 1604 3498; x_wconf 92' lang='grc' dir='ltr'>θεῖ</span> <span class='ocrx_word' id='word_1_266' title='bbox 1645 3455 1759 3498; x_wconf 90' lang='lat' dir='ltr'>sua</span> <span class='ocrx_word' id='word_1_267' title='bbox 1802 3436 2117 3518; x_wconf 90' lang='lat' dir='ltr'>sapientia</span> <span class='ocrx_word' id='word_1_268' title='bbox 2165 3444 2354 3518; x_wconf 87' lang='lat' dir='ltr'>atque</span> <span class='ocrx_word' id='word_1_269' title='bbox 2385 3441 2428 3506; x_wconf 85' lang='lat' dir='ltr'>C</span> <span class='ocrx_word' id='word_1_270' title='bbox 2464 3443 2832 3498; x_wconf 87' lang='lat' dir='ltr'>naturarum</span> <span class='ocrx_word' id='word_1_271' title='bbox 2874 3437 3041 3498; x_wconf 91' lang='lat' dir='ltr'>sicut</span> <span class='ocrx_word' id='word_1_272' title='bbox 3080 3438 3344 3501; x_wconf 85' lang='lat' dir='ltr'>materia</span> <span class='ocrx_word' id='word_1_273' title='bbox 3383 3439 3592 3521; x_wconf 87' lang='lat' dir='ltr'>prima</span> <span class='ocrx_word' id='word_1_274' title='bbox 3629 3441 3696 3503; x_wconf 91' lang='lat' dir='ltr'>in</span> <span class='ocrx_word' id='word_1_275' title='bbox 3739 3442 3970 3505; x_wconf 90' lang='lat' dir='ltr'>ordine</span> 
     </span>
     <span class='ocr_line' id='line_1_25' title="bbox 858 3535 3968 3617; baseline 0.001 -18"><span class='ocrx_word' id='word_1_276' title='bbox 858 3535 1148 3610; x_wconf 87' lang='lat' dir='ltr'>scientia,</span> <span class='ocrx_word' id='word_1_277' title='bbox 1188 3553 1435 3617; x_wconf 89' lang='lat' dir='ltr'>suaque</span> <span class='ocrx_word' id='word_1_278' title='bbox 1478 3535 1679 3597; x_wconf 87' lang='lat' dir='ltr'>virtus</span> <span class='ocrx_word' id='word_1_279' title='bbox 1726 3553 1799 3597; x_wconf 94' lang='lat' dir='ltr'>ac</span> <span class='ocrx_word' id='word_1_280' title='bbox 1848 3536 2146 3597; x_wconf 88' lang='lat' dir='ltr'>sanctitas</span> <span class='ocrx_word' id='word_1_281' title='bbox 2172 3553 2189 3613; x_wconf 93' lang='lat'>;</span> <span class='ocrx_word' id='word_1_282' title='bbox 2236 3553 2354 3597; x_wconf 91' lang='lat' dir='ltr'>nec</span> <span class='ocrx_word' id='word_1_283' title='bbox 2463 3535 2726 3609; x_wconf 91' lang='lat' dir='ltr'>entium,</span> <span class='ocrx_word' id='word_1_284' title='bbox 2781 3553 2982 3616; x_wconf 89' lang='lat' dir='ltr'>quum</span> <span class='ocrx_word' id='word_1_285' title='bbox 3040 3535 3402 3598; x_wconf 89' lang='lat' dir='ltr'>intellectus</span> <span class='ocrx_word' id='word_1_286' title='bbox 3447 3538 3678 3602; x_wconf 82' lang='lat' dir='ltr'>animae</span> <span class='ocrx_word' id='word_1_287' title='bbox 3735 3539 3801 3601; x_wconf 90' lang='lat' dir='ltr'>in</span> <span class='ocrx_word' id='word_1_288' title='bbox 3859 3541 3968 3602; x_wconf 90' lang='lat' dir='ltr'>sui</span> 
     </span>
     <span class='ocr_line' id='line_1_26' title="bbox 859 3631 3972 3716; baseline 0.002 -21"><span class='ocrx_word' id='word_1_289' title='bbox 859 3633 1379 3710; x_wconf 80' lang='lat' dir='ltr'>diversificantur</span> <span class='ocrx_word' id='word_1_290' title='bbox 1426 3633 1491 3695; x_wconf 93' lang='lat' dir='ltr'>in</span> <span class='ocrx_word' id='word_1_291' title='bbox 1539 3649 1615 3694; x_wconf 91' lang='lat' dir='ltr'>eo</span> <span class='ocrx_word' id='word_1_292' title='bbox 1662 3631 1912 3695; x_wconf 86' lang='lat' dir='ltr'>bonitas</span> <span class='ocrx_word' id='word_1_293' title='bbox 1956 3641 2198 3695; x_wconf 81' lang='lat' dir='ltr'>naturae</span> <span class='ocrx_word' id='word_1_294' title='bbox 2245 3632 2354 3694; x_wconf 88' lang='lat' dir='ltr'>bo·</span> <span class='ocrx_word' id='word_1_295' title='bbox 2463 3633 2722 3696; x_wconf 86' lang='lat' dir='ltr'>exordio</span> <span class='ocrx_word' id='word_1_296' title='bbox 2789 3633 2872 3696; x_wconf 89' lang='lat' dir='ltr'>sit</span> <span class='ocrx_word' id='word_1_297' title='bbox 2935 3639 3237 3716; x_wconf 85' lang='lat' dir='ltr'>tanquam</span> <span class='ocrx_word' id='word_1_298' title='bbox 3303 3634 3521 3698; x_wconf 85' lang='lat' dir='ltr'>tabula</span> <span class='ocrx_word' id='word_1_299' title='bbox 3585 3655 3742 3699; x_wconf 89' lang='lat' dir='ltr'>rasa.</span> <span class='ocrx_word' id='word_1_300' title='bbox 3805 3636 3972 3702; x_wconf 87' lang='lat' dir='ltr'>Caro</span> 
     </span>
     <span class='ocr_line' id='line_1_27' title="bbox 859 3729 3973 3814; baseline 0.002 -21"><span class='ocrx_word' id='word_1_301' title='bbox 859 3731 1152 3813; x_wconf 85' lang='lat' dir='ltr'>uitasque</span> <span class='ocrx_word' id='word_1_302' title='bbox 1200 3731 1473 3794; x_wconf 67' lang='lat' dir='ltr'>virtutis</span> <span class='ocrx_word' id='word_1_303' title='bbox 1523 3729 1651 3793; x_wconf 88' lang='lat' dir='ltr'>Nec</span> <span class='ocrx_word' id='word_1_304' title='bbox 1699 3739 1909 3814; x_wconf 87' lang='lat' dir='ltr'>potest</span> <span class='ocrx_word' id='word_1_305' title='bbox 1964 3749 2198 3804; x_wconf 88' lang='lat' dir='ltr'>errare,</span> <span class='ocrx_word' id='word_1_306' title='bbox 2249 3731 2353 3792; x_wconf 89' lang='lat' dir='ltr'>de·</span> <span class='ocrx_word' id='word_1_307' title='bbox 2465 3730 2616 3791; x_wconf 90' lang='lat' dir='ltr'>item</span> <span class='ocrx_word' id='word_1_308' title='bbox 2675 3729 2932 3812; x_wconf 90' lang='lat' dir='ltr'>spiritui</span> <span class='ocrx_word' id='word_1_309' title='bbox 2990 3737 3087 3792; x_wconf 90' lang='lat' dir='ltr'>est</span> <span class='ocrx_word' id='word_1_310' title='bbox 3135 3730 3416 3806; x_wconf 79' lang='lat' dir='ltr'>rebelliS‚</span> <span class='ocrx_word' id='word_1_311' title='bbox 3471 3739 3535 3794; x_wconf 90' lang='lat' dir='ltr'>et</span> <span class='ocrx_word' id='word_1_312' title='bbox 3585 3734 3973 3798; x_wconf 82' lang='lat' dir='ltr'>sensualitas</span> 
     </span>
     <span class='ocr_line' id='line_1_28' title="bbox 857 3828 3975 3911; baseline 0.001 -20"><span class='ocrx_word' id='word_1_313' title='bbox 857 3829 1055 3892; x_wconf 79' lang='lat' dir='ltr'>ficere</span> <span class='ocrx_word' id='word_1_314' title='bbox 1096 3837 1206 3892; x_wconf 87' lang='lat' dir='ltr'>aut</span> <span class='ocrx_word' id='word_1_315' title='bbox 1249 3847 1535 3911; x_wconf 89' lang='lat' dir='ltr'>peccare,</span> <span class='ocrx_word' id='word_1_316' title='bbox 1578 3848 1777 3911; x_wconf 89' lang='lat' dir='ltr'>quum</span> <span class='ocrx_word' id='word_1_317' title='bbox 1822 3847 2021 3901; x_wconf 89' lang='lat' dir='ltr'>error,</span> <span class='ocrx_word' id='word_1_318' title='bbox 2066 3829 2355 3892; x_wconf 84' lang='lat' dir='ltr'>defectus</span> <span class='ocrx_word' id='word_1_319' title='bbox 2465 3829 2713 3890; x_wconf 87' lang='lat' dir='ltr'>rationi.</span> <span class='ocrx_word' id='word_1_320' title='bbox 2775 3828 2896 3891; x_wconf 88' lang='lat' dir='ltr'>Sed</span> <span class='ocrx_word' id='word_1_321' title='bbox 2963 3835 3026 3890; x_wconf 91' lang='lat' dir='ltr'>et</span> <span class='ocrx_word' id='word_1_322' title='bbox 3090 3829 3251 3891; x_wconf 91' lang='lat' dir='ltr'>ratio</span> <span class='ocrx_word' id='word_1_323' title='bbox 3310 3830 3389 3891; x_wconf 90' lang='lat' dir='ltr'>ad</span> <span class='ocrx_word' id='word_1_324' title='bbox 3451 3848 3699 3894; x_wconf 89' lang='lat' dir='ltr'>errores</span> <span class='ocrx_word' id='word_1_325' title='bbox 3761 3839 3975 3895; x_wconf 84' lang='lat' dir='ltr'>exstat</span> 
     </span>
     <span class='ocr_line' id='line_1_29' title="bbox 857 3926 3976 4013; baseline 0.001 -23"><span class='ocrx_word' id='word_1_326' title='bbox 857 3947 970 3991; x_wconf 90' lang='lat' dir='ltr'>seu</span> <span class='ocrx_word' id='word_1_327' title='bbox 1012 3929 1203 4012; x_wconf 92' lang='lat' dir='ltr'>culpa</span> <span class='ocrx_word' id='word_1_328' title='bbox 1245 3929 1571 4009; x_wconf 84' lang='lat' dir='ltr'>contingat</span> <span class='ocrx_word' id='word_1_329' title='bbox 1612 3947 1727 4010; x_wconf 88' lang='lat' dir='ltr'>per</span> <span class='ocrx_word' id='word_1_330' title='bbox 1767 3946 2091 3990; x_wconf 86' lang='lat' dir='ltr'>recessum</span> <span class='ocrx_word' id='word_1_331' title='bbox 2136 3927 2217 3989; x_wconf 91' lang='lat' dir='ltr'>ab</span> <span class='ocrx_word' id='word_1_332' title='bbox 2261 3927 2354 3988; x_wconf 92' lang='lat' dir='ltr'>ul-</span> <span class='ocrx_word' id='word_1_333' title='bbox 2465 3926 2944 4007; x_wconf 85' lang='lat' dir='ltr'>proclivis,·nec</span> <span class='ocrx_word' id='word_1_334' title='bbox 2971 3926 3185 3989; x_wconf 91' lang='lat' dir='ltr'>minus</span> <span class='ocrx_word' id='word_1_335' title='bbox 3217 3945 3417 4010; x_wconf 87' lang='lat' dir='ltr'>prona</span> <span class='ocrx_word' id='word_1_336' title='bbox 3454 3936 3551 3990; x_wconf 89' lang='lat' dir='ltr'>est</span> <span class='ocrx_word' id='word_1_337' title='bbox 3586 3930 3665 3992; x_wconf 88' lang='lat' dir='ltr'>ad</span> <span class='ocrx_word' id='word_1_338' title='bbox 3705 3939 3976 4013; x_wconf 79' lang='lat' dir='ltr'>peccata</span> 
     </span>
     <span class='ocr_line' id='line_1_30' title="bbox 856 4024 3976 4108; baseline 0.001 -20"><span class='ocrx_word' id='word_1_339' title='bbox 856 4027 1014 4089; x_wconf 90' lang='lat' dir='ltr'>timo</span> <span class='ocrx_word' id='word_1_340' title='bbox 1057 4027 1211 4102; x_wconf 83' lang='lat' dir='ltr'>fine,</span> <span class='ocrx_word' id='word_1_341' title='bbox 1246 4027 1356 4108; x_wconf 87' lang='lat' dir='ltr'>qui</span> <span class='ocrx_word' id='word_1_342' title='bbox 1401 4034 1499 4089; x_wconf 91' lang='lat' dir='ltr'>est</span> <span class='ocrx_word' id='word_1_343' title='bbox 1540 4027 1814 4107; x_wconf 89' lang='lat' dir='ltr'>ipsemet</span> <span class='ocrx_word' id='word_1_344' title='bbox 1856 4026 2045 4099; x_wconf 79' lang='lat' dir='ltr'>DeuS,</span> <span class='ocrx_word' id='word_1_345' title='bbox 2079 4025 2190 4106; x_wconf 89' lang='lat' dir='ltr'>qui</span> <span class='ocrx_word' id='word_1_346' title='bbox 2223 4045 2260 4088; x_wconf 94' lang='lat' dir='ltr'>a</span> <span class='ocrx_word' id='word_1_347' title='bbox 2287 4044 2355 4087; x_wconf 91' lang='grc' dir='ltr'>εθ</span> <span class='ocrx_word' id='word_1_348' title='bbox 2466 4024 2776 4086; x_wconf 86' lang='lat' dir='ltr'>voluntas.</span> <span class='ocrx_word' id='word_1_349' title='bbox 2818 4024 3008 4086; x_wconf 88' lang='lat' dir='ltr'>Porro</span> <span class='ocrx_word' id='word_1_350' title='bbox 3049 4025 3312 4105; x_wconf 83' lang='lat' dir='ltr'>angelus</span> <span class='ocrx_word' id='word_1_351' title='bbox 3361 4026 3676 4108; x_wconf 89' lang='lat' dir='ltr'>simplicis</span> <span class='ocrx_word' id='word_1_352' title='bbox 3715 4036 3814 4090; x_wconf 90' lang='grc' dir='ltr'>θεῖ</span> <span class='ocrx_word' id='word_1_353' title='bbox 3859 4048 3976 4091; x_wconf 87' lang='lat' dir='ltr'>na-</span> 
     </span>
     <span class='ocr_line' id='line_1_31' title="bbox 858 4122 3972 4208; baseline 0.001 -22"><span class='ocrx_word' id='word_1_354' title='bbox 858 4125 997 4207; x_wconf 89' lang='lat' dir='ltr'>ipso</span> <span class='ocrx_word' id='word_1_355' title='bbox 1026 4125 1322 4188; x_wconf 86' lang='lat' dir='ltr'>recedere</span> <span class='ocrx_word' id='word_1_356' title='bbox 1353 4125 1578 4206; x_wconf 85' lang='lat' dir='ltr'>nequit</span> <span class='ocrx_word' id='word_1_357' title='bbox 1614 4133 1723 4186; x_wconf 90' lang='lat' dir='ltr'>aut</span> <span class='ocrx_word' id='word_1_358' title='bbox 1762 4124 2064 4204; x_wconf 86' lang='lat' dir='ltr'>elongari.</span> <span class='ocrx_word' id='word_1_359' title='bbox 2101 4125 2354 4186; x_wconf 89' lang='lat' dir='ltr'>Creatu-</span> <span class='ocrx_word' id='word_1_360' title='bbox 2463 4133 2644 4196; x_wconf 64' lang='lat' dir='ltr'>turae,</span> <span class='ocrx_word' id='word_1_361' title='bbox 2691 4122 2990 4184; x_wconf 82' lang='lat' dir='ltr'>scientias</span> <span class='ocrx_word' id='word_1_362' title='bbox 3033 4129 3096 4185; x_wconf 85' lang='lat' dir='ltr'>et</span> <span class='ocrx_word' id='word_1_363' title='bbox 3139 4123 3408 4186; x_wconf 89' lang='lat' dir='ltr'>virtutes</span> <span class='ocrx_word' id='word_1_364' title='bbox 3457 4123 3581 4186; x_wconf 90' lang='lat' dir='ltr'>sibi</span> <span class='ocrx_word' id='word_1_365' title='bbox 3629 4126 3972 4208; x_wconf 88' lang='lat' dir='ltr'>possidens</span> 
     </span>
     <span class='ocr_line' id='line_1_32' title="bbox 856 4221 3973 4307; baseline 0.001 -23"><span class='ocrx_word' id='word_1_366' title='bbox 856 4223 944 4285; x_wconf 84' lang='lat' dir='ltr'>ris</span> <span class='ocrx_word' id='word_1_367' title='bbox 992 4241 1143 4286; x_wconf 90' lang='lat' dir='ltr'>vero</span> <span class='ocrx_word' id='word_1_368' title='bbox 1190 4222 1607 4285; x_wconf 87' lang='lat' dir='ltr'>rationalibus</span> <span class='ocrx_word' id='word_1_369' title='bbox 1656 4240 1732 4283; x_wconf 85' lang='lat' dir='ltr'>ex</span> <span class='ocrx_word' id='word_1_370' title='bbox 1783 4240 1897 4282; x_wconf 91' lang='lat' dir='ltr'>sua</span> <span class='ocrx_word' id='word_1_371' title='bbox 1949 4229 2174 4284; x_wconf 87' lang='lat' dir='ltr'>natura</span> <span class='ocrx_word' id='word_1_372' title='bbox 2213 4242 2357 4304; x_wconf 89' lang='lat' dir='ltr'>pec·</span> <span class='ocrx_word' id='word_1_373' title='bbox 2466 4228 2850 4283; x_wconf 75' lang='lat' dir='ltr'>concreatus,</span> <span class='ocrx_word' id='word_1_374' title='bbox 2903 4222 3121 4303; x_wconf 88' lang='lat' dir='ltr'>Itaque</span> <span class='ocrx_word' id='word_1_375' title='bbox 3171 4239 3300 4302; x_wconf 87' lang='lat' dir='ltr'>quo</span> <span class='ocrx_word' id='word_1_376' title='bbox 3347 4221 3541 4285; x_wconf 91' lang='lat' dir='ltr'>homo</span> <span class='ocrx_word' id='word_1_377' title='bbox 3588 4224 3656 4285; x_wconf 90' lang='lat' dir='ltr'>in</span> <span class='ocrx_word' id='word_1_378' title='bbox 3707 4243 3776 4287; x_wconf 91' lang='lat' dir='ltr'>se</span> <span class='ocrx_word' id='word_1_379' title='bbox 3823 4224 3973 4307; x_wconf 88' lang='lat' dir='ltr'>ipso</span> 
     </span>
     <span class='ocr_line' id='line_1_33' title="bbox 856 4319 3970 4402; baseline 0.001 -20"><span class='ocrx_word' id='word_1_380' title='bbox 856 4320 1147 4382; x_wconf 87' lang='lat' dir='ltr'>cabilitas</span> <span class='ocrx_word' id='word_1_381' title='bbox 1196 4320 1363 4381; x_wconf 89' lang='lat' dir='ltr'>inest</span> <span class='ocrx_word' id='word_1_382' title='bbox 1411 4327 1474 4381; x_wconf 90' lang='lat' dir='ltr'>et</span> <span class='ocrx_word' id='word_1_383' title='bbox 1522 4321 1843 4392; x_wconf 86' lang='lat' dir='ltr'>convenit,</span> <span class='ocrx_word' id='word_1_384' title='bbox 1895 4337 1970 4382; x_wconf 92' lang='lat' dir='ltr'>eo</span> <span class='ocrx_word' id='word_1_385' title='bbox 2032 4321 2168 4401; x_wconf 90' lang='lat' dir='ltr'>ipso</span> <span class='ocrx_word' id='word_1_386' title='bbox 2228 4336 2354 4400; x_wconf 90' lang='lat' dir='ltr'>quo</span> <span class='ocrx_word' id='word_1_387' title='bbox 2464 4319 2848 4399; x_wconf 85' lang='lat' dir='ltr'>indigentior</span> <span class='ocrx_word' id='word_1_388' title='bbox 2911 4319 3476 4402; x_wconf 83' lang='lat' dir='ltr'>imperfectiorque</span> <span class='ocrx_word' id='word_1_389' title='bbox 3535 4323 3848 4397; x_wconf 89' lang='lat' dir='ltr'>consistit,</span> <span class='ocrx_word' id='word_1_390' title='bbox 3899 4331 3970 4386; x_wconf 85' lang='lat' dir='ltr'>et</span> 
     </span>
     <span class='ocr_line' id='line_1_34' title="bbox 856 4417 3962 4499; baseline 0.001 -19"><span class='ocrx_word' id='word_1_391' title='bbox 856 4425 1159 4481; x_wconf 84' lang='lat' dir='ltr'>creaturae</span> <span class='ocrx_word' id='word_1_392' title='bbox 1201 4425 1370 4491; x_wconf 89' lang='lat' dir='ltr'>sunt,</span> <span class='ocrx_word' id='word_1_393' title='bbox 1419 4425 1571 4499; x_wconf 89' lang='lat' dir='ltr'>puta</span> <span class='ocrx_word' id='word_1_394' title='bbox 1614 4417 1795 4479; x_wconf 78' lang='lat' dir='ltr'>factae</span> <span class='ocrx_word' id='word_1_395' title='bbox 1840 4436 1917 4478; x_wconf 84' lang='lat' dir='ltr'>ex</span> <span class='ocrx_word' id='word_1_396' title='bbox 1960 4417 2165 4479; x_wconf 89' lang='lat' dir='ltr'>nihilo</span> <span class='ocrx_word' id='word_1_397' title='bbox 2211 4435 2224 4478; x_wconf 75' lang='grc' dir='ltr'>ε</span> <span class='ocrx_word' id='word_1_398' title='bbox 2268 4417 2356 4478; x_wconf 90' lang='lat' dir='ltr'>id·</span> <span class='ocrx_word' id='word_1_399' title='bbox 2464 4436 2501 4479; x_wconf 93' lang='lat' dir='ltr'>a</span> <span class='ocrx_word' id='word_1_400' title='bbox 2537 4417 2830 4479; x_wconf 88' lang='lat' dir='ltr'>Creatore</span> <span class='ocrx_word' id='word_1_401' title='bbox 2877 4435 2994 4479; x_wconf 92' lang='lat' dir='ltr'>suo</span> <span class='ocrx_word' id='word_1_402' title='bbox 3041 4417 3376 4480; x_wconf 88' lang='lat' dir='ltr'>distantior</span> <span class='ocrx_word' id='word_1_403' title='bbox 3402 4417 3962 4498; x_wconf 87' lang='lat' dir='ltr'>(dissimilitudine</span> 
     </span>
     <span class='ocr_line' id='line_1_35' title="bbox 856 4513 3970 4598; baseline 0.001 -20"><span class='ocrx_word' id='word_1_404' title='bbox 856 4517 1028 4582; x_wconf 87' lang='lat' dir='ltr'>circo</span> <span class='ocrx_word' id='word_1_405' title='bbox 1075 4535 1152 4578; x_wconf 84' lang='lat' dir='ltr'>ex</span> <span class='ocrx_word' id='word_1_406' title='bbox 1202 4533 1269 4578; x_wconf 89' lang='lat' dir='ltr'>se</span> <span class='ocrx_word' id='word_1_407' title='bbox 1319 4515 1475 4596; x_wconf 89' lang='lat' dir='ltr'>ipsis</span> <span class='ocrx_word' id='word_1_408' title='bbox 1525 4513 1763 4576; x_wconf 88' lang='lat' dir='ltr'>habent</span> <span class='ocrx_word' id='word_1_409' title='bbox 1809 4515 2156 4577; x_wconf 88' lang='lat' dir='ltr'>vanitatem</span> <span class='ocrx_word' id='word_1_410' title='bbox 2207 4532 2352 4577; x_wconf 90' lang='lat' dir='ltr'>con·</span> <span class='ocrx_word' id='word_1_411' title='bbox 2465 4523 2736 4588; x_wconf 89' lang='lat' dir='ltr'>tantum,</span> <span class='ocrx_word' id='word_1_412' title='bbox 2769 4533 2898 4577; x_wconf 94' lang='lat' dir='ltr'>non</span> <span class='ocrx_word' id='word_1_413' title='bbox 2928 4515 3115 4594; x_wconf 87' lang='lat' dir='ltr'>loco),</span> <span class='ocrx_word' id='word_1_414' title='bbox 3155 4532 3231 4577; x_wconf 89' lang='lat' dir='ltr'>eo</span> <span class='ocrx_word' id='word_1_415' title='bbox 3272 4516 3567 4597; x_wconf 88' lang='lat' dir='ltr'>pluribus</span> <span class='ocrx_word' id='word_1_416' title='bbox 3609 4525 3752 4598; x_wconf 78' lang='lat' dir='ltr'>eget</span> <span class='ocrx_word' id='word_1_417' title='bbox 3788 4521 3970 4582; x_wconf 86' lang='lat' dir='ltr'>auxi-</span> 
     </span>
     <span class='ocr_line' id='line_1_36' title="bbox 849 4613 3966 4696; baseline 0.001 -20"><span class='ocrx_word' id='word_1_418' title='bbox 849 4615 1161 4696; x_wconf 83' lang='lat' dir='ltr'>junctam,</span> <span class='ocrx_word' id='word_1_419' title='bbox 1204 4620 1394 4694; x_wconf 82' lang='lat' dir='ltr'>atque</span> <span class='ocrx_word' id='word_1_420' title='bbox 1432 4613 1511 4675; x_wconf 98' lang='lat' dir='ltr'>ad</span> <span class='ocrx_word' id='word_1_421' title='bbox 1552 4613 1807 4695; x_wconf 86' lang='lat' dir='ltr'>culpam</span> <span class='ocrx_word' id='word_1_422' title='bbox 1849 4613 2166 4696; x_wconf 88' lang='lat' dir='ltr'>proclives</span> <span class='ocrx_word' id='word_1_423' title='bbox 2206 4621 2357 4675; x_wconf 90' lang='lat' dir='ltr'>sunt</span> <span class='ocrx_word' id='word_1_424' title='bbox 2384 4619 2433 4680; x_wconf 90' lang='lat' dir='ltr'>D</span> <span class='ocrx_word' id='word_1_425' title='bbox 2467 4613 2569 4675; x_wconf 88' lang='lat' dir='ltr'>liis</span> <span class='ocrx_word' id='word_1_426' title='bbox 2599 4613 2676 4675; x_wconf 93' lang='lat' dir='ltr'>ad</span> <span class='ocrx_word' id='word_1_427' title='bbox 2708 4613 2828 4675; x_wconf 93' lang='lat' dir='ltr'>hoc</span> <span class='ocrx_word' id='word_1_428' title='bbox 2861 4613 3031 4694; x_wconf 87' lang='lat' dir='ltr'>quod</span> <span class='ocrx_word' id='word_1_429' title='bbox 3062 4630 3178 4675; x_wconf 91' lang='lat' dir='ltr'>suo</span> <span class='ocrx_word' id='word_1_430' title='bbox 3209 4613 3488 4676; x_wconf 84' lang='lat' dir='ltr'>Creatori</span> <span class='ocrx_word' id='word_1_431' title='bbox 3533 4615 3841 4696; x_wconf 84' lang='lat' dir='ltr'>jungatur</span> <span class='ocrx_word' id='word_1_432' title='bbox 3887 4635 3966 4680; x_wconf 88' lang='lat' dir='ltr'>ac</span> 
     </span>
     <span class='ocr_line' id='line_1_37' title="bbox 851 4711 3969 4796; baseline 0.002 -22"><span class='ocrx_word' id='word_1_433' title='bbox 851 4713 976 4775; x_wconf 91' lang='lat' dir='ltr'>sibi</span> <span class='ocrx_word' id='word_1_434' title='bbox 1007 4713 1165 4795; x_wconf 89' lang='lat' dir='ltr'>ipsis</span> <span class='ocrx_word' id='word_1_435' title='bbox 1196 4713 1450 4776; x_wconf 84' lang='lat' dir='ltr'>relictae.</span> <span class='ocrx_word' id='word_1_436' title='bbox 1488 4712 1615 4774; x_wconf 90' lang='lat' dir='ltr'>Nec</span> <span class='ocrx_word' id='word_1_437' title='bbox 1643 4731 1863 4774; x_wconf 52' lang='lat' dir='ltr'>&gt;earum</span> <span class='ocrx_word' id='word_1_438' title='bbox 1908 4731 2047 4775; x_wconf 91' lang='lat' dir='ltr'>esse</span> <span class='ocrx_word' id='word_1_439' title='bbox 2085 4721 2180 4775; x_wconf 89' lang='lat' dir='ltr'>est</span> <span class='ocrx_word' id='word_1_440' title='bbox 2213 4731 2352 4795; x_wconf 91' lang='lat' dir='ltr'>per·</span> <span class='ocrx_word' id='word_1_441' title='bbox 2464 4711 2871 4775; x_wconf 78' lang='lat' dir='ltr'>beatificetur</span> <span class='ocrx_word' id='word_1_442' title='bbox 2919 4714 2986 4774; x_wconf 90' lang='lat' dir='ltr'>in</span> <span class='ocrx_word' id='word_1_443' title='bbox 3034 4714 3216 4795; x_wconf 91' lang='lat' dir='ltr'>ipso;</span> <span class='ocrx_word' id='word_1_444' title='bbox 3266 4721 3330 4775; x_wconf 89' lang='lat' dir='ltr'>et</span> <span class='ocrx_word' id='word_1_445' title='bbox 3378 4713 3674 4796; x_wconf 90' lang='lat' dir='ltr'>pluribus</span> <span class='ocrx_word' id='word_1_446' title='bbox 3721 4733 3796 4778; x_wconf 87' lang='lat' dir='ltr'>ac</span> <span class='ocrx_word' id='word_1_447' title='bbox 3842 4717 3969 4780; x_wconf 84' lang='lat' dir='ltr'>dif-</span> 
     </span>
     <span class='ocr_line' id='line_1_38' title="bbox 850 4810 3962 4898; baseline 0.002 -26"><span class='ocrx_word' id='word_1_448' title='bbox 850 4811 1090 4874; x_wconf 84' lang='lat' dir='ltr'>fectum</span> <span class='ocrx_word' id='word_1_449' title='bbox 1152 4811 1219 4872; x_wconf 93' lang='lat' dir='ltr'>in</span> <span class='ocrx_word' id='word_1_450' title='bbox 1278 4829 1367 4885; x_wconf 87' lang='lat' dir='ltr'>se,</span> <span class='ocrx_word' id='word_1_451' title='bbox 1421 4811 1551 4874; x_wconf 93' lang='lat' dir='ltr'>imo</span> <span class='ocrx_word' id='word_1_452' title='bbox 1599 4810 1924 4874; x_wconf 89' lang='lat' dir='ltr'>habitibus</span> <span class='ocrx_word' id='word_1_453' title='bbox 1973 4811 2352 4894; x_wconf 88' lang='lat' dir='ltr'>actibusque</span> <span class='ocrx_word' id='word_1_454' title='bbox 2463 4810 2850 4873; x_wconf 76' lang='lat' dir='ltr'>licilioribus</span> <span class='ocrx_word' id='word_1_455' title='bbox 2893 4811 3173 4875; x_wconf 91' lang='lat' dir='ltr'>motibus</span> <span class='ocrx_word' id='word_1_456' title='bbox 3217 4818 3281 4873; x_wconf 92' lang='lat' dir='ltr'>et</span> <span class='ocrx_word' id='word_1_457' title='bbox 3321 4811 3570 4876; x_wconf 86' lang='lat' dir='ltr'>actibus</span> <span class='ocrx_word' id='word_1_458' title='bbox 3617 4815 3698 4876; x_wconf 91' lang='lat' dir='ltr'>ad</span> <span class='ocrx_word' id='word_1_459' title='bbox 3745 4815 3962 4898; x_wconf 91' lang='lat' dir='ltr'>ipsum</span> 
     </span>
     <span class='ocr_line' id='line_1_39' title="bbox 848 4909 3960 4993; baseline 0.002 -20"><span class='ocrx_word' id='word_1_460' title='bbox 848 4910 1258 4973; x_wconf 89' lang='lat' dir='ltr'>scientiarum</span> <span class='ocrx_word' id='word_1_461' title='bbox 1290 4929 1364 4973; x_wconf 93' lang='lat' dir='ltr'>ac</span> <span class='ocrx_word' id='word_1_462' title='bbox 1402 4912 1711 4974; x_wconf 90' lang='lat' dir='ltr'>virtutum</span> <span class='ocrx_word' id='word_1_463' title='bbox 1744 4911 1972 4993; x_wconf 81' lang='lat' dir='ltr'>perfici</span> <span class='ocrx_word' id='word_1_464' title='bbox 2002 4918 2213 4991; x_wconf 87' lang='lat' dir='ltr'>egent,</span> <span class='ocrx_word' id='word_1_465' title='bbox 2246 4929 2353 4993; x_wconf 89' lang='lat' dir='ltr'>po·</span> <span class='ocrx_word' id='word_1_466' title='bbox 2465 4910 2791 4992; x_wconf 85' lang='lat' dir='ltr'>pertingit,</span> <span class='ocrx_word' id='word_1_467' title='bbox 2843 4910 3016 4972; x_wconf 87' lang='lat' dir='ltr'>vitiis</span> <span class='ocrx_word' id='word_1_468' title='bbox 3074 4909 3445 4984; x_wconf 85' lang='lat' dir='ltr'>reluctatur,</span> <span class='ocrx_word' id='word_1_469' title='bbox 3497 4912 3960 4993; x_wconf 81' lang='lat' dir='ltr'>perfectionem</span> 
     </span>
     <span class='ocr_line' id='line_1_40' title="bbox 849 5008 3967 5092; baseline 0.001 -20"><span class='ocrx_word' id='word_1_470' title='bbox 849 5009 1097 5073; x_wconf 89' lang='lat' dir='ltr'>tissime</span> <span class='ocrx_word' id='word_1_471' title='bbox 1126 5009 1721 5092; x_wconf 88' lang='lat' dir='ltr'>supernaturalibus</span> <span class='ocrx_word' id='word_1_472' title='bbox 1752 5010 1935 5073; x_wconf 91' lang='lat' dir='ltr'>donis</span> <span class='ocrx_word' id='word_1_473' title='bbox 1966 5009 2185 5091; x_wconf 85' lang='lat' dir='ltr'>gratiae</span> <span class='ocrx_word' id='word_1_474' title='bbox 2213 5029 2350 5091; x_wconf 86' lang='lat' dir='ltr'>gra·</span> <span class='ocrx_word' id='word_1_475' title='bbox 2464 5009 2742 5072; x_wconf 89' lang='lat' dir='ltr'>sortitur.</span> <span class='ocrx_word' id='word_1_476' title='bbox 2785 5009 2930 5072; x_wconf 85' lang='lat' dir='ltr'>Haec</span> <span class='ocrx_word' id='word_1_477' title='bbox 2971 5016 3183 5071; x_wconf 91' lang='lat' dir='ltr'>autem</span> <span class='ocrx_word' id='word_1_478' title='bbox 3230 5008 3489 5083; x_wconf 84' lang='lat' dir='ltr'>auxilia,</span> <span class='ocrx_word' id='word_1_479' title='bbox 3536 5011 3967 5077; x_wconf 89' lang='lat' dir='ltr'>instrumenta</span> 
     </span>
     <span class='ocr_line' id='line_1_41' title="bbox 853 5107 3965 5190; baseline 0.002 -19"><span class='ocrx_word' id='word_1_480' title='bbox 853 5117 989 5172; x_wconf 87' lang='lat' dir='ltr'>tum</span> <span class='ocrx_word' id='word_1_481' title='bbox 1034 5108 1345 5183; x_wconf 79' lang='lat' dir='ltr'>facientiS,</span> <span class='ocrx_word' id='word_1_482' title='bbox 1380 5108 1855 5190; x_wconf 86' lang='lat' dir='ltr'>virtutibusque</span> <span class='ocrx_word' id='word_1_483' title='bbox 1899 5107 2151 5184; x_wconf 82' lang='lat' dir='ltr'>infusiS‚</span> <span class='ocrx_word' id='word_1_484' title='bbox 2186 5109 2354 5171; x_wconf 88' lang='lat' dir='ltr'>sicut</span> <span class='ocrx_word' id='word_1_485' title='bbox 2461 5126 2535 5170; x_wconf 93' lang='lat' dir='ltr'>ac</span> <span class='ocrx_word' id='word_1_486' title='bbox 2568 5108 2796 5181; x_wconf 89' lang='lat' dir='ltr'>media,</span> <span class='ocrx_word' id='word_1_487' title='bbox 2829 5114 2979 5169; x_wconf 90' lang='lat' dir='ltr'>sunt</span> <span class='ocrx_word' id='word_1_488' title='bbox 3003 5107 3307 5170; x_wconf 85' lang='lat' dir='ltr'>exercitia</span> <span class='ocrx_word' id='word_1_489' title='bbox 3345 5107 3532 5184; x_wconf 85' lang='lat' dir='ltr'>bona,</span> <span class='ocrx_word' id='word_1_490' title='bbox 3563 5110 3848 5176; x_wconf 73' lang='lat' dir='ltr'>scientiae</span> <span class='ocrx_word' id='word_1_491' title='bbox 3885 5131 3965 5176; x_wconf 90' lang='lat' dir='ltr'>ac</span> 
     </span>
     <span class='ocr_line' id='line_1_42' title="bbox 857 5206 3630 5294; baseline 0 -23"><span class='ocrx_word' id='word_1_492' title='bbox 857 5206 1117 5294; x_wconf 84' lang='lat' dir='ltr'>patebit.</span> <span class='ocrx_word' id='word_1_493' title='bbox 2462 5207 2753 5282; x_wconf 76' lang='lat' dir='ltr'>virtute3‚</span> <span class='ocrx_word' id='word_1_494' title='bbox 2786 5214 2851 5268; x_wconf 93' lang='lat' dir='ltr'>et</span> <span class='ocrx_word' id='word_1_495' title='bbox 2888 5206 3128 5269; x_wconf 89' lang='lat' dir='ltr'>assidui</span> <span class='ocrx_word' id='word_1_496' title='bbox 3169 5215 3348 5270; x_wconf 88' lang='lat' dir='ltr'>actus</span> <span class='ocrx_word' id='word_1_497' title='bbox 3389 5227 3630 5272; x_wconf 90' lang='lat' dir='ltr'>earum.</span> 
     </span>
    </p>
   </div>
  </div>
 </body>
</html>
