4300 6259
938 485 1015 530 DE
1054 481 1283 529 Lunum
1325 479 1705 528 crmtsriANAE
1745 478 2046 535 TnEomAE,
2090 479 2266 526 LIBER
2305 481 2372 526 11.
2418 499 2500 510 --
2541 482 2677 528 An‘r.
2725 481 2933 527 Lxxvll

3358 462 3480 526 479

366 661 806 726 reservantur,
855 651 1039 714 valde
1087 651 1311 733 utique
1365 649 1657 713 mirabile
1702 655 1799 711 est
1851 647 1949 712 :A
1982 649 2182 722 ciunt,
2218 650 2383 712 Deus
2430 649 2800 713 immediate
2841 657 2904 713 et
2951 667 3064 733 per
3105 667 3172 712 36
3217 646 3478 710 efficere

365 758 428 812 et
484 750 612 812 nisi
663 751 909 812 entium
960 751 1114 812 ordo
1164 748 1374 811 taliter
1423 756 1493 809 ut
1532 755 1649 818 est,
1700 745 1873 808 insti-

368 857 551 910 tutus
611 857 801 922 esset,
864 848 1232 929 hujusmodi
1294 845 1719 929 impossibilia
1784 844 1876 906 vi-

367 947 699 1010 derentur.
752 947 948 1028 Cujus
1004 946 1215 1008 simile
1274 965 1351 1008 ex
1411 944 1624 1007 verbis
1674 942 1874 1006 Rabbi

367 1046 607 1128 Moysis
655 1046 803 1108 elici
854 1053 1076 1128 potest.
1124 1045 1281 1108 Nam
1325 1044 1435 1126 qui
1486 1062 1523 1105 a
1566 1060 1765 1126 puero
1810 1042 1873 1103 in

370 1143 540 1206 silva
582 1151 648 1206 et
690 1153 867 1207 extra
914 1143 1207 1206 homines
1252 1161 1511 1224 prorsus
1558 1141 1876 1204 enutritus

368 1251 567 1314 esset,
629 1243 1053 1325 bumanaeque
1114 1241 1481 1323 propaginis
1548 1238 1720 1302 modi
1788 1239 1878 1300 in-

368 1349 704 1422 expertus,
730 1349 841 1403 aut
882 1341 987 1402 vix
1019 1347 1127 1402 aut
1158 1339 1523 1402 nullatenus
1565 1338 1873 1410 crederet,

370 1440 425 1500 si
488 1439 639 1520 quis
697 1439 755 1501 ei
818 1439 1077 1502 modum
1138 1456 1265 1520 quo
1323 1457 1358 1500 e
1418 1437 1639 1500 matris
1698 1444 1879 1497 utero

366 1539 633 1618 genitus
664 1547 759 1600 est
785 1547 977 1620 atque
1011 1537 1343 1619 processit,
1376 1544 1715 1598 enarraret.

454 1637 804 1699 Innotescit
835 1654 1007 1716 ergo,
1040 1635 1209 1718 quod
1248 1635 1543 1717 quamvis
1583 1633 1737 1696 fidei
1769 1633 1884 1696 mi-

371 1735 608 1797 rabilia
654 1743 720 1798 et
767 1734 1151 1798 sacramenti
1200 1733 1613 1796 Eucharistiae
1662 1751 1881 1815 super-

1982 747 2166 810 valet.
2231 749 2521 812 Secunda
2576 748 2945 812 differentia
3000 754 3117 822 est,
3177 746 3478 829 quoniam

1984 847 2271 909 naturale
2351 866 2544 928 agens
2631 847 3072 930 praesupponit
3149 843 3478 908 materiam

1984 964 2125 1026 quae
2165 946 2714 1009 transmutationis
2759 945 3122 1026 subJectum
3167 962 3306 1006 esse
3350 950 3484 1024 pot-

1986 1050 2101 1114 est,
2146 1063 2347 1126 quum
2387 1045 2525 1106 sine
2569 1053 2742 1106 motu
2785 1062 2912 1107 non
2957 1050 3193 1106 causet.
3229 1041 3486 1104 Materia

1986 1149 2200 1204 autem
2275 1162 2415 1224 quae
2495 1142 3042 1206 transmutationis
3122 1140 3486 1222 subjectum

1990 1248 2107 1313 est,
2169 1241 2530 1304 necessario
2586 1249 2682 1304 est
2737 1248 2995 1323 quanta,
3047 1240 3214 1302 sicut
3268 1246 3491 1300 octavo

1992 1339 2070 1400 de
2113 1339 2348 1400 Auditu
2396 1339 2663 1421 physico
2707 1339 2954 1402 inducit
2997 1339 3327 1401 Averroes.
3370 1337 3492 1398 Ma-

1991 1437 2154 1498 teria
2184 1437 2425 1519 quippe
2464 1439 2820 1500 secundum
2859 1457 2927 1499 se
2966 1444 3029 1500 et
3067 1435 3489 1498 substantiam

1993 1535 2115 1608 sui,
2165 1553 2290 1597 non
2335 1543 2432 1598 est
2479 1537 2656 1619 quid,
2703 1555 2822 1598 nec
2872 1535 3082 1619 quale,
3131 1553 3250 1596 nec
3297 1553 3492 1616 quan-

1992 1643 2154 1710 tum,
2205 1637 2314 1698 sed
2376 1656 2535 1718 pura
2591 1636 2894 1718 potentia,
2947 1634 3363 1698 indivisibilis
3419 1652 3492 1696 ac

1992 1735 2267 1817 simplex
2319 1736 2574 1807 entitaS,
2626 1743 2694 1797 ut
2753 1735 3028 1817 septimo
3076 1733 3298 1796 Primae
3359 1733 3494 1815 pbi-

372 1834 917 1908 naturalia‚valde
948 1834 1171 1916 utique
1203 1831 1880 1916 incomprehensibilia
1908 1831 1956 1895 B
1996 1833 2302 1916 losophiae
2333 1835 2588 1896 dicitur.
2623 1834 2796 1907 Quod
2837 1842 3049 1896 autem
3091 1833 3326 1894 dicitur
3367 1851 3492 1893 ma-

372 1941 531 1995 sunt
570 1934 925 1996 secundum
972 1951 1039 1996 se
1079 1933 1497 2004 considerata,
1531 1931 1622 1993 nil
1668 1940 1881 1992 tamen

376 2030 923 2112 impossibilitatis
982 2048 1095 2091 seu
1147 2027 1659 2092 incredibilitatis
1718 2045 1885 2090 com-

374 2130 775 2211 plectuntur,
807 2128 961 2191 dum
993 2129 1185 2190 etiam
1220 2127 1285 2190 in
1322 2126 1721 2189 naturalibus
1750 2133 1883 2187 tan-

376 2237 441 2290 ta
490 2235 760 2310 apparet
807 2226 1183 2289 difficultas.
1238 2227 1411 2289 [nde
1470 2227 1535 2288 in
1583 2226 1661 2287 de
1712 2225 1885 2289 Coelo

376 2335 443 2388 et
486 2327 729 2389 mundo
763 2327 851 2388 ait
882 2326 1273 2399 AristoteleS,
1306 2326 1459 2387 dum
1502 2325 1885 2406 quaestiones

376 2427 541 2487 duas
601 2424 907 2488 difficiles
970 2432 1276 2497 moverat,
1328 2424 1497 2506 quod
1558 2424 1636 2485 de
1693 2423 1885 2486 coele-

376 2525 579 2586 stium
614 2540 952 2605 corporum
990 2542 1064 2584 ac
1102 2522 1385 2584 siderum
1428 2529 1675 2594 natura,
1710 2529 1887 2583 motu

377 2635 443 2686 et
492 2623 905 2705 proprietate,
958 2621 1285 2684 modicum
1342 2621 1496 2702 quid
1554 2627 1617 2682 et
1665 2638 1887 2683 secun-

378 2725 537 2786 dum
586 2722 865 2803 topicam
916 2722 1227 2784 rationem
1270 2720 1715 2793 determinare,
1762 2737 1889 2782 ma-

376 2841 583 2904 gnum
634 2820 876 2902 aliquid
926 2827 1040 2882 est.
1097 2819 1230 2882 Non
1280 2819 1475 2900 igitur
1522 2818 1781 2890 mirum,
1832 2817 1885 2880 si

380 2921 447 2983 in
478 2919 724 2982 divinis
754 2919 1155 3000 summisque
1184 2918 1417 2981 divinae
1458 2917 1713 2980 virtutis
1742 2934 1886 2998 ope-

1992 1931 2153 1994 teria
2192 1949 2318 1994 non
2360 1951 2499 1994 esse
2539 1933 2715 2013 quid,
2750 1950 2877 1994 non
2918 1931 3004 1993 ita
3041 1931 3490 2012 accipiendum

1993 2038 2090 2092 est
2157 2031 2338 2112 quasi
2399 2048 2527 2093 non
2597 2031 2680 2093 sit
2745 2031 3022 2093 essentia
3087 2030 3320 2111 aliqua.
3383 2029 3491 2092 Est

1994 2129 2165 2191 enim
2217 2129 2612 2211 principium
2663 2130 2752 2192 rei
2803 2129 3109 2192 naturalis
3158 2135 3222 2190 et
3269 2135 3492 2190 natura

1993 2246 2166 2300 vera,
2209 2228 2377 2289 sicut
2415 2228 2624 2309 primo
2661 2227 3074 2310 Physicorum
3113 2226 3488 2290 ostenditur.

1995 2326 2115 2388 Sed
2163 2345 2362 2407 quum
2416 2344 2540 2388 non
2585 2326 2668 2388 sit
2706 2325 2859 2408 quid
2913 2325 2976 2387 in
3027 2333 3196 2400 actu,
3234 2325 3343 2387 sed
3391 2342 3496 2407 po-

1995 2425 2195 2486 tentia
2245 2444 2425 2507 pura,
2479 2425 2628 2486 hinc
2676 2425 2917 2487 dictum
2971 2432 3088 2498 est,
3140 2425 3309 2508 quod
3368 2442 3495 2487 non

1994 2531 2092 2584 est
2128 2523 2303 2604 quid.
2347 2523 2684 2604 Quumque
2724 2523 2806 2585 sit
2845 2523 3121 2606 simplex
3165 2531 3228 2586 et
3271 2523 3497 2586 indivi-

1992 2621 2202 2683 sibilis
2261 2621 2614 2683 secundum
2675 2641 2764 2694 se,
2817 2621 2961 2684 ideo
3009 2629 3222 2684 motus
3281 2621 3494 2701 subje-

1994 2729 2166 2782 ctum
2201 2738 2325 2783 non
2359 2727 2475 2782 est.
2501 2719 2760 2782 Nullum
2791 2720 2966 2782 enim
2998 2719 3492 2802 impartibilium

1994 2819 2234 2881 moveri
2310 2826 2538 2900 potest,
2609 2819 2964 2881 secundum
3035 2818 3492 2900 Philosophum

1994 2924 2171 2980 sexto
2229 2917 2664 2998 physicorum.
2729 2917 2988 2981 Constat
3045 2917 3258 2998 igitur,
3321 2918 3492 3000 quod

380 3019 589 3092 ribuS,
632 3019 929 3081 humanae
973 3017 1235 3080 rationis
1280 3016 1499 3079 lumen
1543 3015 1883 3078 vehemen-
1917 3015 1961 3078 C
1996 3015 2332 3078 causalitas
2391 3015 2698 3078 naturalis
2753 3017 3000 3096 agentis
3059 3034 3184 3078 non
3242 3015 3495 3097 attingit

384 3129 483 3180 ter
526 3117 781 3199 caliget.

704 3381 1191 3447 ARTICULUS
1240 3379 1581 3444 LXXVII.

384 3537 481 3594 De
517 3531 937 3592 conversione
979 3531 1359 3589 substantioe
1394 3528 1594 3604 panis
1632 3547 1707 3586 ac
1745 3527 1889 3586 vini

468 3624 541 3681 in
592 3637 831 3696 corpus
887 3628 949 3678 et
1005 3621 1390 3695 sanquinem
1447 3617 1697 3678 Christi
1745 3637 1766 3677 :
1816 3619 1888 3676 in

464 3731 593 3790 quo
622 3713 973 3770 solvuntur
999 3728 1073 3768 ea
1103 3727 1247 3786 quoe
1285 3727 1367 3766 ew
1402 3716 1597 3784 parte
1624 3726 1889 3766 conver-

466 3801 677 3862 sionis
708 3802 911 3875 paulo
954 3806 1107 3858 ante
1147 3798 1393 3874 objecta
1434 3805 1609 3856 sunt.

530 4005 677 4068 Ecs
738 4020 927 4085 porro
985 4002 1381 4074 benedictus,
1434 4001 1620 4081 cujus
1670 4020 1887 4083 super·

556 4100 857 4164 sublimis
924 4100 1125 4162 virtus
1194 4097 1889 4179 incircumscriptibilis

1998 3115 2328 3176 materiam
2381 3121 2450 3176 ut
2495 3121 2591 3176 est
2647 3114 2823 3195 quid,
2877 3114 2938 3176 id
2985 3121 3084 3176 est
3139 3114 3492 3178 secundum

1996 3214 2201 3295 ipsius
2241 3213 2604 3275 essentiam.
2641 3213 2806 3276 Deus
2845 3221 3082 3286 autem,
3117 3233 3317 3296 quum
3356 3213 3496 3276 sine

2000 3311 2348 3375 mutatione
2399 3312 2636 3394 praevia
2679 3319 3001 3395 operetur,
3045 3311 3378 3374 materiam
3427 3319 3497 3375 ut

1996 3419 2093 3474 est
2149 3411 2328 3492 quid,
2381 3419 2446 3473 et
2502 3411 2848 3474 essentiam
2906 3410 3072 3492 ejuS,
3127 3411 3497 3474 immediate

1997 3509 2311 3590 attingere
2357 3517 2584 3591 potest.

2080 3608 2172 3669 Ex
2231 3608 2330 3670 his
2393 3607 2755 3680 innotescit,
2803 3607 2883 3669 ab
2941 3615 3166 3688 agente
3225 3607 3499 3670 naturali

2000 3725 2124 3769 non
2186 3724 2372 3788 posse
2429 3706 2674 3787 aliquid
2733 3708 3017 3768 converti
3081 3707 3142 3767 in
3205 3706 3499 3787 praeexsi—

2000 3812 2192 3868 stenS.
2229 3805 2438 3867 Primo
2482 3805 2769 3887 quidem,
2813 3805 2964 3886 quia
3006 3805 3216 3867 omnis
3259 3813 3498 3868 naturae

1999 3903 2283 3986 operatio
2317 3903 2755 3985 praesupponit
2787 3903 3113 3965 materiam
3148 3921 3263 3984 per
3303 3923 3494 3984 quam

1998 4001 2354 4064 substantia
2413 4001 2870 4074 individuatur,
2931 4020 3132 4082 quum
3191 4020 3306 4082 per
3365 4019 3496 4064 mo-

1998 4109 2133 4162 tum
2197 4108 2432 4163 causet.
2487 4101 2554 4161 In
2605 4107 2782 4161 motu
2829 4107 3042 4162 autem
3092 4118 3355 4162 necesse
3402 4109 3499 4163 est

383 4209 487 4265 est
530 4209 591 4264 et
640 4199 979 4270 illimitata,
1022 4198 1088 4258 in
1133 4197 1385 4259 duobus
1432 4196 1510 4260 ab
1554 4197 1889 4278 agentibus
1920 4201 1969 4263 D
2000 4218 2329 4261 remanere
2371 4198 2919 4260 transmutationis
2963 4197 3327 4278 subjectum
3377 4199 3498 4262 sub

384 4297 789 4363 naturalibus
850 4295 1087 4358 differt.
1142 4296 1285 4377 lpse
1342 4314 1573 4378 nempe
1633 4303 1727 4358 est
1785 4316 1889 4359 na-

386 4409 548 4460 turae
608 4395 937 4459 institutor
989 4411 1003 4456 ε
1057 4394 1327 4475 ideoque
1384 4394 1461 4456 ad
1514 4403 1753 4458 natura}
1805 4396 1889 4457 le-

382 4516 522 4579 363,
573 4513 835 4557 cursum
887 4512 960 4556 ac
1011 4493 1327 4566 ordinem,
1382 4493 1445 4554 in
1496 4493 1741 4574 agendo
1789 4493 1891 4555 de-

386 4595 771 4659 terminatus
820 4611 946 4656 non
998 4599 1117 4654 est.
1165 4591 1371 4654 Prima
1426 4591 1617 4671 igitur
1660 4591 1889 4654 horum

384 4691 761 4756 differentia
831 4691 966 4754 haec
1036 4697 1153 4764 est,
1230 4689 1531 4771 quoniam
1604 4690 1891 4752 naturale

384 4811 584 4872 agens
644 4808 772 4852 non
822 4789 948 4852 nisi
1009 4809 1125 4871 per
1172 4797 1415 4851 motum
1466 4795 1529 4850 et
1580 4796 1891 4851 transmu-

386 4891 700 4953 tationem
758 4889 889 4970 agit
949 4889 1014 4950 in
1080 4887 1356 4968 alicujus
1426 4888 1514 4948 rei
1586 4887 1892 4950 naturalis

388 4989 853 5072 productione;
924 4988 1091 5049 Deus
1160 5004 1333 5058 vem,
1412 4987 1514 5047 cui
1588 4985 1895 5067 competit

388 5089 567 5170 ipsas
597 5105 812 5149 rerum
840 5086 1147 5148 essentias
1187 5085 1559 5167 producere,
1594 5084 1731 5146 sine
1764 5102 1893 5146 mo·

390 5195 464 5250 tu
507 5193 570 5248 et
608 5185 1135 5248 transmutatione
1176 5184 1425 5266 operari
1457 5191 1682 5264 potest.
1718 5183 1893 5257 Quod

390 5287 573 5351 enim
633 5303 839 5347 causae
904 5283 1199 5346 secundae
1265 5301 1379 5364 per
1438 5289 1683 5344 motum
1749 5281 1891 5345 effi-

2001 4305 2270 4378 utroque
2319 4296 2596 4359 termino
2651 4305 2880 4360 motus.
2935 4297 3110 4360 Unde
3170 4297 3501 4360 Commen—

2001 4405 2163 4461 tator
2204 4398 2314 4470 ait,
2357 4396 2527 4478 quod
2572 4396 2739 4458 sicut
2781 4397 3232 4460 transmutatio
3276 4415 3501 4459 secun-

2000 4497 2154 4558 dum
2199 4494 2334 4568 ubi,
2377 4495 2588 4575 arguit
2638 4495 2885 4574 locum;
2927 4495 3019 4557 sic
3061 4495 3502 4558 transmutatio

2001 4594 2356 4656 secundum
2405 4612 2544 4655 esse
2593 4611 2705 4654 seu
2767 4592 3064 4668 formam,
3113 4593 3325 4675 arguit
3371 4612 3502 4656 ma-

2003 4693 2252 4754 teriam.
2297 4693 2555 4772 Propter
2599 4692 2768 4773 quod
2813 4692 3182 4755 Aristoteles
3224 4691 3505 4774 appellat

2006 4791 2334 4853 materiam
2397 4789 2746 4870 ingenitam
2803 4797 2865 4852 et
2925 4789 3500 4872 incorruptibilem.

2005 4889 2162 4950 Hinc
2223 4895 2446 4950 natura
2503 4887 2712 4950 facere
2761 4889 2984 4970 nequit
3043 4896 3112 4951 ut
3167 4889 3302 4951 baec
3360 4888 3506 4950 sub-

2004 4987 2236 5048 stantia
2276 4985 2388 5047 fiat
2430 4985 2560 5058 illa,
2595 4993 2706 5047 aut
2735 4985 2904 5067 quod
2945 4985 3064 5048 hoc
3096 4993 3505 5048 convertatur

2006 5085 2069 5146 in
2123 5084 2184 5145 id
2236 5084 2402 5165 quod
2455 5091 2552 5145 est
2601 5083 3064 5165 praeexsistens.
3118 5085 3380 5158 Rursus,
3434 5085 3500 5147 in

2007 5192 2182 5247 motu
2228 5182 2376 5245 fluit
2413 5183 2657 5265 aliquid
2698 5182 2777 5244 ab
2822 5182 3198 5264 imperfecto
3237 5201 3375 5246 esse
3417 5184 3496 5246 ad

2004 5301 2143 5345 esse
2184 5280 2567 5364 perfectum,
2599 5289 2664 5343 et
2691 5281 2860 5364 quod
2897 5289 2994 5344 est
3037 5283 3317 5366 potentia
3347 5283 3498 5361 tale,
