<?xml version="1.0" encoding="UTF-8"?>
<!DOCTYPE html PUBLIC "-//W3C//DTD XHTML 1.0 Transitional//EN"
    "http://www.w3.org/TR/xhtml1/DTD/xhtml1-transitional.dtd">
<html xmlns="http://www.w3.org/1999/xhtml" xml:lang="en" lang="en">
 <head>
  <title>
</title>
<meta http-equiv="Content-Type" content="text/html;charset=utf-8" />
  <meta name='ocr-system' content='tesseract 3.04.00' />
  <meta name='ocr-capabilities' content='ocr_page ocr_carea ocr_par ocr_line ocrx_word'/>
</head>
<body>
  <div class='ocr_page' id='page_1' title='image "./doctorisecstati05unkngoog_0133.png"; bbox 0 0 4300 6259; ppageno 0'>
   <div class='ocr_carea' id='block_1_1' title="bbox 1002 511 2769 560">
    <p class='ocr_par' dir='ltr' id='par_1_1' title="bbox 1002 511 2769 560">
     <span class='ocr_line' id='line_1_1' title="bbox 1002 511 2769 560; baseline -0.001 0"><span class='ocrx_word' id='word_1_1' title='bbox 1002 512 1425 560; x_wconf 64' lang='lat' dir='ltr'><strong>nmmum</strong></span> <span class='ocrx_word' id='word_1_2' title='bbox 1466 511 1863 559; x_wconf 70' lang='lat' dir='ltr'><strong>mmmmm.</strong></span> <span class='ocrx_word' id='word_1_3' title='bbox 1908 529 1989 540; x_wconf 90' lang='lat'><strong>—</strong></span> <span class='ocrx_word' id='word_1_4' title='bbox 2030 513 2109 558; x_wconf 85' lang='lat' dir='ltr'><strong>DE</strong></span> <span class='ocrx_word' id='word_1_5' title='bbox 2150 512 2270 560; x_wconf 74' lang='grc' dir='ltr'><strong>ΒΕΘ</strong></span> <span class='ocrx_word' id='word_1_6' title='bbox 2311 512 2432 560; x_wconf 83' lang='lat' dir='ltr'><strong>UNO</strong></span> <span class='ocrx_word' id='word_1_7' title='bbox 2475 513 2549 558; x_wconf 82' lang='lat' dir='ltr'><strong>ET</strong></span> <span class='ocrx_word' id='word_1_8' title='bbox 2587 513 2769 560; x_wconf 71' lang='lat' dir='ltr'><strong>‘ramo</strong></span> 
     </span>
    </p>
   </div>
   <div class='ocr_carea' id='block_1_2' title="bbox 3331 493 3446 560">
    <p class='ocr_par' dir='ltr' id='par_1_2' title="bbox 3331 493 3446 560">
     <span class='ocr_line' id='line_1_2' title="bbox 3331 493 3446 560; baseline 0.017 -2"><span class='ocrx_word' id='word_1_9' title='bbox 3331 493 3446 560; x_wconf 74' lang='lat'><strong>117</strong></span> 
     </span>
    </p>
   </div>
   <div class='ocr_carea' id='block_1_3' title="bbox 341 680 3452 766">
    <p class='ocr_par' dir='ltr' id='par_1_3' title="bbox 341 680 3452 766">
     <span class='ocr_line' id='line_1_3' title="bbox 341 680 3452 766; baseline 0.001 -22"><span class='ocrx_word' id='word_1_10' title='bbox 341 680 660 746; x_wconf 84' lang='lat' dir='ltr'><strong>stantialia</strong></span> <span class='ocrx_word' id='word_1_11' title='bbox 690 682 881 758; x_wconf 88' lang='lat' dir='ltr'><strong>bona,</strong></span> <span class='ocrx_word' id='word_1_12' title='bbox 912 702 1025 747; x_wconf 86' lang='lat' dir='ltr'><strong>seu</strong></span> <span class='ocrx_word' id='word_1_13' title='bbox 1054 681 1561 748; x_wconf 70' lang='lat' dir='ltr'><strong>substantialiter</strong></span> <span class='ocrx_word' id='word_1_14' title='bbox 1589 688 1700 745; x_wconf 88' lang='lat' dir='ltr'><strong>aut</strong></span> <span class='ocrx_word' id='word_1_15' title='bbox 1728 700 1843 765; x_wconf 88' lang='lat' dir='ltr'><strong>per</strong></span> <span class='ocrx_word' id='word_1_16' title='bbox 1871 680 1922 744; x_wconf 83' lang='lat' dir='ltr'>A</span> <span class='ocrx_word' id='word_1_17' title='bbox 1953 681 2132 756; x_wconf 88' lang='lat' dir='ltr'><strong>tiam,</strong></span> <span class='ocrx_word' id='word_1_18' title='bbox 2181 689 2372 765; x_wconf 90' lang='lat' dir='ltr'><strong>prout</strong></span> <span class='ocrx_word' id='word_1_19' title='bbox 2417 683 2481 745; x_wconf 90' lang='lat' dir='ltr'><strong>in</strong></span> <span class='ocrx_word' id='word_1_20' title='bbox 2527 701 2594 745; x_wconf 90' lang='lat' dir='ltr'><strong>se</strong></span> <span class='ocrx_word' id='word_1_21' title='bbox 2639 683 2778 766; x_wconf 91' lang='lat' dir='ltr'><strong>ipsa</strong></span> <span class='ocrx_word' id='word_1_22' title='bbox 2805 690 2923 758; x_wconf 88' lang='lat' dir='ltr'><strong>est,</strong></span> <span class='ocrx_word' id='word_1_23' title='bbox 2957 681 3096 747; x_wconf 89' lang='lat' dir='ltr'><strong>sine</strong></span> <span class='ocrx_word' id='word_1_24' title='bbox 3138 682 3314 746; x_wconf 90' lang='lat' dir='ltr'><strong>omni</strong></span> <span class='ocrx_word' id='word_1_25' title='bbox 3355 699 3452 746; x_wconf 92' lang='lat' dir='ltr'><strong>re-</strong></span> 
     </span>
    </p>
   </div>
   <div class='ocr_carea' id='block_1_4' title="bbox 340 781 1847 1844">
    <p class='ocr_par' dir='ltr' id='par_1_4' title="bbox 340 781 1847 1844">
     <span class='ocr_line' id='line_1_4' title="bbox 340 781 1839 863; baseline -0.002 -19"><span class='ocrx_word' id='word_1_26' title='bbox 340 781 683 846; x_wconf 85' lang='lat' dir='ltr'><strong>essentiam</strong></span> <span class='ocrx_word' id='word_1_27' title='bbox 722 781 926 847; x_wconf 76' lang='lat' dir='ltr'><strong>bonae.</strong></span> <span class='ocrx_word' id='word_1_28' title='bbox 974 782 1225 846; x_wconf 78' lang='lat' dir='ltr'><strong>Etenim</strong></span> <span class='ocrx_word' id='word_1_29' title='bbox 1268 799 1459 846; x_wconf 90' lang='lat' dir='ltr'><strong>omne</strong></span> <span class='ocrx_word' id='word_1_30' title='bbox 1504 782 1671 863; x_wconf 87' lang='lat' dir='ltr'><strong>quod</strong></span> <span class='ocrx_word' id='word_1_31' title='bbox 1720 787 1839 850; x_wconf 91' lang='lat' dir='ltr'><strong>est,</strong></span> 
     </span>
     <span class='ocr_line' id='line_1_5' title="bbox 343 877 1845 962; baseline -0.001 -21"><span class='ocrx_word' id='word_1_32' title='bbox 343 877 405 941; x_wconf 91' lang='lat' dir='ltr'><strong>in</strong></span> <span class='ocrx_word' id='word_1_33' title='bbox 446 897 525 943; x_wconf 92' lang='lat' dir='ltr'><strong>eo</strong></span> <span class='ocrx_word' id='word_1_34' title='bbox 560 881 739 961; x_wconf 89' lang='lat' dir='ltr'><strong>quod</strong></span> <span class='ocrx_word' id='word_1_35' title='bbox 782 887 899 953; x_wconf 84' lang='lat' dir='ltr'><strong>est,</strong></span> <span class='ocrx_word' id='word_1_36' title='bbox 944 899 1059 944; x_wconf 87' lang='lat' dir='ltr'><strong>seu</strong></span> <span class='ocrx_word' id='word_1_37' title='bbox 1098 898 1175 942; x_wconf 93' lang='lat' dir='ltr'><strong>eo</strong></span> <span class='ocrx_word' id='word_1_38' title='bbox 1218 880 1361 962; x_wconf 92' lang='lat' dir='ltr'><strong>ipso</strong></span> <span class='ocrx_word' id='word_1_39' title='bbox 1403 897 1532 962; x_wconf 91' lang='lat' dir='ltr'><strong>quo</strong></span> <span class='ocrx_word' id='word_1_40' title='bbox 1574 887 1690 950; x_wconf 88' lang='lat' dir='ltr'><strong>est,</strong></span> <span class='ocrx_word' id='word_1_41' title='bbox 1734 877 1845 940; x_wconf 95' lang='lat' dir='ltr'><strong>bo-</strong></span> 
     </span>
     <span class='ocr_line' id='line_1_6' title="bbox 342 977 1843 1060; baseline -0.002 -21"><span class='ocrx_word' id='word_1_42' title='bbox 342 995 495 1040; x_wconf 90' lang='lat' dir='ltr'><strong>num</strong></span> <span class='ocrx_word' id='word_1_43' title='bbox 552 984 673 1052; x_wconf 87' lang='lat' dir='ltr'><strong>est,</strong></span> <span class='ocrx_word' id='word_1_44' title='bbox 722 997 925 1060; x_wconf 88' lang='lat' dir='ltr'><strong>quum</strong></span> <span class='ocrx_word' id='word_1_45' title='bbox 987 977 1231 1040; x_wconf 88' lang='lat' dir='ltr'><strong>bonum</strong></span> <span class='ocrx_word' id='word_1_46' title='bbox 1292 983 1357 1040; x_wconf 87' lang='lat' dir='ltr'><strong>et</strong></span> <span class='ocrx_word' id='word_1_47' title='bbox 1412 996 1527 1041; x_wconf 89' lang='lat' dir='ltr'><strong>ens</strong></span> <span class='ocrx_word' id='word_1_48' title='bbox 1584 993 1843 1038; x_wconf 89' lang='lat' dir='ltr'><strong>conver·</strong></span> 
     </span>
     <span class='ocr_line' id='line_1_7' title="bbox 340 1072 1843 1157; baseline -0.003 -19"><span class='ocrx_word' id='word_1_49' title='bbox 340 1083 577 1150; x_wconf 88' lang='lat' dir='ltr'><strong>tantur,</strong></span> <span class='ocrx_word' id='word_1_50' title='bbox 630 1082 696 1138; x_wconf 92' lang='lat' dir='ltr'><strong>et</strong></span> <span class='ocrx_word' id='word_1_51' title='bbox 745 1076 977 1139; x_wconf 88' lang='lat' dir='ltr'><strong>entitas</strong></span> <span class='ocrx_word' id='word_1_52' title='bbox 1026 1075 1117 1139; x_wconf 91' lang='lat' dir='ltr'><strong>rei</strong></span> <span class='ocrx_word' id='word_1_53' title='bbox 1174 1094 1249 1138; x_wconf 89' lang='lat' dir='ltr'><strong>ac</strong></span> <span class='ocrx_word' id='word_1_54' title='bbox 1306 1093 1447 1138; x_wconf 89' lang='lat' dir='ltr'><strong>esse</strong></span> <span class='ocrx_word' id='word_1_55' title='bbox 1504 1073 1705 1157; x_wconf 89' lang='lat' dir='ltr'><strong>ipsius</strong></span> <span class='ocrx_word' id='word_1_56' title='bbox 1760 1072 1843 1136; x_wconf 89' lang='lat' dir='ltr'><strong>sit</strong></span> 
     </span>
     <span class='ocr_line' id='line_1_8' title="bbox 342 1171 1841 1256; baseline -0.003 -20"><span class='ocrx_word' id='word_1_57' title='bbox 342 1171 591 1237; x_wconf 87' lang='lat' dir='ltr'><strong>bonitas</strong></span> <span class='ocrx_word' id='word_1_58' title='bbox 646 1174 813 1256; x_wconf 85' lang='lat' dir='ltr'><strong>ejus,</strong></span> <span class='ocrx_word' id='word_1_59' title='bbox 868 1193 943 1236; x_wconf 93' lang='lat' dir='ltr'><strong>ac</strong></span> <span class='ocrx_word' id='word_1_60' title='bbox 1000 1172 1251 1238; x_wconf 85' lang='lat' dir='ltr'><strong>bonitas</strong></span> <span class='ocrx_word' id='word_1_61' title='bbox 1307 1171 1599 1255; x_wconf 80' lang='lat' dir='ltr'><strong>quaedam</strong></span> <span class='ocrx_word' id='word_1_62' title='bbox 1648 1172 1713 1234; x_wconf 91' lang='lat' dir='ltr'><strong>in</strong></span> <span class='ocrx_word' id='word_1_63' title='bbox 1774 1189 1841 1232; x_wconf 89' lang='lat' dir='ltr'><strong>se</strong></span> 
     </span>
     <span class='ocr_line' id='line_1_9' title="bbox 342 1270 1844 1356; baseline -0.001 -22"><span class='ocrx_word' id='word_1_64' title='bbox 342 1270 697 1336; x_wconf 75' lang='lat' dir='ltr'><strong>formaliter</strong></span> <span class='ocrx_word' id='word_1_65' title='bbox 744 1272 1157 1336; x_wconf 89' lang='lat' dir='ltr'><strong>considerata.</strong></span> <span class='ocrx_word' id='word_1_66' title='bbox 1205 1272 1299 1334; x_wconf 84' lang='lat' dir='ltr'><strong>Ad</strong></span> <span class='ocrx_word' id='word_1_67' title='bbox 1342 1271 1513 1354; x_wconf 88' lang='lat' dir='ltr'><strong>quod</strong></span> <span class='ocrx_word' id='word_1_68' title='bbox 1544 1271 1686 1356; x_wconf 87' lang='lat' dir='ltr'><strong>jam</strong></span> <span class='ocrx_word' id='word_1_69' title='bbox 1740 1289 1844 1352; x_wconf 84' lang='lat' dir='ltr'><strong>pa-</strong></span> 
     </span>
     <span class='ocr_line' id='line_1_10' title="bbox 344 1368 1845 1455; baseline -0.001 -23"><span class='ocrx_word' id='word_1_70' title='bbox 344 1377 431 1432; x_wconf 88' lang='lat' dir='ltr'><strong>tet</strong></span> <span class='ocrx_word' id='word_1_71' title='bbox 459 1369 715 1434; x_wconf 92' lang='lat' dir='ltr'><strong>solutio.</strong></span> <span class='ocrx_word' id='word_1_72' title='bbox 750 1371 922 1434; x_wconf 88' lang='lat' dir='ltr'><strong>Bona</strong></span> <span class='ocrx_word' id='word_1_73' title='bbox 951 1371 1193 1455; x_wconf 85' lang='lat' dir='ltr'><strong>quippe</strong></span> <span class='ocrx_word' id='word_1_74' title='bbox 1225 1377 1457 1443; x_wconf 90' lang='lat' dir='ltr'><strong>creata,</strong></span> <span class='ocrx_word' id='word_1_75' title='bbox 1489 1377 1639 1432; x_wconf 87' lang='lat' dir='ltr'><strong>sunt</strong></span> <span class='ocrx_word' id='word_1_76' title='bbox 1678 1368 1845 1431; x_wconf 92' lang='lat' dir='ltr'><strong>bona</strong></span> 
     </span>
     <span class='ocr_line' id='line_1_11' title="bbox 344 1466 1843 1550; baseline 0 -22"><span class='ocrx_word' id='word_1_77' title='bbox 344 1487 455 1550; x_wconf 88' lang='lat' dir='ltr'><strong>per</strong></span> <span class='ocrx_word' id='word_1_78' title='bbox 504 1467 1061 1550; x_wconf 74' lang='lat' dir='ltr'><strong>participationem</strong></span> <span class='ocrx_word' id='word_1_79' title='bbox 1105 1475 1171 1531; x_wconf 89' lang='lat' dir='ltr'><strong>et</strong></span> <span class='ocrx_word' id='word_1_80' title='bbox 1210 1466 1509 1531; x_wconf 77' lang='lat' dir='ltr'><strong>effective</strong></span> <span class='ocrx_word' id='word_1_81' title='bbox 1552 1486 1629 1529; x_wconf 89' lang='lat' dir='ltr'><strong>ex</strong></span> <span class='ocrx_word' id='word_1_82' title='bbox 1674 1467 1843 1545; x_wconf 86' lang='lat' dir='ltr'><strong>Deo;</strong></span> 
     </span>
     <span class='ocr_line' id='line_1_12' title="bbox 342 1564 1845 1647; baseline 0 -21"><span class='ocrx_word' id='word_1_83' title='bbox 342 1564 700 1629; x_wconf 77' lang='lat' dir='ltr'><strong>formaliter</strong></span> <span class='ocrx_word' id='word_1_84' title='bbox 736 1572 975 1640; x_wconf 89' lang='lat' dir='ltr'><strong>tamen,</strong></span> <span class='ocrx_word' id='word_1_85' title='bbox 1024 1565 1145 1629; x_wconf 89' lang='lat' dir='ltr'><strong>hoc</strong></span> <span class='ocrx_word' id='word_1_86' title='bbox 1186 1573 1283 1628; x_wconf 88' lang='lat' dir='ltr'><strong>est</strong></span> <span class='ocrx_word' id='word_1_87' title='bbox 1326 1584 1403 1629; x_wconf 88' lang='lat' dir='ltr'><strong>ex</strong></span> <span class='ocrx_word' id='word_1_88' title='bbox 1450 1565 1709 1647; x_wconf 89' lang='lat' dir='ltr'><strong>propria</strong></span> <span class='ocrx_word' id='word_1_89' title='bbox 1752 1582 1845 1626; x_wconf 88' lang='lat' dir='ltr'><strong>ra-</strong></span> 
     </span>
     <span class='ocr_line' id='line_1_13' title="bbox 344 1661 1845 1745; baseline -0.001 -20"><span class='ocrx_word' id='word_1_90' title='bbox 344 1661 513 1725; x_wconf 89' lang='lat' dir='ltr'><strong>tione</strong></span> <span class='ocrx_word' id='word_1_91' title='bbox 560 1671 625 1725; x_wconf 90' lang='lat' dir='ltr'><strong>et</strong></span> <span class='ocrx_word' id='word_1_92' title='bbox 672 1663 911 1745; x_wconf 84' lang='lat' dir='ltr'><strong>specie,</strong></span> <span class='ocrx_word' id='word_1_93' title='bbox 952 1663 1122 1726; x_wconf 90' lang='lat' dir='ltr'><strong>bona</strong></span> <span class='ocrx_word' id='word_1_94' title='bbox 1166 1670 1359 1742; x_wconf 81' lang='lat' dir='ltr'><strong>sunt3</strong></span> <span class='ocrx_word' id='word_1_95' title='bbox 1402 1669 1845 1726; x_wconf 87' lang='lat' dir='ltr'><strong>verumtamen</strong></span> 
     </span>
     <span class='ocr_line' id='line_1_14' title="bbox 342 1759 1847 1844; baseline -0.001 -22"><span class='ocrx_word' id='word_1_96' title='bbox 342 1777 467 1823; x_wconf 90' lang='lat' dir='ltr'><strong>non</strong></span> <span class='ocrx_word' id='word_1_97' title='bbox 520 1761 640 1835; x_wconf 89' lang='lat' dir='ltr'><strong>sic,</strong></span> <span class='ocrx_word' id='word_1_98' title='bbox 685 1762 845 1843; x_wconf 92' lang='lat' dir='ltr'><strong>quin</strong></span> <span class='ocrx_word' id='word_1_99' title='bbox 894 1779 972 1824; x_wconf 89' lang='lat' dir='ltr'><strong>ex</strong></span> <span class='ocrx_word' id='word_1_100' title='bbox 1020 1761 1333 1825; x_wconf 88' lang='lat' dir='ltr'><strong>Creatoris</strong></span> <span class='ocrx_word' id='word_1_101' title='bbox 1380 1759 1741 1844; x_wconf 88' lang='lat' dir='ltr'><strong>sapientiali</strong></span> <span class='ocrx_word' id='word_1_102' title='bbox 1785 1767 1847 1823; x_wconf 90' lang='lat' dir='ltr'><strong>et</strong></span> 
     </span>
    </p>
   </div>
   <div class='ocr_carea' id='block_1_5' title="bbox 1953 780 3744 1745">
    <p class='ocr_par' dir='ltr' id='par_1_5' title="bbox 1953 780 3744 1745">
     <span class='ocr_line' id='line_1_15' title="bbox 1954 780 3455 863; baseline -0.001 -21"><span class='ocrx_word' id='word_1_103' title='bbox 1954 789 2178 863; x_wconf 89' lang='lat' dir='ltr'><strong>spectu</strong></span> <span class='ocrx_word' id='word_1_104' title='bbox 2221 787 2284 842; x_wconf 92' lang='lat' dir='ltr'><strong>et</strong></span> <span class='ocrx_word' id='word_1_105' title='bbox 2327 780 2702 845; x_wconf 86' lang='lat' dir='ltr'><strong>habitudine</strong></span> <span class='ocrx_word' id='word_1_106' title='bbox 2744 783 2822 844; x_wconf 92' lang='lat' dir='ltr'><strong>ad</strong></span> <span class='ocrx_word' id='word_1_107' title='bbox 2871 788 3120 860; x_wconf 82' lang='lat' dir='ltr'><strong>creata3</strong></span> <span class='ocrx_word' id='word_1_108' title='bbox 3150 788 3342 863; x_wconf 91' lang='lat' dir='ltr'><strong>atque</strong></span> <span class='ocrx_word' id='word_1_109' title='bbox 3385 787 3455 841; x_wconf 92' lang='lat' dir='ltr'><strong>ut</strong></span> 
     </span>
     <span class='ocr_line' id='line_1_16' title="bbox 1953 878 3457 962; baseline 0 -20"><span class='ocrx_word' id='word_1_110' title='bbox 1953 878 2063 942; x_wconf 88' lang='lat' dir='ltr'><strong>alii</strong></span> <span class='ocrx_word' id='word_1_111' title='bbox 2121 886 2576 954; x_wconf 89' lang='lat' dir='ltr'><strong>contestantur,</strong></span> <span class='ocrx_word' id='word_1_112' title='bbox 2637 879 2962 962; x_wconf 88' lang='lat' dir='ltr'><strong>significat</strong></span> <span class='ocrx_word' id='word_1_113' title='bbox 3017 879 3302 942; x_wconf 85' lang='lat' dir='ltr'><strong>divinam</strong></span> <span class='ocrx_word' id='word_1_114' title='bbox 3358 897 3457 942; x_wconf 89' lang='lat' dir='ltr'><strong>es-</strong></span> 
     </span>
     <span class='ocr_line' id='line_1_17' title="bbox 1954 975 3456 1051; baseline 0 -13"><span class='ocrx_word' id='word_1_115' title='bbox 1954 977 2226 1039; x_wconf 81' lang='lat' dir='ltr'><strong>sentiam</strong></span> <span class='ocrx_word' id='word_1_116' title='bbox 2275 984 2343 1039; x_wconf 90' lang='lat' dir='ltr'><strong>ut</strong></span> <span class='ocrx_word' id='word_1_117' title='bbox 2385 977 3086 1051; x_wconf 83' lang='lat' dir='ltr'><strong>incommunicabilem,</strong></span> <span class='ocrx_word' id='word_1_118' title='bbox 3121 977 3184 1039; x_wconf 93' lang='lat' dir='ltr'><strong>id</strong></span> <span class='ocrx_word' id='word_1_119' title='bbox 3213 984 3311 1040; x_wconf 89' lang='lat' dir='ltr'><strong>est</strong></span> <span class='ocrx_word' id='word_1_120' title='bbox 3341 975 3456 1038; x_wconf 92' lang='lat' dir='ltr'><strong>im-</strong></span> 
     </span>
     <span class='ocr_line' id='line_1_18' title="bbox 1954 1075 3456 1158; baseline -0.001 -20"><span class='ocrx_word' id='word_1_121' title='bbox 1954 1075 2480 1158; x_wconf 87' lang='lat' dir='ltr'><strong>plurificabilem,</strong></span> <span class='ocrx_word' id='word_1_122' title='bbox 2540 1084 2604 1138; x_wconf 92' lang='lat' dir='ltr'><strong>et</strong></span> <span class='ocrx_word' id='word_1_123' title='bbox 2661 1084 2732 1138; x_wconf 89' lang='lat' dir='ltr'><strong>ut</strong></span> <span class='ocrx_word' id='word_1_124' title='bbox 2788 1076 2908 1140; x_wconf 86' lang='lat' dir='ltr'><strong>fari</strong></span> <span class='ocrx_word' id='word_1_125' title='bbox 2964 1077 3058 1139; x_wconf 93' lang='lat' dir='ltr'><strong>sic</strong></span> <span class='ocrx_word' id='word_1_126' title='bbox 3116 1076 3323 1149; x_wconf 93' lang='lat' dir='ltr'><strong>liceat,</strong></span> <span class='ocrx_word' id='word_1_127' title='bbox 3385 1081 3456 1136; x_wconf 87' lang='lat' dir='ltr'><strong>ut</strong></span> 
     </span>
     <span class='ocr_line' id='line_1_19' title="bbox 1956 1171 3458 1256; baseline 0.001 -22"><span class='ocrx_word' id='word_1_128' title='bbox 1956 1174 2324 1236; x_wconf 88' lang='lat' dir='ltr'><strong>omnimode</strong></span> <span class='ocrx_word' id='word_1_129' title='bbox 2367 1173 2776 1254; x_wconf 76' lang='lat' dir='ltr'><strong>singularem.</strong></span> <span class='ocrx_word' id='word_1_130' title='bbox 2820 1175 3130 1256; x_wconf 90' lang='lat' dir='ltr'><strong>Denique,</strong></span> <span class='ocrx_word' id='word_1_131' title='bbox 3161 1192 3356 1256; x_wconf 89' lang='lat' dir='ltr'><strong>super</strong></span> <span class='ocrx_word' id='word_1_132' title='bbox 3385 1171 3458 1235; x_wconf 88' lang='lat' dir='ltr'><strong>il·</strong></span> 
     </span>
     <span class='ocr_line' id='line_1_20' title="bbox 1958 1269 3744 1345; baseline 0 -13"><span class='ocrx_word' id='word_1_133' title='bbox 1958 1269 2065 1333; x_wconf 91' lang='lat' dir='ltr'><strong>lud</strong></span> <span class='ocrx_word' id='word_1_134' title='bbox 2107 1270 2305 1334; x_wconf 83' lang='lat' dir='ltr'><strong>Exodi</strong></span> <span class='ocrx_word' id='word_1_135' title='bbox 2349 1278 2548 1345; x_wconf 88' lang='lat' dir='ltr'><strong>sexto,</strong></span> <span class='ocrx_word' id='word_1_136' title='bbox 2581 1271 2854 1335; x_wconf 90' lang='lat' dir='ltr'><strong>Locutus</strong></span> <span class='ocrx_word' id='word_1_137' title='bbox 2892 1280 2990 1336; x_wconf 88' lang='lat' dir='ltr'><strong>est</strong></span> <span class='ocrx_word' id='word_1_138' title='bbox 3027 1271 3336 1335; x_wconf 89' lang='lat' dir='ltr'><strong>Dominus</strong></span> <span class='ocrx_word' id='word_1_139' title='bbox 3371 1270 3451 1333; x_wconf 93' lang='lat' dir='ltr'><strong>ad</strong></span> <span class='ocrx_word' id='word_1_140' title='bbox 3507 1285 3653 1332; x_wconf 65' lang='lat' dir='ltr'><strong>Em.</strong></span> <span class='ocrx_word' id='word_1_141' title='bbox 3685 1303 3744 1342; x_wconf 66' lang='lat' dir='ltr'><strong>w,</strong></span> 
     </span>
     <span class='ocr_line' id='line_1_21' title="bbox 1956 1352 3586 1453; baseline -0.001 -19"><span class='ocrx_word' id='word_1_142' title='bbox 1956 1369 2210 1453; x_wconf 75' lang='lat' dir='ltr'><strong>Moysen</strong></span> <span class='ocrx_word' id='word_1_143' title='bbox 2269 1371 2488 1434; x_wconf 89' lang='lat' dir='ltr'><strong>dicens</strong></span> <span class='ocrx_word' id='word_1_144' title='bbox 2551 1389 2564 1432; x_wconf 92' lang='lat'><strong>:</strong></span> <span class='ocrx_word' id='word_1_145' title='bbox 2629 1371 2758 1452; x_wconf 87' lang='lat' dir='ltr'><strong>Ego</strong></span> <span class='ocrx_word' id='word_1_146' title='bbox 2813 1389 2958 1434; x_wconf 91' lang='lat' dir='ltr'><strong>sum</strong></span> <span class='ocrx_word' id='word_1_147' title='bbox 3015 1370 3125 1452; x_wconf 89' lang='lat' dir='ltr'><strong>qui</strong></span> <span class='ocrx_word' id='word_1_148' title='bbox 3183 1352 3586 1452; x_wconf 78' lang='lat' dir='ltr'><strong>apparui²&#39;³·</strong></span> 
     </span>
     <span class='ocr_line' id='line_1_22' title="bbox 1956 1468 3450 1543; baseline -0.003 -11"><span class='ocrx_word' id='word_1_149' title='bbox 1956 1468 2298 1543; x_wconf 86' lang='lat' dir='ltr'><strong>Abraham,</strong></span> <span class='ocrx_word' id='word_1_150' title='bbox 2331 1469 2502 1532; x_wconf 85' lang='lat' dir='ltr'><strong>Isaac</strong></span> <span class='ocrx_word' id='word_1_151' title='bbox 2532 1477 2594 1532; x_wconf 88' lang='lat' dir='ltr'><strong>et</strong></span> <span class='ocrx_word' id='word_1_152' title='bbox 2619 1468 2832 1541; x_wconf 84' lang='lat' dir='ltr'><strong>Jacob,</strong></span> <span class='ocrx_word' id='word_1_153' title='bbox 2866 1475 2930 1532; x_wconf 92' lang='lat' dir='ltr'><strong>et</strong></span> <span class='ocrx_word' id='word_1_154' title='bbox 2959 1485 3194 1532; x_wconf 90' lang='lat' dir='ltr'><strong>nomen</strong></span> <span class='ocrx_word' id='word_1_155' title='bbox 3235 1485 3450 1530; x_wconf 90' lang='lat' dir='ltr'><strong>meum</strong></span> 
     </span>
     <span class='ocr_line' id='line_1_23' title="bbox 1958 1565 3454 1648; baseline -0.001 -18"><span class='ocrx_word' id='word_1_156' title='bbox 1958 1566 2200 1630; x_wconf 83' lang='lat' dir='ltr'><strong>Adonai</strong></span> <span class='ocrx_word' id='word_1_157' title='bbox 2249 1584 2376 1629; x_wconf 89' lang='lat' dir='ltr'><strong>non</strong></span> <span class='ocrx_word' id='word_1_158' title='bbox 2427 1567 2705 1630; x_wconf 88' lang='lat' dir='ltr'><strong>indicavi</strong></span> <span class='ocrx_word' id='word_1_159' title='bbox 2755 1567 2894 1644; x_wconf 90' lang='lat' dir='ltr'><strong>eis;</strong></span> <span class='ocrx_word' id='word_1_160' title='bbox 2935 1566 3162 1629; x_wconf 90' lang='lat' dir='ltr'><strong>dicunt</strong></span> <span class='ocrx_word' id='word_1_161' title='bbox 3205 1565 3454 1648; x_wconf 88' lang='lat' dir='ltr'><strong>exposi-</strong></span> 
     </span>
     <span class='ocr_line' id='line_1_24' title="bbox 1958 1662 3458 1745; baseline 0 -19"><span class='ocrx_word' id='word_1_162' title='bbox 1958 1671 2149 1738; x_wconf 80' lang='lat' dir='ltr'><strong>toreS,</strong></span> <span class='ocrx_word' id='word_1_163' title='bbox 2203 1665 2373 1745; x_wconf 92' lang='lat' dir='ltr'><strong>quod</strong></span> <span class='ocrx_word' id='word_1_164' title='bbox 2426 1665 2666 1727; x_wconf 81' lang='lat' dir='ltr'><strong>Adonai</strong></span> <span class='ocrx_word' id='word_1_165' title='bbox 2725 1670 2899 1727; x_wconf 88' lang='lat' dir='ltr'><strong>notat</strong></span> <span class='ocrx_word' id='word_1_166' title='bbox 2947 1662 3307 1727; x_wconf 87' lang='lat' dir='ltr'><strong>universale</strong></span> <span class='ocrx_word' id='word_1_167' title='bbox 3351 1663 3458 1726; x_wconf 88' lang='lat' dir='ltr'><strong>do-</strong></span> 
     </span>
    </p>
   </div>
   <div class='ocr_carea' id='block_1_6' title="bbox 1962 1761 3458 1843">
    <p class='ocr_par' dir='ltr' id='par_1_6' title="bbox 1962 1761 3458 1843">
     <span class='ocr_line' id='line_1_25' title="bbox 1962 1761 3458 1843; baseline -0.001 -19"><span class='ocrx_word' id='word_1_168' title='bbox 1962 1761 2258 1834; x_wconf 88' lang='lat' dir='ltr'><strong>minium,</strong></span> <span class='ocrx_word' id='word_1_169' title='bbox 2292 1769 2356 1825; x_wconf 92' lang='lat' dir='ltr'><strong>et</strong></span> <span class='ocrx_word' id='word_1_170' title='bbox 2385 1761 2858 1843; x_wconf 87' lang='lat' dir='ltr'><strong>interpretatur,</strong></span> <span class='ocrx_word' id='word_1_171' title='bbox 2881 1761 3172 1824; x_wconf 91' lang='lat' dir='ltr'><strong>omnium</strong></span> <span class='ocrx_word' id='word_1_172' title='bbox 3202 1761 3458 1824; x_wconf 88' lang='lat' dir='ltr'><strong>univer-</strong></span> 
     </span>
    </p>
   </div>
   <div class='ocr_carea' id='block_1_7' title="bbox 343 1854 3458 1943">
    <p class='ocr_par' dir='ltr' id='par_1_7' title="bbox 343 1854 3458 1943">
     <span class='ocr_line' id='line_1_26' title="bbox 343 1854 3458 1943; baseline 0 -24"><span class='ocrx_word' id='word_1_173' title='bbox 343 1857 640 1940; x_wconf 88' lang='lat' dir='ltr'><strong>originali</strong></span> <span class='ocrx_word' id='word_1_174' title='bbox 700 1859 1101 1922; x_wconf 88' lang='lat' dir='ltr'><strong>institutione</strong></span> <span class='ocrx_word' id='word_1_175' title='bbox 1166 1859 1550 1942; x_wconf 89' lang='lat' dir='ltr'><strong>simpliciter</strong></span> <span class='ocrx_word' id='word_1_176' title='bbox 1614 1856 1845 1940; x_wconf 91' lang='lat' dir='ltr'><strong>prima,</strong></span> <span class='ocrx_word' id='word_1_177' title='bbox 1883 1854 1932 1916; x_wconf 92' lang='lat' dir='ltr'><strong>B</strong></span> <span class='ocrx_word' id='word_1_178' title='bbox 1960 1859 2180 1922; x_wconf 88' lang='lat' dir='ltr'><strong>saliter</strong></span> <span class='ocrx_word' id='word_1_179' title='bbox 2209 1860 2394 1922; x_wconf 89' lang='lat' dir='ltr'><strong>Deus.</strong></span> <span class='ocrx_word' id='word_1_180' title='bbox 2425 1861 2656 1942; x_wconf 87' lang='lat' dir='ltr'><strong>Sicque</strong></span> <span class='ocrx_word' id='word_1_181' title='bbox 2687 1860 2804 1922; x_wconf 91' lang='lat' dir='ltr'><strong>soli</strong></span> <span class='ocrx_word' id='word_1_182' title='bbox 2837 1859 3136 1924; x_wconf 90' lang='lat' dir='ltr'><strong>convenit</strong></span> <span class='ocrx_word' id='word_1_183' title='bbox 3165 1859 3312 1933; x_wconf 91' lang='lat' dir='ltr'><strong>Deo,</strong></span> <span class='ocrx_word' id='word_1_184' title='bbox 3345 1858 3458 1943; x_wconf 93' lang='lat' dir='ltr'><strong>qui</strong></span> 
     </span>
    </p>
   </div>
   <div class='ocr_carea' id='block_1_8' title="bbox 342 1955 1854 3018">
    <p class='ocr_par' dir='ltr' id='par_1_8' title="bbox 342 1955 1854 3018">
     <span class='ocr_line' id='line_1_27' title="bbox 342 1955 1851 2039; baseline -0.001 -20"><span class='ocrx_word' id='word_1_185' title='bbox 342 1957 459 2020; x_wconf 87' lang='lat' dir='ltr'><strong>hoc</strong></span> <span class='ocrx_word' id='word_1_186' title='bbox 486 1957 712 2039; x_wconf 80' lang='lat' dir='ltr'><strong>ipsum</strong></span> <span class='ocrx_word' id='word_1_187' title='bbox 742 1956 837 2020; x_wconf 90' lang='lat' dir='ltr'><strong>eis</strong></span> <span class='ocrx_word' id='word_1_188' title='bbox 868 1957 1223 2021; x_wconf 82' lang='lat' dir='ltr'><strong>conveniat.</strong></span> <span class='ocrx_word' id='word_1_189' title='bbox 1258 1958 1473 2039; x_wconf 89' lang='lat' dir='ltr'><strong>ltaque</strong></span> <span class='ocrx_word' id='word_1_190' title='bbox 1514 1955 1681 2020; x_wconf 88' lang='lat' dir='ltr'><strong>bona</strong></span> <span class='ocrx_word' id='word_1_191' title='bbox 1716 1973 1851 2019; x_wconf 87' lang='lat' dir='ltr'><strong>cre-</strong></span> 
     </span>
     <span class='ocr_line' id='line_1_28' title="bbox 342 2054 1851 2136; baseline -0.001 -19"><span class='ocrx_word' id='word_1_192' title='bbox 342 2063 441 2118; x_wconf 88' lang='lat' dir='ltr'><strong>ata</strong></span> <span class='ocrx_word' id='word_1_193' title='bbox 482 2072 617 2118; x_wconf 89' lang='lat' dir='ltr'><strong>non</strong></span> <span class='ocrx_word' id='word_1_194' title='bbox 664 2063 814 2119; x_wconf 89' lang='lat' dir='ltr'><strong>sunt</strong></span> <span class='ocrx_word' id='word_1_195' title='bbox 863 2055 1307 2119; x_wconf 85' lang='lat' dir='ltr'><strong>substantialia</strong></span> <span class='ocrx_word' id='word_1_196' title='bbox 1348 2054 1537 2128; x_wconf 90' lang='lat' dir='ltr'><strong>bona,</strong></span> <span class='ocrx_word' id='word_1_197' title='bbox 1580 2061 1691 2117; x_wconf 91' lang='lat' dir='ltr'><strong>aut</strong></span> <span class='ocrx_word' id='word_1_198' title='bbox 1737 2071 1851 2136; x_wconf 90' lang='lat' dir='ltr'><strong>per</strong></span> 
     </span>
     <span class='ocr_line' id='line_1_29' title="bbox 343 2151 1851 2224; baseline -0.001 -10"><span class='ocrx_word' id='word_1_199' title='bbox 343 2153 690 2216; x_wconf 86' lang='lat' dir='ltr'><strong>essentiam</strong></span> <span class='ocrx_word' id='word_1_200' title='bbox 730 2173 847 2216; x_wconf 91' lang='lat' dir='ltr'><strong>seu</strong></span> <span class='ocrx_word' id='word_1_201' title='bbox 887 2153 1393 2216; x_wconf 87' lang='lat' dir='ltr'><strong>substantialiter</strong></span> <span class='ocrx_word' id='word_1_202' title='bbox 1430 2153 1617 2224; x_wconf 89' lang='lat' dir='ltr'><strong>bona,</strong></span> <span class='ocrx_word' id='word_1_203' title='bbox 1652 2151 1713 2214; x_wconf 88' lang='lat' dir='ltr'><strong>id</strong></span> <span class='ocrx_word' id='word_1_204' title='bbox 1754 2159 1851 2214; x_wconf 91' lang='lat' dir='ltr'><strong>est</strong></span> 
     </span>
     <span class='ocr_line' id='line_1_30' title="bbox 342 2248 1853 2334; baseline -0.003 -20"><span class='ocrx_word' id='word_1_205' title='bbox 342 2249 507 2314; x_wconf 85' lang='lat' dir='ltr'><strong>bona</strong></span> <span class='ocrx_word' id='word_1_206' title='bbox 574 2251 1061 2334; x_wconf 83' lang='lat' dir='ltr'><strong>imparticipata.</strong></span> <span class='ocrx_word' id='word_1_207' title='bbox 1114 2250 1329 2314; x_wconf 84' lang='lat' dir='ltr'><strong>Nihilo</strong></span> <span class='ocrx_word' id='word_1_208' title='bbox 1378 2250 1593 2312; x_wconf 89' lang='lat' dir='ltr'><strong>minus</strong></span> <span class='ocrx_word' id='word_1_209' title='bbox 1652 2248 1853 2312; x_wconf 87' lang='lat' dir='ltr'><strong>multa</strong></span> 
     </span>
     <span class='ocr_line' id='line_1_31' title="bbox 344 2346 1853 2422; baseline -0.001 -12"><span class='ocrx_word' id='word_1_210' title='bbox 344 2355 580 2422; x_wconf 87' lang='lat' dir='ltr'><strong>creata,</strong></span> <span class='ocrx_word' id='word_1_211' title='bbox 604 2357 755 2410; x_wconf 88' lang='lat' dir='ltr'><strong>sunt</strong></span> <span class='ocrx_word' id='word_1_212' title='bbox 784 2347 1225 2412; x_wconf 83' lang='lat' dir='ltr'><strong>substantialia</strong></span> <span class='ocrx_word' id='word_1_213' title='bbox 1256 2347 1443 2421; x_wconf 90' lang='lat' dir='ltr'><strong>bona,</strong></span> <span class='ocrx_word' id='word_1_214' title='bbox 1466 2347 1529 2410; x_wconf 92' lang='lat' dir='ltr'><strong>id</strong></span> <span class='ocrx_word' id='word_1_215' title='bbox 1560 2354 1657 2410; x_wconf 88' lang='lat' dir='ltr'><strong>est</strong></span> <span class='ocrx_word' id='word_1_216' title='bbox 1686 2346 1853 2410; x_wconf 90' lang='lat' dir='ltr'><strong>bona</strong></span> 
     </span>
     <span class='ocr_line' id='line_1_32' title="bbox 344 2445 1849 2528; baseline -0.001 -20"><span class='ocrx_word' id='word_1_217' title='bbox 344 2465 482 2528; x_wconf 79' lang='lat' dir='ltr'><strong>quae</strong></span> <span class='ocrx_word' id='word_1_218' title='bbox 534 2452 691 2508; x_wconf 90' lang='lat' dir='ltr'><strong>sunt</strong></span> <span class='ocrx_word' id='word_1_219' title='bbox 738 2446 1132 2519; x_wconf 80' lang='lat' dir='ltr'><strong>substantiae,</strong></span> <span class='ocrx_word' id='word_1_220' title='bbox 1186 2453 1257 2508; x_wconf 93' lang='lat' dir='ltr'><strong>ut</strong></span> <span class='ocrx_word' id='word_1_221' title='bbox 1304 2445 1591 2525; x_wconf 77' lang='lat' dir='ltr'><strong>angeluS,</strong></span> <span class='ocrx_word' id='word_1_222' title='bbox 1636 2445 1849 2518; x_wconf 92' lang='lat' dir='ltr'><strong>homo,</strong></span> 
     </span>
     <span class='ocr_line' id='line_1_33' title="bbox 345 2541 1849 2625; baseline 0 -19"><span class='ocrx_word' id='word_1_223' title='bbox 345 2544 549 2625; x_wconf 81' lang='lat' dir='ltr'><strong>lapis3</strong></span> <span class='ocrx_word' id='word_1_224' title='bbox 606 2553 671 2607; x_wconf 92' lang='lat' dir='ltr'><strong>et</strong></span> <span class='ocrx_word' id='word_1_225' title='bbox 726 2545 927 2608; x_wconf 89' lang='lat' dir='ltr'><strong>multa</strong></span> <span class='ocrx_word' id='word_1_226' title='bbox 980 2553 1131 2607; x_wconf 89' lang='lat' dir='ltr'><strong>sunt</strong></span> <span class='ocrx_word' id='word_1_227' title='bbox 1186 2541 1607 2606; x_wconf 88' lang='lat' dir='ltr'><strong>accidentalia</strong></span> <span class='ocrx_word' id='word_1_228' title='bbox 1663 2541 1849 2616; x_wconf 89' lang='lat' dir='ltr'><strong>bona,</strong></span> 
     </span>
     <span class='ocr_line' id='line_1_34' title="bbox 344 2641 1851 2724; baseline -0.001 -19"><span class='ocrx_word' id='word_1_229' title='bbox 344 2643 405 2705; x_wconf 93' lang='lat' dir='ltr'><strong>id</strong></span> <span class='ocrx_word' id='word_1_230' title='bbox 434 2651 531 2706; x_wconf 85' lang='lat' dir='ltr'><strong>est</strong></span> <span class='ocrx_word' id='word_1_231' title='bbox 566 2641 738 2705; x_wconf 89' lang='lat' dir='ltr'><strong>bona</strong></span> <span class='ocrx_word' id='word_1_232' title='bbox 776 2642 1065 2724; x_wconf 65' lang='lat' dir='ltr'><strong>quiedam</strong></span> <span class='ocrx_word' id='word_1_233' title='bbox 1104 2660 1247 2723; x_wconf 84' lang='lat' dir='ltr'><strong>quae</strong></span> <span class='ocrx_word' id='word_1_234' title='bbox 1286 2647 1436 2703; x_wconf 89' lang='lat' dir='ltr'><strong>sunt</strong></span> <span class='ocrx_word' id='word_1_235' title='bbox 1474 2641 1851 2714; x_wconf 90' lang='lat' dir='ltr'><strong>accidentia,</strong></span> 
     </span>
     <span class='ocr_line' id='line_1_35' title="bbox 344 2739 1853 2821; baseline -0.001 -19"><span class='ocrx_word' id='word_1_236' title='bbox 344 2749 413 2802; x_wconf 89' lang='lat' dir='ltr'><strong>ut</strong></span> <span class='ocrx_word' id='word_1_237' title='bbox 440 2741 505 2802; x_wconf 90' lang='lat' dir='ltr'><strong>in</strong></span> <span class='ocrx_word' id='word_1_238' title='bbox 538 2757 781 2803; x_wconf 86' lang='lat' dir='ltr'><strong>novem</strong></span> <span class='ocrx_word' id='word_1_239' title='bbox 814 2739 1323 2821; x_wconf 81' lang='lat' dir='ltr'><strong>praedicamentis</strong></span> <span class='ocrx_word' id='word_1_240' title='bbox 1354 2746 1669 2802; x_wconf 88' lang='lat' dir='ltr'><strong>contenta.</strong></span> <span class='ocrx_word' id='word_1_241' title='bbox 1696 2739 1853 2804; x_wconf 89' lang='lat' dir='ltr'><strong>Con·</strong></span> 
     </span>
     <span class='ocr_line' id='line_1_36' title="bbox 343 2836 1854 2920; baseline -0.001 -20"><span class='ocrx_word' id='word_1_242' title='bbox 343 2839 669 2912; x_wconf 88' lang='lat' dir='ltr'><strong>similiter,</strong></span> <span class='ocrx_word' id='word_1_243' title='bbox 702 2855 829 2901; x_wconf 89' lang='lat' dir='ltr'><strong>non</strong></span> <span class='ocrx_word' id='word_1_244' title='bbox 862 2845 1011 2900; x_wconf 89' lang='lat' dir='ltr'><strong>sunt</strong></span> <span class='ocrx_word' id='word_1_245' title='bbox 1040 2837 1206 2901; x_wconf 92' lang='lat' dir='ltr'><strong>bona</strong></span> <span class='ocrx_word' id='word_1_246' title='bbox 1238 2856 1352 2920; x_wconf 88' lang='lat' dir='ltr'><strong>per</strong></span> <span class='ocrx_word' id='word_1_247' title='bbox 1389 2836 1756 2910; x_wconf 86' lang='lat' dir='ltr'><strong>essentiam,</strong></span> <span class='ocrx_word' id='word_1_248' title='bbox 1790 2837 1854 2899; x_wconf 91' lang='lat' dir='ltr'><strong>id</strong></span> 
     </span>
     <span class='ocr_line' id='line_1_37' title="bbox 345 2935 1853 3018; baseline -0.001 -18"><span class='ocrx_word' id='word_1_249' title='bbox 345 2945 439 3000; x_wconf 90' lang='lat' dir='ltr'><strong>est</strong></span> <span class='ocrx_word' id='word_1_250' title='bbox 465 2936 739 3000; x_wconf 89' lang='lat' dir='ltr'><strong>omnino</strong></span> <span class='ocrx_word' id='word_1_251' title='bbox 768 2955 847 2998; x_wconf 86' lang='lat' dir='ltr'><strong>ex</strong></span> <span class='ocrx_word' id='word_1_252' title='bbox 886 2955 956 2998; x_wconf 90' lang='lat' dir='ltr'><strong>se</strong></span> <span class='ocrx_word' id='word_1_253' title='bbox 998 2943 1062 2998; x_wconf 90' lang='lat' dir='ltr'><strong>et</strong></span> <span class='ocrx_word' id='word_1_254' title='bbox 1102 2935 1652 3018; x_wconf 84' lang='lat' dir='ltr'><strong>imparticipanter</strong></span> <span class='ocrx_word' id='word_1_255' title='bbox 1683 2952 1700 3014; x_wconf 94' lang='lat'>;</span> <span class='ocrx_word' id='word_1_256' title='bbox 1730 2935 1853 2998; x_wconf 88' lang='lat' dir='ltr'><strong>for-</strong></span> 
     </span>
    </p>
   </div>
   <div class='ocr_carea' id='block_1_9' title="bbox 1958 1957 3763 3021">
    <p class='ocr_par' dir='ltr' id='par_1_9' title="bbox 1960 1957 3741 2236">
     <span class='ocr_line' id='line_1_38' title="bbox 1962 1957 3741 2040; baseline 0.004 -23"><span class='ocrx_word' id='word_1_257' title='bbox 1962 1975 2077 2039; x_wconf 90' lang='lat' dir='ltr'><strong>per</strong></span> <span class='ocrx_word' id='word_1_258' title='bbox 2132 1957 2359 2019; x_wconf 90' lang='lat' dir='ltr'><strong>Isaiam</strong></span> <span class='ocrx_word' id='word_1_259' title='bbox 2417 1957 2812 2040; x_wconf 88' lang='lat' dir='ltr'><strong>deprompsit</strong></span> <span class='ocrx_word' id='word_1_260' title='bbox 2873 1975 2888 2020; x_wconf 87' lang='lat'>:</span> <span class='ocrx_word' id='word_1_261' title='bbox 2940 1958 3071 2039; x_wconf 87' lang='lat' dir='ltr'><strong>Ego</strong></span> <span class='ocrx_word' id='word_1_262' title='bbox 3125 1957 3456 2031; x_wconf 86' lang='lat' dir='ltr'><strong>Dominus,</strong></span> <span class='ocrx_word' id='word_1_263' title='bbox 3485 1979 3741 2032; x_wconf 49' lang='lat' dir='ltr'><strong>tamna.</strong></span> 
     </span>
     <span class='ocr_line' id='line_1_39' title="bbox 1960 2054 3460 2140; baseline 0.001 -23"><span class='ocrx_word' id='word_1_264' title='bbox 1960 2054 2081 2117; x_wconf 88' lang='lat' dir='ltr'><strong>hoc</strong></span> <span class='ocrx_word' id='word_1_265' title='bbox 2122 2062 2222 2118; x_wconf 92' lang='lat' dir='ltr'><strong>est</strong></span> <span class='ocrx_word' id='word_1_266' title='bbox 2259 2073 2491 2118; x_wconf 89' lang='lat' dir='ltr'><strong>nomen</strong></span> <span class='ocrx_word' id='word_1_267' title='bbox 2535 2075 2772 2120; x_wconf 89' lang='lat' dir='ltr'><strong>meum.</strong></span> <span class='ocrx_word' id='word_1_268' title='bbox 2817 2055 3068 2120; x_wconf 89' lang='lat' dir='ltr'><strong>Etenim</strong></span> <span class='ocrx_word' id='word_1_269' title='bbox 3110 2057 3246 2140; x_wconf 90' lang='lat' dir='ltr'><strong>ipse</strong></span> <span class='ocrx_word' id='word_1_270' title='bbox 3285 2055 3460 2119; x_wconf 88' lang='lat' dir='ltr'><strong>solus</strong></span> 
     </span>
     <span class='ocr_line' id='line_1_40' title="bbox 1963 2153 3460 2236; baseline 0.001 -22"><span class='ocrx_word' id='word_1_271' title='bbox 1963 2153 2242 2233; x_wconf 87' lang='lat' dir='ltr'><strong>propria,</strong></span> <span class='ocrx_word' id='word_1_272' title='bbox 2295 2153 2766 2236; x_wconf 87' lang='lat' dir='ltr'><strong>imparticipata</strong></span> <span class='ocrx_word' id='word_1_273' title='bbox 2813 2161 2878 2217; x_wconf 90' lang='lat' dir='ltr'><strong>et</strong></span> <span class='ocrx_word' id='word_1_274' title='bbox 2925 2153 3244 2216; x_wconf 86' lang='lat' dir='ltr'><strong>illimitata</strong></span> <span class='ocrx_word' id='word_1_275' title='bbox 3291 2161 3460 2236; x_wconf 90' lang='lat' dir='ltr'><strong>pote-</strong></span> 
     </span>
    </p>

    <p class='ocr_par' dir='ltr' id='par_1_10' title="bbox 1961 2251 3458 2326">
     <span class='ocr_line' id='line_1_41' title="bbox 1961 2251 3458 2326; baseline 0.001 -14"><span class='ocrx_word' id='word_1_276' title='bbox 1961 2257 2143 2324; x_wconf 87' lang='lat' dir='ltr'><strong>state,</strong></span> <span class='ocrx_word' id='word_1_277' title='bbox 2197 2251 2642 2315; x_wconf 87' lang='lat' dir='ltr'><strong>universorum</strong></span> <span class='ocrx_word' id='word_1_278' title='bbox 2698 2251 3024 2316; x_wconf 88' lang='lat' dir='ltr'><strong>liberrime</strong></span> <span class='ocrx_word' id='word_1_279' title='bbox 3071 2252 3458 2326; x_wconf 87' lang='lat' dir='ltr'><strong>dominatur,</strong></span> 
     </span>
    </p>

    <p class='ocr_par' dir='ltr' id='par_1_11' title="bbox 1958 2347 3753 2531">
     <span class='ocr_line' id='line_1_42' title="bbox 1958 2347 3753 2428; baseline -0.004 -18"><span class='ocrx_word' id='word_1_280' title='bbox 1958 2347 2142 2428; x_wconf 84' lang='lat' dir='ltr'><strong>juxta</strong></span> <span class='ocrx_word' id='word_1_281' title='bbox 2171 2347 2330 2410; x_wconf 90' lang='lat' dir='ltr'><strong>illud</strong></span> <span class='ocrx_word' id='word_1_282' title='bbox 2361 2348 2592 2412; x_wconf 90' lang='lat' dir='ltr'><strong>Psalmi</strong></span> <span class='ocrx_word' id='word_1_283' title='bbox 2627 2366 2642 2410; x_wconf 73' lang='lat' dir='ltr'><em>z</em></span> <span class='ocrx_word' id='word_1_284' title='bbox 2675 2349 2793 2424; x_wconf 85' lang='lat' dir='ltr'><strong>Qui</strong></span> <span class='ocrx_word' id='word_1_285' title='bbox 2823 2349 3192 2413; x_wconf 85' lang='lat' dir='ltr'><strong>dominatur</strong></span> <span class='ocrx_word' id='word_1_286' title='bbox 3235 2350 3299 2412; x_wconf 92' lang='lat' dir='ltr'><strong>in</strong></span> <span class='ocrx_word' id='word_1_287' title='bbox 3329 2349 3460 2412; x_wconf 88' lang='lat' dir='ltr'><strong>vir·</strong></span> <span class='ocrx_word' id='word_1_288' title='bbox 3489 2363 3568 2408; x_wconf 67' lang='lat'><strong>1³⁸.</strong></span> <span class='ocrx_word' id='word_1_289' title='bbox 3591 2377 3686 2414; x_wconf 71' lang='lat' dir='ltr'><strong>m,</strong></span> <span class='ocrx_word' id='word_1_290' title='bbox 3713 2365 3753 2404; x_wconf 82' lang='grc' dir='ltr'><strong>τ.</strong></span> 
     </span>
     <span class='ocr_line' id='line_1_43' title="bbox 1962 2446 3460 2531; baseline 0.002 -24"><span class='ocrx_word' id='word_1_291' title='bbox 1962 2453 2097 2508; x_wconf 88' lang='lat' dir='ltr'><strong>tute</strong></span> <span class='ocrx_word' id='word_1_292' title='bbox 2124 2465 2242 2509; x_wconf 89' lang='lat' dir='ltr'><strong>sua</strong></span> <span class='ocrx_word' id='word_1_293' title='bbox 2273 2446 2336 2508; x_wconf 89' lang='lat' dir='ltr'><strong>in</strong></span> <span class='ocrx_word' id='word_1_294' title='bbox 2369 2454 2697 2510; x_wconf 68' lang='lat' dir='ltr'><strong>aeternum.</strong></span> <span class='ocrx_word' id='word_1_295' title='bbox 2723 2447 2861 2523; x_wconf 89' lang='lat' dir='ltr'><strong>Cui,</strong></span> <span class='ocrx_word' id='word_1_296' title='bbox 2895 2455 2966 2510; x_wconf 92' lang='lat' dir='ltr'><strong>ut</strong></span> <span class='ocrx_word' id='word_1_297' title='bbox 2992 2447 3082 2510; x_wconf 89' lang='lat' dir='ltr'><strong>ait</strong></span> <span class='ocrx_word' id='word_1_298' title='bbox 3111 2447 3460 2531; x_wconf 87' lang='lat' dir='ltr'><strong>Scriptura,</strong></span> 
     </span>
    </p>

    <p class='ocr_par' dir='ltr' id='par_1_12' title="bbox 1962 2545 3763 3021">
     <span class='ocr_line' id='line_1_44' title="bbox 1962 2545 3754 2629; baseline -0.002 -21"><span class='ocrx_word' id='word_1_299' title='bbox 1962 2545 2180 2608; x_wconf 88' lang='lat' dir='ltr'><strong>nullus</strong></span> <span class='ocrx_word' id='word_1_300' title='bbox 2229 2545 2442 2609; x_wconf 87' lang='lat' dir='ltr'><strong>dicere</strong></span> <span class='ocrx_word' id='word_1_301' title='bbox 2491 2553 2698 2629; x_wconf 87' lang='lat' dir='ltr'><strong>potest</strong></span> <span class='ocrx_word' id='word_1_302' title='bbox 2749 2563 2764 2608; x_wconf 77' lang='lat' dir='ltr'><strong>t</strong></span> <span class='ocrx_word' id='word_1_303' title='bbox 2816 2546 2941 2609; x_wconf 87' lang='lat' dir='ltr'><strong>Cur</strong></span> <span class='ocrx_word' id='word_1_304' title='bbox 2989 2547 3077 2610; x_wconf 87' lang='lat' dir='ltr'><strong>ita</strong></span> <span class='ocrx_word' id='word_1_305' title='bbox 3123 2545 3324 2609; x_wconf 70' lang='lat' dir='ltr'><strong>facis?</strong></span> <span class='ocrx_word' id='word_1_306' title='bbox 3375 2546 3462 2610; x_wconf 92' lang='lat' dir='ltr'><strong>De</strong></span> <span class='ocrx_word' id='word_1_307' title='bbox 3489 2557 3572 2604; x_wconf 74' lang='lat' dir='ltr'><strong>Jot</strong></span> <span class='ocrx_word' id='word_1_308' title='bbox 3601 2571 3656 2610; x_wconf 75' lang='grc' dir='ltr'><strong>ιι,</strong></span> <span class='ocrx_word' id='word_1_309' title='bbox 3687 2561 3754 2604; x_wconf 70' lang='grc' dir='ltr'><strong>ιε.</strong></span> 
     </span>
     <span class='ocr_line' id='line_1_45' title="bbox 1962 2643 3763 2728; baseline 0.002 -22"><span class='ocrx_word' id='word_1_310' title='bbox 1962 2661 2093 2728; x_wconf 92' lang='lat' dir='ltr'><strong>quo</strong></span> <span class='ocrx_word' id='word_1_311' title='bbox 2136 2643 2253 2708; x_wconf 88' lang='lat' dir='ltr'><strong>Job</strong></span> <span class='ocrx_word' id='word_1_312' title='bbox 2301 2643 2630 2708; x_wconf 91' lang='lat' dir='ltr'><strong>tricesimo</strong></span> <span class='ocrx_word' id='word_1_313' title='bbox 2677 2651 2854 2708; x_wconf 87' lang='lat' dir='ltr'><strong>sexto</strong></span> <span class='ocrx_word' id='word_1_314' title='bbox 2903 2644 3175 2708; x_wconf 88' lang='lat' dir='ltr'><strong>habetur</strong></span> <span class='ocrx_word' id='word_1_315' title='bbox 3230 2662 3244 2706; x_wconf 75' lang='grc' dir='ltr'>ε</span> <span class='ocrx_word' id='word_1_316' title='bbox 3301 2643 3464 2708; x_wconf 88' lang='lat' dir='ltr'><strong>Ecce</strong></span> <span class='ocrx_word' id='word_1_317' title='bbox 3491 2657 3763 2710; x_wconf 59' lang='lat' dir='ltr'><strong>mamm.</strong></span> 
     </span>
     <span class='ocr_line' id='line_1_46' title="bbox 1964 2723 3646 2818; baseline -0.001 -12"><span class='ocrx_word' id='word_1_318' title='bbox 1964 2743 2130 2806; x_wconf 88' lang='lat' dir='ltr'><strong>Deus</strong></span> <span class='ocrx_word' id='word_1_319' title='bbox 2162 2741 2452 2805; x_wconf 84' lang='lat' dir='ltr'><strong>excelsus</strong></span> <span class='ocrx_word' id='word_1_320' title='bbox 2485 2742 2550 2804; x_wconf 90' lang='lat' dir='ltr'><strong>in</strong></span> <span class='ocrx_word' id='word_1_321' title='bbox 2583 2742 2956 2806; x_wconf 88' lang='lat' dir='ltr'><strong>fortitudine</strong></span> <span class='ocrx_word' id='word_1_322' title='bbox 2985 2761 3122 2818; x_wconf 88' lang='lat' dir='ltr'><strong>sua,</strong></span> <span class='ocrx_word' id='word_1_323' title='bbox 3153 2751 3217 2806; x_wconf 90' lang='lat' dir='ltr'><strong>et</strong></span> <span class='ocrx_word' id='word_1_324' title='bbox 3247 2741 3464 2805; x_wconf 89' lang='lat' dir='ltr'><strong>nullus</strong></span> <span class='ocrx_word' id='word_1_325' title='bbox 3491 2723 3646 2772; x_wconf 75' lang='lat'><strong>²²⁹²³·</strong></span> 
     </span>
     <span class='ocr_line' id='line_1_47' title="bbox 1964 2840 3464 2922; baseline -0.001 -19"><span class='ocrx_word' id='word_1_326' title='bbox 1964 2842 2022 2904; x_wconf 92' lang='lat' dir='ltr'><strong>ei</strong></span> <span class='ocrx_word' id='word_1_327' title='bbox 2058 2841 2284 2903; x_wconf 90' lang='lat' dir='ltr'><strong>similis</strong></span> <span class='ocrx_word' id='word_1_328' title='bbox 2327 2841 2390 2902; x_wconf 94' lang='lat' dir='ltr'><strong>in</strong></span> <span class='ocrx_word' id='word_1_329' title='bbox 2435 2840 2922 2922; x_wconf 82' lang='lat' dir='ltr'><strong>legislatoribus.</strong></span> <span class='ocrx_word' id='word_1_330' title='bbox 2955 2841 3108 2916; x_wconf 90' lang='lat' dir='ltr'><strong>Quis</strong></span> <span class='ocrx_word' id='word_1_331' title='bbox 3151 2841 3210 2904; x_wconf 90' lang='lat' dir='ltr'><strong>ei</strong></span> <span class='ocrx_word' id='word_1_332' title='bbox 3252 2841 3464 2904; x_wconf 88' lang='lat' dir='ltr'><strong>dicere</strong></span> 
     </span>
     <span class='ocr_line' id='line_1_48' title="bbox 1967 2937 3468 3021; baseline 0 -21"><span class='ocrx_word' id='word_1_333' title='bbox 1967 2946 2175 3021; x_wconf 91' lang='lat' dir='ltr'><strong>potest</strong></span> <span class='ocrx_word' id='word_1_334' title='bbox 2223 2956 2236 3000; x_wconf 91' lang='lat'><strong>:</strong></span> <span class='ocrx_word' id='word_1_335' title='bbox 2285 2937 2592 3020; x_wconf 87' lang='lat' dir='ltr'><strong>Operatus</strong></span> <span class='ocrx_word' id='word_1_336' title='bbox 2641 2957 2708 3000; x_wconf 92' lang='lat' dir='ltr'><strong>es</strong></span> <span class='ocrx_word' id='word_1_337' title='bbox 2757 2937 3208 3021; x_wconf 67' lang='lat' dir='ltr'><strong>iniquitatem?</strong></span> <span class='ocrx_word' id='word_1_338' title='bbox 3251 2938 3468 3019; x_wconf 88' lang='lat' dir='ltr'><strong>Itaque</strong></span> 
     </span>
    </p>
   </div>
   <div class='ocr_carea' id='block_1_10' title="bbox 346 3033 3464 3119">
    <p class='ocr_par' dir='ltr' id='par_1_13' title="bbox 346 3033 3464 3119">
     <span class='ocr_line' id='line_1_49' title="bbox 346 3033 3464 3119; baseline 0.001 -23"><span class='ocrx_word' id='word_1_339' title='bbox 346 3035 605 3097; x_wconf 88' lang='lat' dir='ltr'><strong>maliter</strong></span> <span class='ocrx_word' id='word_1_340' title='bbox 649 3041 865 3097; x_wconf 90' lang='lat' dir='ltr'><strong>tamen</strong></span> <span class='ocrx_word' id='word_1_341' title='bbox 914 3040 1063 3096; x_wconf 90' lang='lat' dir='ltr'><strong>sunt</strong></span> <span class='ocrx_word' id='word_1_342' title='bbox 1104 3033 1274 3096; x_wconf 89' lang='lat' dir='ltr'><strong>bona</strong></span> <span class='ocrx_word' id='word_1_343' title='bbox 1320 3051 1437 3115; x_wconf 92' lang='lat' dir='ltr'><strong>per</strong></span> <span class='ocrx_word' id='word_1_344' title='bbox 1483 3033 1849 3106; x_wconf 88' lang='lat' dir='ltr'><strong>essentiam,</strong></span> <span class='ocrx_word' id='word_1_345' title='bbox 1882 3037 1926 3100; x_wconf 88' lang='lat' dir='ltr'>C</span> <span class='ocrx_word' id='word_1_346' title='bbox 1968 3054 2202 3100; x_wconf 91' lang='lat' dir='ltr'><strong>nomen</strong></span> <span class='ocrx_word' id='word_1_347' title='bbox 2245 3036 2438 3107; x_wconf 92' lang='lat' dir='ltr'><strong>istud,</strong></span> <span class='ocrx_word' id='word_1_348' title='bbox 2482 3036 2749 3110; x_wconf 84' lang='lat' dir='ltr'><strong>Adonai,</strong></span> <span class='ocrx_word' id='word_1_349' title='bbox 2797 3043 2894 3100; x_wconf 89' lang='lat' dir='ltr'><strong>est</strong></span> <span class='ocrx_word' id='word_1_350' title='bbox 2941 3035 3274 3119; x_wconf 89' lang='lat' dir='ltr'><strong>proprium</strong></span> <span class='ocrx_word' id='word_1_351' title='bbox 3315 3036 3464 3110; x_wconf 91' lang='lat' dir='ltr'><strong>Deo,</strong></span> 
     </span>
    </p>
   </div>
   <div class='ocr_carea' id='block_1_11' title="bbox 344 3130 1857 3590">
    <p class='ocr_par' dir='ltr' id='par_1_14' title="bbox 344 3130 1857 3590">
     <span class='ocr_line' id='line_1_50' title="bbox 348 3130 1851 3215; baseline -0.001 -21"><span class='ocrx_word' id='word_1_352' title='bbox 348 3133 409 3195; x_wconf 92' lang='lat' dir='ltr'><strong>id</strong></span> <span class='ocrx_word' id='word_1_353' title='bbox 446 3141 542 3196; x_wconf 88' lang='lat' dir='ltr'><strong>est</strong></span> <span class='ocrx_word' id='word_1_354' title='bbox 590 3150 707 3215; x_wconf 88' lang='lat' dir='ltr'><strong>per</strong></span> <span class='ocrx_word' id='word_1_355' title='bbox 744 3132 1067 3215; x_wconf 87' lang='lat' dir='ltr'><strong>propriam</strong></span> <span class='ocrx_word' id='word_1_356' title='bbox 1112 3130 1383 3194; x_wconf 86' lang='lat' dir='ltr'><strong>formam</strong></span> <span class='ocrx_word' id='word_1_357' title='bbox 1424 3139 1489 3194; x_wconf 92' lang='lat' dir='ltr'><strong>et</strong></span> <span class='ocrx_word' id='word_1_358' title='bbox 1519 3131 1801 3213; x_wconf 90' lang='lat' dir='ltr'><strong>speciem</strong></span> <span class='ocrx_word' id='word_1_359' title='bbox 1836 3148 1851 3192; x_wconf 79' lang='lat' dir='ltr'><strong><em>z</em></strong></span> 
     </span>
     <span class='ocr_line' id='line_1_51' title="bbox 344 3229 1857 3312; baseline -0.002 -18"><span class='ocrx_word' id='word_1_360' title='bbox 344 3231 893 3312; x_wconf 88' lang='lat' dir='ltr'><strong>quemadmodum</strong></span> <span class='ocrx_word' id='word_1_361' title='bbox 952 3229 1143 3292; x_wconf 90' lang='lat' dir='ltr'><strong>homo</strong></span> <span class='ocrx_word' id='word_1_362' title='bbox 1201 3247 1315 3312; x_wconf 90' lang='lat' dir='ltr'><strong>per</strong></span> <span class='ocrx_word' id='word_1_363' title='bbox 1373 3249 1441 3292; x_wconf 88' lang='lat' dir='ltr'><strong>se</strong></span> <span class='ocrx_word' id='word_1_364' title='bbox 1502 3229 1857 3293; x_wconf 78' lang='lat' dir='ltr'><strong>formaliter</strong></span> 
     </span>
     <span class='ocr_line' id='line_1_52' title="bbox 348 3327 1855 3410; baseline -0.001 -18"><span class='ocrx_word' id='word_1_365' title='bbox 348 3329 681 3392; x_wconf 88' lang='lat' dir='ltr'><strong>rationalis</strong></span> <span class='ocrx_word' id='word_1_366' title='bbox 737 3335 1053 3401; x_wconf 90' lang='lat' dir='ltr'><strong>censetur,</strong></span> <span class='ocrx_word' id='word_1_367' title='bbox 1106 3327 1257 3410; x_wconf 89' lang='lat' dir='ltr'><strong>quia</strong></span> <span class='ocrx_word' id='word_1_368' title='bbox 1312 3346 1388 3391; x_wconf 89' lang='lat' dir='ltr'><strong>ex</strong></span> <span class='ocrx_word' id='word_1_369' title='bbox 1438 3347 1553 3390; x_wconf 89' lang='lat' dir='ltr'><strong>sua</strong></span> <span class='ocrx_word' id='word_1_370' title='bbox 1610 3327 1855 3392; x_wconf 91' lang='lat' dir='ltr'><strong>ratione</strong></span> 
     </span>
     <span class='ocr_line' id='line_1_53' title="bbox 347 3425 1857 3508; baseline 0 -19"><span class='ocrx_word' id='word_1_371' title='bbox 347 3446 417 3490; x_wconf 85' lang='lat' dir='ltr'><strong>ac</strong></span> <span class='ocrx_word' id='word_1_372' title='bbox 474 3435 709 3490; x_wconf 90' lang='lat' dir='ltr'><strong>natura</strong></span> <span class='ocrx_word' id='word_1_373' title='bbox 766 3445 879 3488; x_wconf 90' lang='lat' dir='ltr'><strong>seu</strong></span> <span class='ocrx_word' id='word_1_374' title='bbox 940 3426 1199 3508; x_wconf 92' lang='lat' dir='ltr'><strong>propria</strong></span> <span class='ocrx_word' id='word_1_375' title='bbox 1246 3426 1459 3508; x_wconf 91' lang='lat' dir='ltr'><strong>specie</strong></span> <span class='ocrx_word' id='word_1_376' title='bbox 1508 3425 1571 3487; x_wconf 89' lang='lat' dir='ltr'><strong>id</strong></span> <span class='ocrx_word' id='word_1_377' title='bbox 1631 3443 1857 3489; x_wconf 88' lang='lat' dir='ltr'><strong>conve·</strong></span> 
     </span>
     <span class='ocr_line' id='line_1_54' title="bbox 350 3527 569 3590; baseline -0.005 -2"><span class='ocrx_word' id='word_1_378' title='bbox 350 3527 443 3588; x_wconf 88' lang='lat' dir='ltr'><strong>nit</strong></span> <span class='ocrx_word' id='word_1_379' title='bbox 482 3527 569 3590; x_wconf 89' lang='lat' dir='ltr'><strong>ei.</strong></span> 
     </span>
    </p>
   </div>
   <div class='ocr_carea' id='block_1_12' title="bbox 768 3731 1450 3798">
    <p class='ocr_par' dir='ltr' id='par_1_15' title="bbox 768 3731 1450 3798">
     <span class='ocr_line' id='line_1_55' title="bbox 768 3731 1450 3798; baseline -0.006 0"><span class='ocrx_word' id='word_1_380' title='bbox 768 3731 1287 3798; x_wconf 87' lang='lat' dir='ltr'>PROPOSITIO</span> <span class='ocrx_word' id='word_1_381' title='bbox 1336 3731 1450 3795; x_wconf 90' lang='lat' dir='ltr'><strong>VI.</strong></span> 
     </span>
    </p>
   </div>
   <div class='ocr_carea' id='block_1_13' title="bbox 348 3915 1867 5384">
    <p class='ocr_par' dir='ltr' id='par_1_16' title="bbox 349 3915 1859 4295">
     <span class='ocr_line' id='line_1_56' title="bbox 424 3915 1857 4000; baseline -0.004 -14"><span class='ocrx_word' id='word_1_382' title='bbox 424 3917 1111 4000; x_wconf 83' lang='lat' dir='ltr'><strong>Quemadmodum</strong></span> <span class='ocrx_word' id='word_1_383' title='bbox 1139 3917 1327 3982; x_wconf 73' lang='lat' dir='ltr'><strong>Esse</strong></span> <span class='ocrx_word' id='word_1_384' title='bbox 1357 3929 1499 3982; x_wconf 85' lang='lat' dir='ltr'><strong>seu</strong></span> <span class='ocrx_word' id='word_1_385' title='bbox 1526 3915 1679 3994; x_wconf 72' lang='lat' dir='ltr'><strong>Qui</strong></span> <span class='ocrx_word' id='word_1_386' title='bbox 1708 3915 1857 3996; x_wconf 87' lang='lat' dir='ltr'><strong>est,</strong></span> 
     </span>
     <span class='ocr_line' id='line_1_57' title="bbox 350 4014 1859 4097; baseline -0.005 -11"><span class='ocrx_word' id='word_1_387' title='bbox 350 4021 749 4086; x_wconf 73' lang='lat' dir='ltr'><strong>asseritur</strong></span> <span class='ocrx_word' id='word_1_388' title='bbox 776 4017 1193 4097; x_wconf 79' lang='lat' dir='ltr'><strong>proprium</strong></span> <span class='ocrx_word' id='word_1_389' title='bbox 1224 4028 1510 4081; x_wconf 86' lang='lat' dir='ltr'><strong>nomen</strong></span> <span class='ocrx_word' id='word_1_390' title='bbox 1540 4014 1859 4095; x_wconf 79' lang='lat' dir='ltr'><strong>De131ta</strong></span> 
     </span>
     <span class='ocr_line' id='line_1_58' title="bbox 349 4113 1857 4192; baseline -0.005 -6"><span class='ocrx_word' id='word_1_391' title='bbox 349 4122 431 4186; x_wconf 92' lang='lat' dir='ltr'><strong>et</strong></span> <span class='ocrx_word' id='word_1_392' title='bbox 468 4119 849 4186; x_wconf 84' lang='lat' dir='ltr'><strong>sanctum</strong></span> <span class='ocrx_word' id='word_1_393' title='bbox 884 4113 1037 4180; x_wconf 85' lang='lat' dir='ltr'><strong>hoo</strong></span> <span class='ocrx_word' id='word_1_394' title='bbox 1076 4126 1364 4180; x_wconf 86' lang='lat' dir='ltr'><strong>nomen</strong></span> <span class='ocrx_word' id='word_1_395' title='bbox 1392 4115 1857 4192; x_wconf 74' lang='lat' dir='ltr'><strong>tetragram-</strong></span> 
     </span>
     <span class='ocr_line' id='line_1_59' title="bbox 350 4211 1578 4295; baseline -0.007 -9"><span class='ocrx_word' id='word_1_396' title='bbox 350 4221 623 4285; x_wconf 86' lang='lat' dir='ltr'><strong>maton</strong></span> <span class='ocrx_word' id='word_1_397' title='bbox 668 4230 818 4287; x_wconf 65' lang='lat' dir='ltr'><strong>mm,</strong></span> <span class='ocrx_word' id='word_1_398' title='bbox 852 4215 1203 4295; x_wconf 79' lang='lat' dir='ltr'><strong>itemque</strong></span> <span class='ocrx_word' id='word_1_399' title='bbox 1243 4211 1578 4278; x_wconf 80' lang='lat' dir='ltr'><strong>Adonai.</strong></span> 
     </span>
    </p>

    <p class='ocr_par' dir='ltr' id='par_1_17' title="bbox 348 4307 1867 5384">
     <span class='ocr_line' id='line_1_60' title="bbox 429 4307 1857 4394; baseline -0.006 -15"><span class='ocrx_word' id='word_1_400' title='bbox 429 4315 609 4389; x_wconf 86' lang='lat' dir='ltr'><strong>Quod</strong></span> <span class='ocrx_word' id='word_1_401' title='bbox 654 4319 774 4385; x_wconf 86' lang='lat' dir='ltr'><strong>est,</strong></span> <span class='ocrx_word' id='word_1_402' title='bbox 819 4311 971 4394; x_wconf 90' lang='lat' dir='ltr'><strong>quia</strong></span> <span class='ocrx_word' id='word_1_403' title='bbox 1003 4311 1104 4390; x_wconf 92' lang='lat' dir='ltr'><strong>(ut</strong></span> <span class='ocrx_word' id='word_1_404' title='bbox 1140 4309 1375 4391; x_wconf 89' lang='lat' dir='ltr'><strong>patuit)</strong></span> <span class='ocrx_word' id='word_1_405' title='bbox 1396 4307 1547 4370; x_wconf 87' lang='lat' dir='ltr'><strong>Esse</strong></span> <span class='ocrx_word' id='word_1_406' title='bbox 1586 4327 1699 4370; x_wconf 89' lang='lat' dir='ltr'><strong>seu</strong></span> <span class='ocrx_word' id='word_1_407' title='bbox 1742 4309 1857 4382; x_wconf 88' lang='lat' dir='ltr'><strong>Oui</strong></span> 
     </span>
     <span class='ocr_line' id='line_1_61' title="bbox 351 4406 1862 4489; baseline -0.004 -13"><span class='ocrx_word' id='word_1_408' title='bbox 351 4421 467 4488; x_wconf 88' lang='lat' dir='ltr'><strong>est,</strong></span> <span class='ocrx_word' id='word_1_409' title='bbox 527 4412 775 4476; x_wconf 91' lang='lat' dir='ltr'><strong>dicitur</strong></span> <span class='ocrx_word' id='word_1_410' title='bbox 838 4427 1073 4472; x_wconf 89' lang='lat' dir='ltr'><strong>nomen</strong></span> <span class='ocrx_word' id='word_1_411' title='bbox 1144 4407 1280 4480; x_wconf 91' lang='lat' dir='ltr'><strong>Dei,</strong></span> <span class='ocrx_word' id='word_1_412' title='bbox 1350 4406 1505 4489; x_wconf 88' lang='lat' dir='ltr'><strong>quia</strong></span> <span class='ocrx_word' id='word_1_413' title='bbox 1572 4407 1862 4488; x_wconf 89' lang='lat' dir='ltr'><strong>designat</strong></span> 
     </span>
     <span class='ocr_line' id='line_1_62' title="bbox 348 4505 1861 4596; baseline -0.005 -20"><span class='ocrx_word' id='word_1_414' title='bbox 348 4511 715 4596; x_wconf 76' lang='lat' dir='ltr'><strong>abyssalem</strong></span> <span class='ocrx_word' id='word_1_415' title='bbox 770 4527 845 4570; x_wconf 88' lang='lat' dir='ltr'><strong>ac</strong></span> <span class='ocrx_word' id='word_1_416' title='bbox 904 4505 1227 4569; x_wconf 84' lang='lat' dir='ltr'><strong>infinitam</strong></span> <span class='ocrx_word' id='word_1_417' title='bbox 1280 4505 1745 4587; x_wconf 87' lang='lat' dir='ltr'><strong>plenitudinem</strong></span> <span class='ocrx_word' id='word_1_418' title='bbox 1796 4513 1861 4568; x_wconf 88' lang='lat' dir='ltr'><strong>et</strong></span> 
     </span>
     <span class='ocr_line' id='line_1_63' title="bbox 350 4603 1861 4688; baseline -0.005 -14"><span class='ocrx_word' id='word_1_419' title='bbox 350 4607 900 4674; x_wconf 81' lang='lat' dir='ltr'><strong>absolutissimam</strong></span> <span class='ocrx_word' id='word_1_420' title='bbox 967 4603 1429 4688; x_wconf 88' lang='lat' dir='ltr'><strong>perfectionem</strong></span> <span class='ocrx_word' id='word_1_421' title='bbox 1496 4603 1701 4666; x_wconf 88' lang='lat' dir='ltr'><strong>divini</strong></span> <span class='ocrx_word' id='word_1_422' title='bbox 1770 4603 1861 4666; x_wconf 92' lang='lat' dir='ltr'><strong>in-</strong></span> 
     </span>
     <span class='ocr_line' id='line_1_64' title="bbox 352 4701 1859 4790; baseline -0.006 -17"><span class='ocrx_word' id='word_1_423' title='bbox 352 4709 685 4790; x_wconf 89' lang='lat' dir='ltr'><strong>creatique</strong></span> <span class='ocrx_word' id='word_1_424' title='bbox 749 4723 913 4776; x_wconf 86' lang='lat' dir='ltr'><strong>esse,</strong></span> <span class='ocrx_word' id='word_1_425' title='bbox 981 4703 1151 4786; x_wconf 93' lang='lat' dir='ltr'><strong>quod</strong></span> <span class='ocrx_word' id='word_1_426' title='bbox 1224 4710 1525 4783; x_wconf 88' lang='lat' dir='ltr'><strong>tanquam</strong></span> <span class='ocrx_word' id='word_1_427' title='bbox 1598 4701 1859 4783; x_wconf 88' lang='lat' dir='ltr'><strong>pelagus</strong></span> 
     </span>
     <span class='ocr_line' id='line_1_65' title="bbox 352 4799 1859 4889; baseline -0.006 -18"><span class='ocrx_word' id='word_1_428' title='bbox 352 4806 679 4889; x_wconf 85' lang='lat' dir='ltr'><strong>quoddam</strong></span> <span class='ocrx_word' id='word_1_429' title='bbox 712 4805 1127 4874; x_wconf 90' lang='lat' dir='ltr'><strong>immensum,</strong></span> <span class='ocrx_word' id='word_1_430' title='bbox 1159 4818 1417 4864; x_wconf 91' lang='lat' dir='ltr'><strong>omnem</strong></span> <span class='ocrx_word' id='word_1_431' title='bbox 1461 4799 1859 4863; x_wconf 88' lang='lat' dir='ltr'><strong>nobilitatem</strong></span> 
     </span>
     <span class='ocr_line' id='line_1_66' title="bbox 354 4899 1863 4987; baseline -0.007 -17"><span class='ocrx_word' id='word_1_432' title='bbox 354 4916 415 4970; x_wconf 87' lang='lat' dir='ltr'><strong>et</strong></span> <span class='ocrx_word' id='word_1_433' title='bbox 460 4900 1113 4987; x_wconf 83' lang='lat' dir='ltr'><strong>superexcellentiam</strong></span> <span class='ocrx_word' id='word_1_434' title='bbox 1162 4899 1414 4961; x_wconf 87' lang='lat' dir='ltr'><strong>essendi</strong></span> <span class='ocrx_word' id='word_1_435' title='bbox 1464 4899 1746 4961; x_wconf 89' lang='lat' dir='ltr'><strong>continet</strong></span> <span class='ocrx_word' id='word_1_436' title='bbox 1798 4899 1863 4960; x_wconf 90' lang='lat' dir='ltr'><strong>in</strong></span> 
     </span>
     <span class='ocr_line' id='line_1_67' title="bbox 356 4996 1867 5078; baseline -0.004 -12"><span class='ocrx_word' id='word_1_437' title='bbox 356 5024 441 5068; x_wconf 91' lang='lat' dir='ltr'><strong>se.</strong></span> <span class='ocrx_word' id='word_1_438' title='bbox 476 5005 557 5066; x_wconf 89' lang='lat' dir='ltr'><strong>Et</strong></span> <span class='ocrx_word' id='word_1_439' title='bbox 586 5002 712 5065; x_wconf 84' lang='lat' dir='ltr'><strong>hoc</strong></span> <span class='ocrx_word' id='word_1_440' title='bbox 744 5000 915 5063; x_wconf 86' lang='lat' dir='ltr'><strong>idem</strong></span> <span class='ocrx_word' id='word_1_441' title='bbox 956 4997 1247 5078; x_wconf 87' lang='lat' dir='ltr'><strong>designat</strong></span> <span class='ocrx_word' id='word_1_442' title='bbox 1283 4996 1729 5078; x_wconf 87' lang='lat' dir='ltr'><strong>dignissimum</strong></span> <span class='ocrx_word' id='word_1_443' title='bbox 1760 5015 1867 5060; x_wconf 92' lang='lat' dir='ltr'><strong>no-</strong></span> 
     </span>
     <span class='ocr_line' id='line_1_68' title="bbox 358 5096 1865 5178; baseline -0.005 -12"><span class='ocrx_word' id='word_1_444' title='bbox 358 5123 505 5168; x_wconf 88' lang='lat' dir='ltr'><strong>men</strong></span> <span class='ocrx_word' id='word_1_445' title='bbox 564 5101 744 5166; x_wconf 89' lang='lat' dir='ltr'><strong>istud</strong></span> <span class='ocrx_word' id='word_1_446' title='bbox 803 5104 1363 5178; x_wconf 82' lang='lat' dir='ltr'><strong>tetragrammaton</strong></span> <span class='ocrx_word' id='word_1_447' title='bbox 1404 5113 1530 5164; x_wconf 60' lang='lat' dir='ltr'><strong>mn*</strong></span> <span class='ocrx_word' id='word_1_448' title='bbox 1560 5096 1865 5159; x_wconf 90' lang='lat' dir='ltr'><strong>divinitus</strong></span> 
     </span>
     <span class='ocr_line' id='line_1_69' title="bbox 358 5192 1864 5280; baseline -0.007 -15"><span class='ocrx_word' id='word_1_449' title='bbox 358 5200 719 5265; x_wconf 81' lang='lat' dir='ltr'><strong>revelatum</strong></span> <span class='ocrx_word' id='word_1_450' title='bbox 748 5217 763 5261; x_wconf 90' lang='lat'><strong>:</strong></span> <span class='ocrx_word' id='word_1_451' title='bbox 789 5198 981 5280; x_wconf 91' lang='lat' dir='ltr'><strong>quod,</strong></span> <span class='ocrx_word' id='word_1_452' title='bbox 1016 5203 1087 5258; x_wconf 92' lang='lat' dir='ltr'><strong>ut</strong></span> <span class='ocrx_word' id='word_1_453' title='bbox 1114 5193 1315 5258; x_wconf 83' lang='lat' dir='ltr'><strong>Rabbi</strong></span> <span class='ocrx_word' id='word_1_454' title='bbox 1337 5193 1577 5277; x_wconf 82' lang='lat' dir='ltr'><strong>Moyses</strong></span> <span class='ocrx_word' id='word_1_455' title='bbox 1610 5192 1864 5268; x_wconf 84' lang='lat' dir='ltr'><strong>fatetur,</strong></span> 
     </span>
     <span class='ocr_line' id='line_1_70' title="bbox 362 5292 1867 5384; baseline -0.005 -21"><span class='ocrx_word' id='word_1_456' title='bbox 362 5301 625 5384; x_wconf 86' lang='lat' dir='ltr'><strong>penitus</strong></span> <span class='ocrx_word' id='word_1_457' title='bbox 666 5297 957 5360; x_wconf 88' lang='lat' dir='ltr'><strong>absolute</strong></span> <span class='ocrx_word' id='word_1_458' title='bbox 998 5293 1291 5374; x_wconf 85' lang='lat' dir='ltr'><strong>designat</strong></span> <span class='ocrx_word' id='word_1_459' title='bbox 1330 5292 1614 5356; x_wconf 89' lang='lat' dir='ltr'><strong>divinam</strong></span> <span class='ocrx_word' id='word_1_460' title='bbox 1656 5311 1867 5356; x_wconf 89' lang='lat' dir='ltr'><strong>essen-</strong></span> 
     </span>
    </p>
   </div>
   <div class='ocr_carea' id='block_1_14' title="bbox 1964 3132 3475 4194">
    <p class='ocr_par' dir='ltr' id='par_1_18' title="bbox 1964 3132 3475 4194">
     <span class='ocr_line' id='line_1_71' title="bbox 1968 3132 3462 3216; baseline 0.001 -22"><span class='ocrx_word' id='word_1_461' title='bbox 1968 3133 2262 3216; x_wconf 87' lang='lat' dir='ltr'><strong>quamvis</strong></span> <span class='ocrx_word' id='word_1_462' title='bbox 2293 3150 2418 3197; x_wconf 89' lang='lat' dir='ltr'><strong>non</strong></span> <span class='ocrx_word' id='word_1_463' title='bbox 2452 3140 2580 3196; x_wconf 86' lang='lat' dir='ltr'><strong>tam</strong></span> <span class='ocrx_word' id='word_1_464' title='bbox 2620 3132 3011 3206; x_wconf 90' lang='lat' dir='ltr'><strong>absolutum,</strong></span> <span class='ocrx_word' id='word_1_465' title='bbox 3044 3133 3462 3196; x_wconf 88' lang='lat' dir='ltr'><strong>reverentiale</strong></span> 
     </span>
     <span class='ocr_line' id='line_1_72' title="bbox 1964 3231 3466 3314; baseline 0 -20"><span class='ocrx_word' id='word_1_466' title='bbox 1964 3250 2037 3294; x_wconf 90' lang='lat' dir='ltr'><strong>ac</strong></span> <span class='ocrx_word' id='word_1_467' title='bbox 2096 3231 2438 3314; x_wconf 83' lang='lat' dir='ltr'><strong>mysticum</strong></span> <span class='ocrx_word' id='word_1_468' title='bbox 2498 3237 2566 3294; x_wconf 92' lang='lat' dir='ltr'><strong>ut</strong></span> <span class='ocrx_word' id='word_1_469' title='bbox 2625 3248 2860 3295; x_wconf 91' lang='lat' dir='ltr'><strong>nomen</strong></span> <span class='ocrx_word' id='word_1_470' title='bbox 2917 3231 3040 3294; x_wconf 88' lang='lat' dir='ltr'><strong>hoc</strong></span> <span class='ocrx_word' id='word_1_471' title='bbox 3094 3238 3466 3312; x_wconf 88' lang='lat' dir='ltr'><strong>tetragram-</strong></span> 
     </span>
     <span class='ocr_line' id='line_1_73' title="bbox 1966 3329 3475 3411; baseline 0.003 -20"><span class='ocrx_word' id='word_1_472' title='bbox 1966 3337 2180 3392; x_wconf 88' lang='lat' dir='ltr'><strong>maton</strong></span> <span class='ocrx_word' id='word_1_473' title='bbox 2213 3345 2357 3394; x_wconf 59' lang='grc' dir='ltr'><strong>πων.</strong></span> <span class='ocrx_word' id='word_1_474' title='bbox 2407 3329 2667 3410; x_wconf 88' lang='lat' dir='ltr'><strong>Propter</strong></span> <span class='ocrx_word' id='word_1_475' title='bbox 2709 3331 2878 3410; x_wconf 91' lang='lat' dir='ltr'><strong>quod</strong></span> <span class='ocrx_word' id='word_1_476' title='bbox 2924 3329 3158 3411; x_wconf 79' lang='lat' dir='ltr'><strong>linguae</strong></span> <span class='ocrx_word' id='word_1_477' title='bbox 3197 3329 3475 3395; x_wconf 79' lang='lat' dir='ltr'><strong>Hebraeae</strong></span> 
     </span>
     <span class='ocr_line' id='line_1_74' title="bbox 1968 3427 3464 3510; baseline 0 -20"><span class='ocrx_word' id='word_1_478' title='bbox 1968 3427 2180 3510; x_wconf 87' lang='lat' dir='ltr'><strong>periti,</strong></span> <span class='ocrx_word' id='word_1_479' title='bbox 2225 3435 2290 3488; x_wconf 92' lang='lat' dir='ltr'><strong>et</strong></span> <span class='ocrx_word' id='word_1_480' title='bbox 2333 3427 2399 3490; x_wconf 90' lang='lat' dir='ltr'><strong>in</strong></span> <span class='ocrx_word' id='word_1_481' title='bbox 2443 3427 2790 3510; x_wconf 89' lang='lat' dir='ltr'><strong>Scripturis</strong></span> <span class='ocrx_word' id='word_1_482' title='bbox 2833 3427 3066 3501; x_wconf 89' lang='lat' dir='ltr'><strong>edocti,</strong></span> <span class='ocrx_word' id='word_1_483' title='bbox 3111 3427 3464 3502; x_wconf 79' lang='lat' dir='ltr'><strong>affirmant,</strong></span> 
     </span>
     <span class='ocr_line' id='line_1_75' title="bbox 1966 3525 3469 3606; baseline 0 -18"><span class='ocrx_word' id='word_1_484' title='bbox 1966 3525 2166 3588; x_wconf 84' lang='lat' dir='ltr'><strong>Exodi</strong></span> <span class='ocrx_word' id='word_1_485' title='bbox 2223 3533 2422 3598; x_wconf 86' lang='lat' dir='ltr'><strong>sexto,</strong></span> <span class='ocrx_word' id='word_1_486' title='bbox 2469 3541 2598 3606; x_wconf 89' lang='lat' dir='ltr'><strong>quo</strong></span> <span class='ocrx_word' id='word_1_487' title='bbox 2647 3525 2902 3605; x_wconf 85' lang='lat' dir='ltr'><strong>legitur,</strong></span> <span class='ocrx_word' id='word_1_488' title='bbox 2953 3525 3199 3589; x_wconf 88' lang='lat' dir='ltr'><strong>Nomen</strong></span> <span class='ocrx_word' id='word_1_489' title='bbox 3257 3544 3469 3588; x_wconf 91' lang='lat' dir='ltr'><strong>meum</strong></span> 
     </span>
     <span class='ocr_line' id='line_1_76' title="bbox 1966 3621 3470 3704; baseline -0.001 -18"><span class='ocrx_word' id='word_1_490' title='bbox 1966 3623 2233 3696; x_wconf 84' lang='lat' dir='ltr'><strong>Adonai,</strong></span> <span class='ocrx_word' id='word_1_491' title='bbox 2285 3629 2434 3696; x_wconf 89' lang='lat' dir='ltr'><strong>etc.,</strong></span> <span class='ocrx_word' id='word_1_492' title='bbox 2486 3621 2800 3704; x_wconf 85' lang='lat' dir='ltr'><strong>scriptum</strong></span> <span class='ocrx_word' id='word_1_493' title='bbox 2863 3639 2990 3686; x_wconf 90' lang='lat' dir='ltr'><strong>non</strong></span> <span class='ocrx_word' id='word_1_494' title='bbox 3044 3641 3184 3687; x_wconf 91' lang='lat' dir='ltr'><strong>esse</strong></span> <span class='ocrx_word' id='word_1_495' title='bbox 3229 3623 3470 3686; x_wconf 83' lang='lat' dir='ltr'><strong>Adonai</strong></span> 
     </span>
     <span class='ocr_line' id='line_1_77' title="bbox 1966 3720 3470 3804; baseline 0.001 -22"><span class='ocrx_word' id='word_1_496' title='bbox 1966 3739 2119 3792; x_wconf 60' lang='lat'><strong>⁹³58,</strong></span> <span class='ocrx_word' id='word_1_497' title='bbox 2178 3720 2290 3782; x_wconf 86' lang='lat' dir='ltr'><strong>sed</strong></span> <span class='ocrx_word' id='word_1_498' title='bbox 2347 3727 2908 3802; x_wconf 76' lang='lat' dir='ltr'><strong>tetragrammaton</strong></span> <span class='ocrx_word' id='word_1_499' title='bbox 2956 3737 3102 3796; x_wconf 65' lang='lat' dir='ltr'><strong>mm,</strong></span> <span class='ocrx_word' id='word_1_500' title='bbox 3163 3723 3332 3804; x_wconf 91' lang='lat' dir='ltr'><strong>quod</strong></span> <span class='ocrx_word' id='word_1_501' title='bbox 3389 3721 3470 3784; x_wconf 92' lang='lat' dir='ltr'><strong>ab</strong></span> 
     </span>
     <span class='ocr_line' id='line_1_78' title="bbox 1965 3817 3471 3884; baseline 0.002 -3"><span class='ocrx_word' id='word_1_502' title='bbox 1965 3817 2250 3881; x_wconf 79' lang='lat' dir='ltr'><strong>Hebraeis</strong></span> <span class='ocrx_word' id='word_1_503' title='bbox 2307 3825 2498 3882; x_wconf 79' lang='lat' dir='ltr'><strong>tantae</strong></span> <span class='ocrx_word' id='word_1_504' title='bbox 2557 3819 2910 3882; x_wconf 85' lang='lat' dir='ltr'><strong>sanctitatis</strong></span> <span class='ocrx_word' id='word_1_505' title='bbox 2966 3837 3041 3882; x_wconf 88' lang='lat' dir='ltr'><strong>ac</strong></span> <span class='ocrx_word' id='word_1_506' title='bbox 3097 3820 3471 3884; x_wconf 81' lang='lat' dir='ltr'><strong>reverentiae</strong></span> 
     </span>
     <span class='ocr_line' id='line_1_79' title="bbox 1966 3917 3469 3998; baseline 0.001 -20"><span class='ocrx_word' id='word_1_507' title='bbox 1966 3923 2320 3998; x_wconf 89' lang='lat' dir='ltr'><strong>reputatur,</strong></span> <span class='ocrx_word' id='word_1_508' title='bbox 2373 3925 2443 3978; x_wconf 89' lang='lat' dir='ltr'><strong>ut</strong></span> <span class='ocrx_word' id='word_1_509' title='bbox 2499 3917 2816 3979; x_wconf 90' lang='lat' dir='ltr'><strong>nominari</strong></span> <span class='ocrx_word' id='word_1_510' title='bbox 2879 3934 3004 3980; x_wconf 90' lang='lat' dir='ltr'><strong>non</strong></span> <span class='ocrx_word' id='word_1_511' title='bbox 3061 3917 3289 3980; x_wconf 90' lang='lat' dir='ltr'><strong>debeat</strong></span> <span class='ocrx_word' id='word_1_512' title='bbox 3345 3917 3469 3980; x_wconf 89' lang='lat' dir='ltr'><strong>nisi</strong></span> 
     </span>
     <span class='ocr_line' id='line_1_80' title="bbox 1966 4013 3470 4086; baseline -0.001 -9"><span class='ocrx_word' id='word_1_513' title='bbox 1966 4034 2005 4077; x_wconf 91' lang='lat' dir='ltr'><strong>a</strong></span> <span class='ocrx_word' id='word_1_514' title='bbox 2046 4030 2304 4076; x_wconf 91' lang='lat' dir='ltr'><strong>summo</strong></span> <span class='ocrx_word' id='word_1_515' title='bbox 2348 4015 2694 4086; x_wconf 88' lang='lat' dir='ltr'><strong>sacerdote,</strong></span> <span class='ocrx_word' id='word_1_516' title='bbox 2743 4021 2808 4076; x_wconf 91' lang='lat' dir='ltr'><strong>et</strong></span> <span class='ocrx_word' id='word_1_517' title='bbox 2849 4013 3058 4076; x_wconf 90' lang='lat' dir='ltr'><strong>solum</strong></span> <span class='ocrx_word' id='word_1_518' title='bbox 3101 4015 3168 4077; x_wconf 90' lang='lat' dir='ltr'><strong>in</strong></span> <span class='ocrx_word' id='word_1_519' title='bbox 3211 4014 3470 4078; x_wconf 90' lang='lat' dir='ltr'><strong>benedi-</strong></span> 
     </span>
     <span class='ocr_line' id='line_1_81' title="bbox 1969 4110 3472 4194; baseline 0.001 -19"><span class='ocrx_word' id='word_1_520' title='bbox 1969 4110 2292 4176; x_wconf 89' lang='lat' dir='ltr'><strong>ctionibus</strong></span> <span class='ocrx_word' id='word_1_521' title='bbox 2331 4131 2472 4193; x_wconf 82' lang='lat' dir='ltr'><strong>quae</strong></span> <span class='ocrx_word' id='word_1_522' title='bbox 2514 4111 2682 4173; x_wconf 89' lang='lat' dir='ltr'><strong>fiunt</strong></span> <span class='ocrx_word' id='word_1_523' title='bbox 2723 4112 2787 4174; x_wconf 91' lang='lat' dir='ltr'><strong>in</strong></span> <span class='ocrx_word' id='word_1_524' title='bbox 2826 4111 3111 4194; x_wconf 90' lang='lat' dir='ltr'><strong>templo;</strong></span> <span class='ocrx_word' id='word_1_525' title='bbox 3153 4113 3293 4176; x_wconf 87' lang='lat' dir='ltr'><strong>ideo</strong></span> <span class='ocrx_word' id='word_1_526' title='bbox 3333 4113 3472 4177; x_wconf 92' lang='lat' dir='ltr'><strong>loco</strong></span> 
     </span>
    </p>
   </div>
   <div class='ocr_carea' id='block_1_15' title="bbox 1889 4207 3468 4293">
    <p class='ocr_par' dir='ltr' id='par_1_19' title="bbox 1889 4207 3468 4293">
     <span class='ocr_line' id='line_1_82' title="bbox 1889 4207 3468 4293; baseline -0.002 -16"><span class='ocrx_word' id='word_1_527' title='bbox 1889 4213 1940 4277; x_wconf 91' lang='lat' dir='ltr'>D</span> <span class='ocrx_word' id='word_1_528' title='bbox 1971 4211 2113 4293; x_wconf 90' lang='lat' dir='ltr'><strong>ejus</strong></span> <span class='ocrx_word' id='word_1_529' title='bbox 2172 4207 2624 4291; x_wconf 87' lang='lat' dir='ltr'><strong>pronuntiatur</strong></span> <span class='ocrx_word' id='word_1_530' title='bbox 2683 4207 2802 4270; x_wconf 88' lang='lat' dir='ltr'><strong>hoc</strong></span> <span class='ocrx_word' id='word_1_531' title='bbox 2853 4225 3110 4282; x_wconf 88' lang='lat' dir='ltr'><strong>nomen,</strong></span> <span class='ocrx_word' id='word_1_532' title='bbox 3159 4210 3398 4274; x_wconf 81' lang='lat' dir='ltr'><strong>Adonai</strong></span> <span class='ocrx_word' id='word_1_533' title='bbox 3455 4228 3468 4274; x_wconf 75' lang='grc' dir='ltr'>ε</span> 
     </span>
    </p>
   </div>
   <div class='ocr_carea' id='block_1_16' title="bbox 1972 4306 3478 5376">
    <p class='ocr_par' dir='ltr' id='par_1_20' title="bbox 1972 4306 3478 5376">
     <span class='ocr_line' id='line_1_83' title="bbox 1972 4306 3472 4389; baseline 0.002 -19"><span class='ocrx_word' id='word_1_534' title='bbox 1972 4309 2149 4372; x_wconf 84' lang='lat' dir='ltr'><strong>velut</strong></span> <span class='ocrx_word' id='word_1_535' title='bbox 2215 4307 2268 4370; x_wconf 90' lang='lat' dir='ltr'><strong>si</strong></span> <span class='ocrx_word' id='word_1_536' title='bbox 2335 4308 2506 4389; x_wconf 90' lang='lat' dir='ltr'><strong>apud</strong></span> <span class='ocrx_word' id='word_1_537' title='bbox 2571 4306 2960 4370; x_wconf 88' lang='lat' dir='ltr'><strong>Christianos</strong></span> <span class='ocrx_word' id='word_1_538' title='bbox 3027 4308 3148 4371; x_wconf 88' lang='lat' dir='ltr'><strong>hoc</strong></span> <span class='ocrx_word' id='word_1_539' title='bbox 3213 4327 3472 4382; x_wconf 88' lang='lat' dir='ltr'><strong>nomen,</strong></span> 
     </span>
     <span class='ocr_line' id='line_1_84' title="bbox 1974 4405 3476 4480; baseline 0.001 -11"><span class='ocrx_word' id='word_1_540' title='bbox 1974 4409 2160 4480; x_wconf 88' lang='lat' dir='ltr'><strong>Deus,</strong></span> <span class='ocrx_word' id='word_1_541' title='bbox 2211 4413 2399 4469; x_wconf 83' lang='lat' dir='ltr'><strong>tantae</strong></span> <span class='ocrx_word' id='word_1_542' title='bbox 2459 4405 2968 4470; x_wconf 83' lang='lat' dir='ltr'><strong>honorabilitatis</strong></span> <span class='ocrx_word' id='word_1_543' title='bbox 3016 4415 3080 4470; x_wconf 92' lang='lat' dir='ltr'><strong>et</strong></span> <span class='ocrx_word' id='word_1_544' title='bbox 3127 4409 3476 4471; x_wconf 85' lang='lat' dir='ltr'><strong>sanctitatis</strong></span> 
     </span>
     <span class='ocr_line' id='line_1_85' title="bbox 1972 4505 3478 4587; baseline 0.001 -19"><span class='ocrx_word' id='word_1_545' title='bbox 1972 4506 2372 4576; x_wconf 89' lang='lat' dir='ltr'><strong>consisteret,</strong></span> <span class='ocrx_word' id='word_1_546' title='bbox 2407 4505 2576 4587; x_wconf 91' lang='lat' dir='ltr'><strong>quod</strong></span> <span class='ocrx_word' id='word_1_547' title='bbox 2615 4505 3110 4586; x_wconf 87' lang='lat' dir='ltr'><strong>exprimendum</strong></span> <span class='ocrx_word' id='word_1_548' title='bbox 3151 4524 3280 4570; x_wconf 90' lang='lat' dir='ltr'><strong>non</strong></span> <span class='ocrx_word' id='word_1_549' title='bbox 3311 4515 3478 4570; x_wconf 88' lang='lat' dir='ltr'><strong>esset</strong></span> 
     </span>
     <span class='ocr_line' id='line_1_86' title="bbox 1972 4602 3474 4686; baseline 0.001 -20"><span class='ocrx_word' id='word_1_550' title='bbox 1972 4605 2099 4667; x_wconf 90' lang='lat' dir='ltr'><strong>nisi</strong></span> <span class='ocrx_word' id='word_1_551' title='bbox 2142 4623 2180 4666; x_wconf 88' lang='lat' dir='ltr'><strong>a</strong></span> <span class='ocrx_word' id='word_1_552' title='bbox 2225 4603 2508 4666; x_wconf 86' lang='lat' dir='ltr'><strong>Romano</strong></span> <span class='ocrx_word' id='word_1_553' title='bbox 2555 4602 2908 4683; x_wconf 81' lang='lat' dir='ltr'><strong>Pontifice3</strong></span> <span class='ocrx_word' id='word_1_554' title='bbox 2959 4611 3150 4686; x_wconf 86' lang='lat' dir='ltr'><strong>atque</strong></span> <span class='ocrx_word' id='word_1_555' title='bbox 3199 4605 3283 4668; x_wconf 88' lang='lat' dir='ltr'><strong>ob</strong></span> <span class='ocrx_word' id='word_1_556' title='bbox 3331 4605 3474 4680; x_wconf 90' lang='lat' dir='ltr'><strong>hoc,</strong></span> 
     </span>
     <span class='ocr_line' id='line_1_87' title="bbox 1972 4701 3477 4785; baseline 0.001 -20"><span class='ocrx_word' id='word_1_557' title='bbox 1972 4703 2366 4782; x_wconf 88' lang='lat' dir='ltr'><strong>ubicumque</strong></span> <span class='ocrx_word' id='word_1_558' title='bbox 2397 4701 2708 4784; x_wconf 88' lang='lat' dir='ltr'><strong>scriptum</strong></span> <span class='ocrx_word' id='word_1_559' title='bbox 2754 4709 2944 4774; x_wconf 91' lang='lat' dir='ltr'><strong>esset,</strong></span> <span class='ocrx_word' id='word_1_560' title='bbox 2978 4702 3119 4766; x_wconf 91' lang='lat' dir='ltr'><strong>loco</strong></span> <span class='ocrx_word' id='word_1_561' title='bbox 3156 4703 3296 4783; x_wconf 84' lang='lat' dir='ltr'><strong>ejus</strong></span> <span class='ocrx_word' id='word_1_562' title='bbox 3337 4721 3477 4785; x_wconf 90' lang='lat' dir='ltr'><strong>pro-</strong></span> 
     </span>
     <span class='ocr_line' id='line_1_88' title="bbox 1972 4798 3472 4872; baseline 0 -8"><span class='ocrx_word' id='word_1_563' title='bbox 1972 4800 2376 4864; x_wconf 89' lang='lat' dir='ltr'><strong>nuntiaretur</strong></span> <span class='ocrx_word' id='word_1_564' title='bbox 2417 4799 2538 4862; x_wconf 91' lang='lat' dir='ltr'><strong>hoc</strong></span> <span class='ocrx_word' id='word_1_565' title='bbox 2579 4817 2830 4872; x_wconf 90' lang='lat' dir='ltr'><strong>nomen,</strong></span> <span class='ocrx_word' id='word_1_566' title='bbox 2879 4798 3154 4872; x_wconf 89' lang='lat' dir='ltr'><strong>Creator,</strong></span> <span class='ocrx_word' id='word_1_567' title='bbox 3201 4819 3312 4863; x_wconf 90' lang='lat' dir='ltr'><strong>seu</strong></span> <span class='ocrx_word' id='word_1_568' title='bbox 3357 4801 3472 4864; x_wconf 89' lang='lat' dir='ltr'><strong>Do·</strong></span> 
     </span>
     <span class='ocr_line' id='line_1_89' title="bbox 1976 4897 3470 4979; baseline 0 -19"><span class='ocrx_word' id='word_1_569' title='bbox 1976 4899 2208 4960; x_wconf 89' lang='lat' dir='ltr'><strong>minus.</strong></span> <span class='ocrx_word' id='word_1_570' title='bbox 2257 4933 2334 4943; x_wconf 90' lang='lat'>—</span> <span class='ocrx_word' id='word_1_571' title='bbox 2380 4897 2538 4960; x_wconf 86' lang='lat' dir='ltr'><strong>Hinc</strong></span> <span class='ocrx_word' id='word_1_572' title='bbox 2589 4914 2866 4979; x_wconf 87' lang='lat' dir='ltr'><strong>quoque,</strong></span> <span class='ocrx_word' id='word_1_573' title='bbox 2917 4905 2988 4960; x_wconf 90' lang='lat' dir='ltr'><strong>ut</strong></span> <span class='ocrx_word' id='word_1_574' title='bbox 3039 4898 3298 4978; x_wconf 88' lang='lat' dir='ltr'><strong>quidam</strong></span> <span class='ocrx_word' id='word_1_575' title='bbox 3343 4916 3470 4962; x_wconf 89' lang='lat' dir='ltr'><strong>non</strong></span> 
     </span>
     <span class='ocr_line' id='line_1_90' title="bbox 1976 4995 3468 5078; baseline -0.001 -19"><span class='ocrx_word' id='word_1_576' title='bbox 1976 4997 2190 5078; x_wconf 87' lang='lat' dir='ltr'><strong>inepte</strong></span> <span class='ocrx_word' id='word_1_577' title='bbox 2232 4996 2552 5068; x_wconf 89' lang='lat' dir='ltr'><strong>dixerunt,</strong></span> <span class='ocrx_word' id='word_1_578' title='bbox 2595 4995 2714 5059; x_wconf 90' lang='lat' dir='ltr'><strong>hoc</strong></span> <span class='ocrx_word' id='word_1_579' title='bbox 2759 5013 3016 5070; x_wconf 88' lang='lat' dir='ltr'><strong>nomen,</strong></span> <span class='ocrx_word' id='word_1_580' title='bbox 3057 4995 3176 5070; x_wconf 87' lang='lat' dir='ltr'><strong>Qui</strong></span> <span class='ocrx_word' id='word_1_581' title='bbox 3219 5004 3316 5058; x_wconf 85' lang='lat' dir='ltr'><strong>est</strong></span> <span class='ocrx_word' id='word_1_582' title='bbox 3357 5015 3468 5059; x_wconf 90' lang='lat' dir='ltr'><strong>seu</strong></span> 
     </span>
     <span class='ocr_line' id='line_1_91' title="bbox 1978 5094 3470 5178; baseline 0.001 -21"><span class='ocrx_word' id='word_1_583' title='bbox 1978 5095 2151 5166; x_wconf 87' lang='lat' dir='ltr'><strong>Esse,</strong></span> <span class='ocrx_word' id='word_1_584' title='bbox 2195 5101 2292 5156; x_wconf 91' lang='lat' dir='ltr'><strong>est</strong></span> <span class='ocrx_word' id='word_1_585' title='bbox 2340 5095 2614 5156; x_wconf 87' lang='lat' dir='ltr'><strong>maxime</strong></span> <span class='ocrx_word' id='word_1_586' title='bbox 2663 5095 2994 5178; x_wconf 90' lang='lat' dir='ltr'><strong>proprium</strong></span> <span class='ocrx_word' id='word_1_587' title='bbox 3043 5094 3192 5158; x_wconf 89' lang='lat' dir='ltr'><strong>Deo.</strong></span> <span class='ocrx_word' id='word_1_588' title='bbox 3237 5094 3470 5169; x_wconf 90' lang='lat' dir='ltr'><strong>Primo,</strong></span> 
     </span>
     <span class='ocr_line' id='line_1_92' title="bbox 1976 5191 3476 5275; baseline 0.001 -18"><span class='ocrx_word' id='word_1_589' title='bbox 1976 5193 2059 5257; x_wconf 92' lang='lat' dir='ltr'><strong>ob</strong></span> <span class='ocrx_word' id='word_1_590' title='bbox 2103 5210 2284 5254; x_wconf 86' lang='lat' dir='ltr'><strong>suam</strong></span> <span class='ocrx_word' id='word_1_591' title='bbox 2329 5191 2866 5272; x_wconf 78' lang='lat' dir='ltr'><strong>significationem</strong></span> <span class='ocrx_word' id='word_1_592' title='bbox 2909 5210 2922 5254; x_wconf 92' lang='lat'>:</span> <span class='ocrx_word' id='word_1_593' title='bbox 2969 5191 3260 5275; x_wconf 89' lang='lat' dir='ltr'><strong>designat</strong></span> <span class='ocrx_word' id='word_1_594' title='bbox 3299 5211 3476 5258; x_wconf 89' lang='lat' dir='ltr'><strong>nam·</strong></span> 
     </span>
     <span class='ocr_line' id='line_1_93' title="bbox 1980 5291 3474 5376; baseline 0.001 -20"><span class='ocrx_word' id='word_1_595' title='bbox 1980 5311 2105 5374; x_wconf 88' lang='lat' dir='ltr'><strong>que</strong></span> <span class='ocrx_word' id='word_1_596' title='bbox 2135 5309 2264 5356; x_wconf 90' lang='lat' dir='ltr'><strong>non</strong></span> <span class='ocrx_word' id='word_1_597' title='bbox 2294 5291 2574 5374; x_wconf 90' lang='lat' dir='ltr'><strong>aliquam</strong></span> <span class='ocrx_word' id='word_1_598' title='bbox 2607 5291 3026 5366; x_wconf 86' lang='lat' dir='ltr'><strong>formam,sed</strong></span> <span class='ocrx_word' id='word_1_599' title='bbox 3059 5292 3270 5376; x_wconf 82' lang='lat' dir='ltr'><strong>ipsum</strong></span> <span class='ocrx_word' id='word_1_600' title='bbox 3301 5312 3474 5375; x_wconf 82' lang='lat' dir='ltr'><strong>esse3</strong></span> 
     </span>
    </p>
   </div>
  </div>
 </body>
</html>
