4300 6259
864 490 986 555 420
1435 510 1513 557 DE
1555 508 1781 556 Lunum
1823 506 2206 554 cnms'rtANAE
2247 502 2549 561 ‘ramma-3,
2593 505 2770 550 LIBER
2812 506 2875 550 11.
2921 525 3002 535 -—
3044 508 3184 553 ΛΒΤ.
3231 508 3426 553 XXVIII

868 678 1099 741 misisti
1128 680 1343 742 Jesum
1374 678 1716 743 Christum.
1752 677 1868 742 Ubi
1913 677 1992 739 de
2032 674 2365 738 divinitate
2399 674 2448 736 A
2482 691 2818 755 personam
2852 676 3128 751 tertiam,
3161 694 3240 739 ex
3277 694 3354 741 eo
3392 677 3562 759 quod
3592 677 3658 739 in
3685 676 3948 740 Matthaeo

867 776 1143 859 Spiritus
1174 777 1385 840 Sancti
1418 778 1594 840 nulla
1626 795 1882 859 prorsus
1925 774 2165 837 mentio
2204 773 2370 835 facta
2477 772 2640 834 dixit
2667 773 2972 849 Salvator,
3005 775 3330 838 elucescit.
3355 776 3522 839 Dicit
3551 776 3717 839 enim
3748 793 3760 837 :
3793 776 3944 837 Eun·
3993 791 4132 835 unici.

869 883 967 937 est
1014 893 1028 937 ι
1076 874 1208 939 imo
1240 876 1295 938 si
1333 876 1609 958 Spiritus
1656 877 1923 939 Sanctus
1966 879 2135 935 esset
2178 873 2366 945 DeuS,
2477 878 2572 933 tes
2616 872 2836 935 docete
2877 890 3099 936 omnes
3147 883 3390 955 gentes,
3433 873 3807 957 baptizantes
3849 858 4146 937 e0s¹¹‘¹¹¹·¹’·

868 990 997 1035 non
1028 973 1297 1037 dubium
1332 974 1489 1055 quin
1513 981 1576 1036 et
1608 974 1672 1036 in
1705 973 1907 1056 ipsius
1936 971 2261 1051 agnitione
2285 969 2370 1032 fe·
2480 969 2546 1031 in
2579 970 2838 1033 nomine
2868 971 3090 1045 Patris,
3119 980 3185 1035 et
3214 972 3379 1047 Filii,
3411 980 3476 1036 et
3515 972 3778 1055 Spiritus
3813 972 3951 1034 San-

871 1070 1077 1133 licitas
1126 1078 1361 1144 nostra,
1395 1091 1537 1154 quae
1576 1080 1675 1135 est
1712 1072 1843 1134 vita
1882 1077 2137 1142 aeterna,
2175 1075 2369 1131 statu-
2480 1068 2585 1130 cti.
2634 1068 2710 1129 Et
2757 1067 2912 1131 alibi
2963 1070 3206 1134 dictum
3254 1080 3354 1134 est
3403 1089 3418 1134 :
3468 1071 3674 1145 Quum
3725 1070 3951 1133 venerit
3993 1086 4179 1136 mn,

872 1169 1035 1231 enda
1076 1177 1263 1232 esset.
1298 1170 1558 1243 lterum,
1591 1170 1671 1232 ad
1700 1170 2015 1233 Romanos
2056 1166 2366 1239 scribenS,
2479 1166 2858 1241 ParacletuS,
2903 1187 3094 1250 quem
3141 1186 3260 1250 ego
3304 1170 3554 1232 mittam
3593 1168 3826 1233 vobisa
3853 1170 3950 1231 Pa-
3973 1154 4030 1193 ³⁶·

590 1286 721 1329 Rom.
743 1300 773 1338 ι,
802 1288 841 1329 ⁷.
871 1268 961 1329 ait
995 1268 1337 1351 Apostolus
1381 1285 1394 1329 :
1440 1269 1651 1332 Gratia
1681 1266 1862 1331 vobis
1904 1274 1968 1329 et
2007 1286 2129 1349 pax
2168 1284 2205 1326 a
2242 1265 2371 1328 Deo
2481 1272 2598 1337 tre,
2633 1264 2942 1346 Spiritum
2975 1266 3283 1341 veritatis,
3317 1267 3428 1349 qui
3465 1287 3504 1329 a
3539 1267 3714 1330 Patre
3749 1285 3950 1349 proce-

871 1367 1051 1429 Patre
1091 1374 1329 1438 nostro,
1362 1373 1428 1429 et
1468 1367 1737 1430 Domino
1773 1367 1921 1429 Jesu
1965 1364 2235 1428 Christo.
2269 1363 2369 1424 Vi·
2480 1362 2590 1423 dit.
2641 1362 2816 1425 Unde
2863 1364 3070 1446 palam
3109 1373 3208 1427 est
3249 1366 3644 1449 Scripturam
3691 1372 3952 1427 sanctam

872 1465 1058 1527 detur
1105 1483 1256 1546 ergo
1300 1465 1577 1547 Spiritus
1623 1465 1891 1527 Sanctus
1932 1464 2032 1544 (ut
2075 1462 2369 1525 homines
2482 1460 2654 1542 loqui
2698 1461 2776 1523 de
2820 1462 3060 1544 Spiritu
3105 1463 3336 1527 Sancto
3377 1464 3546 1527 sicut
3587 1464 3664 1527 de
3705 1481 3954 1547 persona

873 1563 976 1625 isti
1022 1563 1264 1645 opinati
1310 1565 1488 1644 sunt)
1529 1581 1657 1626 non
1700 1581 1837 1625 esse
1882 1563 2068 1624 Deus,
2479 1558 2692 1641 aliqua
2734 1577 2882 1623 vere
2925 1560 3321 1623 subsistenti.

951 1661 1277 1735 Praeterea,
1312 1662 1440 1725 Deo
1472 1660 1780 1743 competit
1822 1678 1948 1723 non
1987 1660 2121 1740 jam
2165 1676 2367 1731 orare,
2558 1656 2732 1730 Quod
2775 1666 2990 1720 autem
3033 1659 3308 1741 Spiritus
3347 1660 3616 1723 Sanctus
3661 1659 3740 1721 sit
3781 1678 3956 1723 verus

871 1760 984 1822 sed
1034 1760 1221 1823 orari.
1276 1760 1398 1822 Sed
1448 1760 1715 1842 Spiritui
1776 1759 2004 1821 Sancto
2062 1755 2372 1838 competit
2478 1755 2668 1830 DeuS‚
2706 1757 2956 1819 ostendi
3001 1764 3206 1839 potest
3245 1776 3324 1821 ex
3368 1758 3768 1822 evidentibus
3806 1758 3958 1821 Scri-

869 1875 1073 1929 orare,
1126 1857 1293 1920 sicut
1340 1858 1653 1940 scriptum
1703 1864 1798 1919 est
1844 1856 1923 1917 ad
1980 1856 2295 1918 Romanos
2351 1870 2366 1915 :
2405 1856 2451 1919 B
2481 1861 2682 1936 pturae
2730 1854 3134 1918 testimoniis,
3195 1855 3743 1939 Comprehendere
3793 1857 3956 1919 enim

610 1976 725 2019 Ibid.
756 1987 844 2028 vm,
871 1956 1013 2037 lpse
1044 1955 1319 2039 Spiritus
1351 1956 1631 2038 postulat
1660 1972 1778 2037 pro
1807 1952 1993 2017 nobis
2022 1950 2369 2033 gemitibus
2479 1952 2696 2016 omnia
2742 1952 3060 2035 profunda
3107 1953 3242 2028 Dei,
3295 1955 3411 2017 soli
3461 1955 3591 2017 Deo
3643 1955 3954 2037 proprium

577 2041 646 2083 ²⁶·
873 2053 1581 2116 inenarrabilibus.Non
1614 2061 1711 2114 est
1740 2052 1935 2133 igitur
1952 2052 2053 2131 (ut
2082 2050 2373 2132 apparet)
2478 2059 2596 2125 est,
2649 2051 2816 2113 sicut
2863 2070 3030 2134 saepe
3079 2059 3408 2115 ostensum
3455 2060 3570 2116 est.
3623 2054 3740 2117 Sed
3788 2052 3958 2134 juxta

873 2150 1195 2233 perfectus
1252 2169 1327 2213 ac
1375 2170 1565 2213 verus
1616 2152 1802 2213 Deus.
1858 2151 1938 2213 At
1984 2166 2137 2212 vero
2199 2147 2252 2208 is
2303 2147 2367 2208 in
2477 2148 2876 2231 Apostolum,
2929 2151 3096 2212 sicut
3143 2151 3361 2214 nullus
3407 2151 3587 2215 novit
3637 2171 3775 2234 quae
3819 2159 4177 2214 sunticomn.

871 2268 1065 2331 quem
1125 2249 1385 2312 tristitia
1435 2248 1603 2311 cadit
1650 2256 1714 2311 et
1760 2249 1870 2331 qui
1934 2246 2192 2311 mobilis
2249 2252 2367 2320 est,
2479 2247 2757 2310 hominis
2797 2248 2922 2310 nisi
2967 2248 3234 2331 spiritus
3277 2248 3560 2312 hominis
3601 2250 3708 2331 qni
3752 2250 3814 2312 in
3854 2250 3956 2313 ho-

870 2348 1037 2410 Deus
1068 2366 1208 2409 esse
1238 2347 1478 2429 nequit.
1514 2348 2027 2409 Demonstratum
2061 2353 2159 2407 est
2196 2345 2369 2407 enim
2481 2346 2654 2408 mine
2683 2353 2800 2419 est,
2828 2346 2914 2408 ita
2941 2353 3006 2408 et
3035 2364 3178 2428 quae
3207 2355 3358 2410 sunt
3387 2348 3498 2410 Dei
3531 2365 3717 2411 nemo
3747 2366 3962 2429 cogno-

664 2466 839 2507 mxv.
870 2444 936 2508 in
968 2444 1180 2527 primo
1209 2443 1395 2519 libro,
1416 2445 1586 2527 quod
1618 2444 1908 2507 divinum
1940 2462 2053 2507 ens
2086 2443 2170 2505 sit
2199 2461 2372 2524 pror·
2480 2442 2574 2503 vit
2603 2442 2723 2505 nisi
2759 2443 3036 2525 Spiritus
3077 2442 3209 2505 Dei.
3245 2444 3338 2506 Ex
3373 2444 3474 2506 his
3512 2452 3724 2508 autem
3761 2446 3961 2509 verbis

868 2563 977 2605 sus
1025 2541 1553 2606 incommutabile
1600 2549 1664 2605 et
1712 2542 2090 2625 perfectum.
2134 2542 2257 2605 Sed
2305 2542 2369 2603 in
2478 2541 2764 2623 Apostoli
2812 2542 3022 2604 adhuc
3069 2542 3196 2605 alia
3237 2542 3399 2606 ratio
3443 2542 3702 2607 formari
3749 2552 3960 2626 potest.

867 2640 1180 2724 Spiritum
1210 2641 1511 2705 Sanctum
1552 2642 1790 2703 cadunt
1833 2641 2091 2703 tristitia
2134 2648 2200 2703 et
2242 2656 2371 2702 mo-
2478 2640 2634 2702 Nam
2685 2640 3040 2702 secundum
3090 2642 3633 2723 comparationem
3670 2641 3962 2724 Apostoli,

866 2748 989 2803 tus.
1026 2741 1349 2823 Scriptum
1381 2748 1477 2804 est
1507 2740 1806 2823 equidem
1842 2740 1906 2803 in
1939 2740 2103 2803 libro
2134 2756 2369 2803 sermo·
2480 2738 2754 2820 Spiritus
2784 2738 2898 2800 Dei
2928 2756 2996 2800 se
3025 2737 3220 2801 habet
3247 2739 3326 2802 ad
3357 2740 3561 2803 Deum
3591 2741 3756 2803 sicut
3792 2741 3967 2823 spiri-

573 2864 835 2919 Iam-mo,
868 2857 1023 2901 num
1066 2837 1242 2903 lsaiae
1277 2856 1290 2900 ε
1325 2839 1453 2921 Ipsi
1496 2840 1574 2901 ad
1622 2838 2021 2901 iracundiam
2067 2855 2368 2921 provoca·
2479 2844 2576 2899 tus
2606 2836 2886 2899 hominis
2917 2855 2984 2899 se
3014 2836 3208 2900 habet
3235 2838 3314 2901 ad
3345 2837 3692 2902 hominem.
3708 2840 3964 2921 Spiritus

564 2930 692 2985 ἕω·
718 2928 837 2973 ¹⁴¹¹·
867 2944 1097 2999 verunt
1152 2944 1217 2999 et
1273 2936 1649 2999 afflixerunt
1716 2936 2015 3018 spiritum
2074 2943 2368 2999 sanctum
2477 2943 2692 2997 autem
2733 2935 3012 2998 hominis
3055 2944 3154 2998 est
3194 2936 3442 2999 homini
3487 2936 3869 3001 intrinsecus
3909 2944 3966 2999 et

587 3054 835 3111 Epnemv,
863 3034 1027 3115 ejus.
1073 3034 1413 3117 Apostolus
1461 3035 1727 3118 insuper
1776 3033 1865 3097 ait
1912 3052 1926 3096 :
1974 3033 2181 3097 Nolite
2228 3051 2368 3096 con·
2405 3034 2447 3097 C
2476 3033 2721 3115 aliquid
2769 3033 2932 3114 ejus,
2975 3052 3186 3116 neque
3231 3042 3330 3097 est
3377 3044 3620 3100 naturae
3665 3045 3963 3099 extraneae

572 3121 639 3161 ³⁰·
863 3134 1115 3195 tristare
1146 3133 1454 3215 Spiritum
1488 3133 1789 3196 Sanctum
1820 3134 1951 3195 Dei.
1971 3134 2058 3195 De
2088 3133 2366 3196 motione
2476 3131 2557 3195 ab
2589 3133 2866 3195 homine.
2903 3132 3177 3214 Spiritus
3207 3151 3358 3215 ergo
3398 3134 3668 3197 Sanctus
3709 3153 3834 3198 non
3877 3142 3964 3198 est

863 3250 1119 3314 quoque
1149 3231 1425 3314 Spiritus
1456 3231 1668 3294 Sancti
1703 3231 1937 3294 dicitur
1976 3232 2041 3293 in
2084 3231 2312 3295 Genesi
2347 3248 2360 3293 :
2477 3238 2718 3293 naturae
2775 3237 3088 3294 extraneae
3135 3250 3172 3293 a
3221 3230 3346 3295 Deo
3397 3250 3411 3293 :
3465 3250 3596 3295 non
3644 3233 3834 3314 igitur
3873 3242 3960 3295 est

612 3351 725 3395 Gen.
740 3366 770 3404 ι,
792 3352 833 3393 2.
865 3330 1139 3412 Spiritus
1192 3330 1445 3393 Domini
1505 3329 1831 3392 ferebatur
1890 3348 2085 3411 super
2140 3348 2358 3411 aquaS.
2477 3334 2782 3391 creatura.
2817 3329 3146 3403 Praeterea,
3179 3329 3567 3395 creationem
3599 3350 3812 3394 rerum
3843 3350 3958 3395 non

865 3428 1230 3503 Enimvero,
1266 3429 1507 3491 donans
1537 3427 1728 3491 habet
1772 3428 2131 3491 dominium
2169 3446 2365 3510 super
2475 3428 2810 3490 consuevit
2851 3428 3179 3509 Scriptura
3219 3428 3412 3490 alicui
3453 3429 3803 3493 attribuere
3845 3429 3956 3493 nisi

864 3526 1105 3590 donum
1154 3526 1323 3608 quod
1377 3526 1660 3606 largitur.
1713 3525 1940 3588 Nullus
1988 3526 2161 3588 enim
2215 3543 2362 3589 con-
2475 3526 2620 3588 Deo.
2657 3526 2994 3588 Ostensum
3027 3543 3282 3608 quoque
3312 3527 3502 3589 estin
3535 3528 3767 3609 primo,
3799 3528 3955 3611 quod
3993 3550 4172 3589 utm-
4231 3562 4233 3569 ·

863 3643 1020 3705 grue
1050 3625 1174 3699 dat,
1206 3625 1393 3706 cujus
1425 3623 1782 3687 dominium
1826 3642 1953 3688 non
1994 3623 2203 3687 habet.
2242 3624 2362 3687 Sed
2473 3642 2686 3686 creare
2718 3623 2800 3685 sit
2830 3624 3164 3705 proprium
3193 3624 3343 3698 Dee,
3378 3625 3564 3705 cujus
3603 3627 3802 3689 solius
3837 3627 3956 3689 vita
3975 3624 4064 3653 ¹⁶⁷¹*

864 3722 1027 3785 Patri
1059 3722 1345 3805 Filioque
1376 3740 1717 3786 commune
1748 3730 1844 3785 est
1872 3723 2021 3786 dare
2052 3722 2362 3804 Spiritum
2473 3738 2734 3803 prorsus
2794 3721 3115 3784 illimitata
3161 3730 3277 3785 est.
3331 3722 3453 3786 Sed
3503 3723 3771 3807 Spiritui
3821 3726 3956 3789 San-

867 3821 1187 3883 Sanctum.
1232 3822 1320 3883 De
1362 3821 1541 3884 Patre
1581 3820 1844 3904 quidem
1890 3821 1955 3881 in
1998 3820 2170 3883 Luca
2213 3821 2364 3882 scri·
2472 3826 2574 3881 cto
2610 3817 2902 3881 attribuit
2930 3820 3258 3903 Scriptura
3299 3838 3514 3884 rerum
3559 3824 3954 3895 creationem,

571 3941 837 3994 Lue.x=,1a.
867 3928 1048 4002 ptum
1081 3926 1177 3981 est
1210 3938 1224 3981 ι
1257 3919 1437 3981 Pater
1468 3927 1676 3982 vester
1707 3919 1783 3982 de
1823 3919 1985 3983 eoelo
2023 3917 2200 3981 dabit
2238 3919 2396 4001 spi-0
2470 3918 3010 3998 quemadmodum
3073 3918 3137 3980 in
3197 3918 3444 3981 Psalmo
3502 3920 3744 3983 dictum
3803 3930 3896 3984 est
3937 3938 3952 3983 :

869 4018 1063 4079 ritum
1095 4016 1335 4080 bonum
1366 4016 1734 4099 petentibus
1773 4036 1859 4080 se.
1897 4017 1974 4079 Et
2010 4015 2166 4079 alibi
2207 4016 2364 4078 dicit
2471 4015 2738 4079 Emittes
2783 4016 3092 4098 Spiritum
3123 4023 3328 4089 tuum,
3363 4024 3426 4079 et
3455 4019 3857 4082 creabuntur.
3889 4020 3957 4083 Et
3975 4040 4168 4083 raom.

595 4130 843 4182 Joanmv,
872 4116 1067 4178 Filius
1106 4134 1175 4177 se
1213 4116 1560 4178 missurum
1600 4114 1911 4197 Spiritum
1953 4116 2275 4178 Sanctum.
2467 4113 2584 4177 Job
2622 4114 2710 4176 ait
2751 4131 2764 4175 ε
2807 4114 3082 4195 Spiritus
3132 4114 3243 4177 Dei
3293 4115 3446 4178 fecit
3499 4134 3620 4180 me.
3653 4119 3951 4201 Amplius,
3991 4137 4168 4182 Mum.

598 4196 781 4247 ΜΝ·
805 4197 843 4239 ⁷·
950 4214 1093 4277 Haec
1124 4231 1294 4295 erge,
1317 4221 1380 4276 et
1409 4213 1533 4275 alia
1567 4211 1766 4274 multa
1796 4212 2083 4277 humanae
2113 4214 2362 4297 sapien·
2390 4218 2439 4281 D
2472 4213 2536 4273 in
2578 4212 2843 4275 Actibus
2886 4211 3043 4274 dicit
3083 4212 3302 4275 Petrus
3338 4230 3350 4274 :
3385 4215 3651 4290 Anania,
3682 4235 3799 4279 cur
3835 4205 4142 4309 ‘efficium

868 4313 971 4377 tiae
1008 4320 1381 4393 argumenta
1412 4311 1477 4373 in
1509 4311 1929 4392 sequentibus
1974 4312 2356 4387 inducenda,
2467 4311 2627 4373 tavit
2668 4311 2926 4373 Satanas
2965 4328 3075 4374 cor
3104 4318 3288 4373 tuum
3323 4312 3579 4375 mentiri
3611 4321 3674 4376 te
3703 4315 3953 4398 Spiritui

864 4412 1351 4475 introduxerunt
1382 4410 1492 4492 qui
1522 4410 1967 4492 praenominati
1998 4417 2165 4471 sunt.
2469 4410 2742 4473 Sancto?
2790 4409 3103 4491 Deinceps
3161 4409 3439 4492 denique
3497 4410 3715 4475 subdit
3766 4431 3781 4476 :
3831 4414 3954 4477 Non
3977 4434 4105 4478 aas.

2467 4527 2535 4570 es
2565 4508 2832 4589 (inquit)
2876 4507 3179 4569 mentitus
3222 4506 3619 4585 hominibuS,
3661 4513 3772 4574 sed
3817 4513 3950 4575 Deo.

1179 4627 1668 4693 ARTICULUS
1714 4628 2034 4692 XXVIII,
2466 4606 2698 4687 Aperte
2763 4621 2914 4684 ergo
2978 4604 3252 4686 Spiritus
3297 4605 3566 4669 Sanctus
3608 4610 3958 4691 appellatur

859 4764 1099 4823 Contra
1141 4768 1679 4836 proeenarratum
1726 4778 2042 4829 errorem,
2082 4766 2143 4817 ec
2187 4761 2360 4837 quod
2467 4703 2650 4765 Deus'
2686 4701 2931 4776 Adhuc'
2963 4702 3174 4766 omnis
3205 4705 3482 4767 essentia
3519 4714 3752 4783 creat&
3787 4708 3958 4771 sinim

935 4851 1237 4927 Spiritus
1264 4851 1551 4909 Sanetus
1592 4849 1676 4907 sit
1719 4868 1911 4908 verus
1947 4851 2121 4910 Deus
2164 4857 2359 4926 atque
2466 4809 2594 4913 (ἴδη
2618 4801 2868 4912 ΓῩΡΙΘῙῸ
2891 4807 3106 4863 autem
3138 4802 3375 4911 ‘nupia’
3405 4803 3526 4865 son
3557 4804 3687 4868 Deo
3717 4823 3955 4916 ‘iompe‘

936 4940 1287 5001 subsistens
1322 4956 1622 5013 persona·
1668 4918 1683 4930 ·
2467 4907 2564 4974 tlt,
2599 4901 2850 4963 dicente
2880 4898 3192 4980 Propheta
3237 4919 3302 4961 1n
3343 4918 3617 4982 persona
3645 4903 3757 4966 Del
3791 4921 3806 4967 :
3839 4904 3956 4968 Coe·
4003 4926 4164 4970 aenum.

2472 4999 2603 5061 lum
2638 5006 2702 5061 et
2731 5006 2966 5060 terram
3003 5014 3122 5078 ego
3162 4997 3421 5079 impleo.
3458 4998 3726 5080 Spiritui
3755 5010 3954 5065 autem
3977 4994 4031 5033 ²⁸·

1000 5099 1305 5174 ENIQUE,
1341 5098 1511 5181 quod
1558 5098 1621 5159 in
1666 5097 1902 5160 divinis
1943 5114 2068 5159 non
2112 5098 2359 5161 dumta·
2467 5099 2698 5162 Sancto
2741 5097 2861 5160 hoc
2907 5095 3122 5177 ipsum
3169 5096 3495 5159 invenitur
3524 5097 3590 5160 in
3621 5099 3952 5183 Scripturis

1028 5207 1134 5262 xat
1164 5200 1405 5261 Patrem
1440 5196 1803 5277 Filiumque
1834 5203 2124 5277 oporteat
2153 5196 2356 5259 confi·
2467 5194 2749 5258 attribui.
2785 5195 2854 5256 In
2887 5193 3133 5257 Psalmo
3163 5193 3340 5257 enim
3369 5192 3614 5258 dictum
3655 5206 3754 5261 est
3786 5217 3801 5262 ε
3833 5200 3952 5274 Quo
3973 5214 4182 5259 pamm.

856 5298 995 5373 teri,
1010 5298 1122 5361 sed
1151 5297 1343 5360 etiam
1374 5294 1685 5379 Spiritum
1714 5294 2017 5358 Sanctum
2048 5302 2352 5377 tanquam
2466 5293 2574 5358 ibo
2617 5313 2654 5356 a
2695 5292 2928 5376 spiritu
2973 5300 3107 5368 tue,
3148 5300 3214 5355 et
3257 5310 3388 5375 quo
3427 5312 3466 5355 a
3505 5293 3672 5359 faeie
3713 5306 3824 5361 tua
3861 5298 3948 5361 fu·
3973 5279 4050 5327 ⁷¹⁸·

4215 6024 4218 6163 1

4235 2954 4238 3106 ἱ
