4300 6259
828 467 947 534 156

1361 486 1785 533 nmmum
1825 483 2222 532 Tnuotooma.
2269 501 2348 512 -
2389 483 2469 529 ΒΕ
2512 481 2928 532 rnonuc‘riomt
2967 483 3176 532 RERUH
3215 484 3259 531 A
3299 484 3420 532 DEO

568 703 739 760 cml,
759 721 803 762 p·
834 676 963 722 non
1004 653 1129 721 nisi
1170 656 1605 740 metaphorice
1644 657 1713 720 in
1756 653 2197 738 spiritualibus
2239 672 2332 717 re·
2360 651 2414 718 A
2442 652 2614 717 clara
2638 672 2756 737 per
2791 653 3074 737 speciem
3100 645 3349 718 visione
3378 654 3547 720 beati
3582 673 3598 718 ε
3630 653 3789 719 alias
3819 674 3958 719 non

542 767 646 812 ¹³⁰
674 771 721 812 οἱ
748 782 805 823 ιε
834 757 958 820 bus
987 756 1303 830 dieantur,
1320 755 1611 819 videatur
1640 754 1765 817 sibi
1796 755 1921 837 ipsi
1952 745 2327 817 contrarius.

538 829 667 884 ¹¹¹¹'
704 846 748 887 ¹¹·
783 835 810 877 ⁴
916 855 1007 918 De
1047 855 1149 917 his
1192 873 1387 936 super
1420 854 1717 919 Genesim
1765 861 1831 916 et
1872 871 2067 935 super
2107 870 2332 915 secun-

599 905 625 935 ο
692 925 725 945 .,

544 892 701 1000 geu-
756 895 808 937 2⁷
837 953 993 1018 dum
1036 953 1509 1018 Sententiarum
1552 951 1792 1016 diffuse
1834 949 2208 1033 conscripsi.

1200 1162 1719 1230 PROPOSITIO
1755 1163 1964 1226 LVII.

913 1347 1291 1414 Doctrina
1359 1347 1799 1414 dicentium
1866 1346 2335 1426 spirituales

2443 760 2816 834 peccassent
2855 771 2973 816 nec
3014 743 3429 816 corruissent.
3465 753 3715 818 creatio
3752 754 3960 819 etiam

2443 869 2666 916 eorum
2698 869 2826 915 non
2856 852 2967 915 diu
2998 853 3327 933 praecessit
3357 853 3610 936 lapsum
3639 853 3961 936 ipsorum,

2443 959 2514 1014 ut
2567 952 2957 1014 ostendetur.
3009 951 3138 1014 Nec
3187 950 3349 1033 lapsi
3400 959 3551 1013 sunt
3606 958 3756 1015 ante
3815 971 3969 1016 sen-

2445 1049 2653 1114 sibilis
2687 1049 2912 1112 mundi
2942 1049 3453 1131 productionem,
3486 1068 3690 1132 quum
3721 1068 3758 1112 e
3788 1048 3966 1113 coelo

2445 1148 2575 1212 sint
2619 1147 2801 1231 lapsi,
2843 1147 2910 1210 in
2955 1154 3394 1229 tartarumque
3437 1166 3552 1210 seu
3595 1165 3810 1211 aerem
3858 1167 3968 1211 ca-

2448 1246 2790 1328 liginosum
2824 1245 3701 1328 praecipitati.Verumtamen
3733 1246 3970 1328 opinio

2446 1344 2557 1406 illa
2607 1343 2968 1408 Graecorum
3027 1363 3154 1408 non
3213 1352 3312 1407 est
3369 1342 3797 1409 irreverenter
3846 1343 3968 1406 ab·

832 1441 1264 1526 creaturae,
1295 1444 1681 1511 videlieet
1708 1445 2057 1526 angGIOS,
2089 1443 2336 1510 Simul
2442 1442 2746 1523 jicienda,
2769 1449 2879 1504 aut
2907 1449 3211 1524 tanquam
3245 1459 3512 1505 erronea
3543 1449 3970 1506 contemnen-

835 1558 1017 1610 oum
1058 1542 1354 1608 mundo
1395 1542 1760 1608 sensibili
1802 1557 1973 1608 esse
2004 1543 2334 1621 creatas,

833 1642 1105 1708 verior
1155 1642 1240 1706 et
1287 1639 1849 1707 rationabilior
1892 1654 2064 1707 esse
2120 1639 2336 1705 vide-

835 1741 974 1806 tur
1001 1753 1240 1821 quam
1283 1740 1577 1821 positio
1616 1740 2053 1806 dicentium
2095 1737 2339 1818 husus

835 1837 1315 1918 oppositum.

914 1934 1090 2008 Quod
1148 1941 1266 2008 est,
1317 1933 1619 2016 quoniam
1669 1939 1875 1996 totum
1934 1931 2332 2006 universum,

836 2032 1008 2114 quod
1066 2038 1131 2095 et
1187 2030 1433 2113 integer
1482 2031 1761 2094 mundus
1806 2029 2188 2114 appellatur,
2239 2037 2337 2092 est

835 2149 1041 2192 unum
1074 2129 1453 2212 perfectum,
1486 2129 1702 2203 totale,
1735 2128 2053 2210 integrum
2093 2136 2156 2192 et
2196 2146 2338 2211 pro-

838 2227 1051 2310 prium
1084 2245 1247 2310 opus
1278 2228 1471 2310 primi
1500 2227 1732 2290 actoris
1768 2246 1843 2289 ac
1883 2226 2335 2308 perfectissimi

842 2326 1157 2389 Creatoris
1205 2343 1219 2388 :
1263 2326 1433 2408 quod
1478 2325 1694 2399 simul,
1742 2341 1870 2387 non
1919 2325 2179 2387 divisim
2226 2332 2336 2387 aut

840 2422 1205 2506 separatim,
1249 2422 1338 2488 ab⁴
1376 2439 1454 2486 eo
1495 2423 1762 2505 produci
1812 2422 2172 2496 condecuit,
2215 2422 2334 2484 sal-

840 2528 971 2584 tem
1015 2522 1223 2603 quoad
1276 2528 1485 2602 partes
1533 2539 1679 2584 suas
1735 2520 2109 2602 praecipuas.
2160 2519 2336 2582 Unde

542 2631 813 2684 Eeeli-xvm.
841 2625 906 2681 et
956 2619 1267 2700 scriptum
1318 2625 1416 2681 est
1461 2635 1475 2680 τ
1522 2617 1641 2692 Qui
1689 2617 1849 2680 vivit
1891 2616 1959 2679 in
2001 2623 2334 2690 aeternum,

550 2699 589 2739 ¹·
842 2716 1082 2780 creavit
1121 2716 1338 2780 omnia
1377 2715 1592 2780 simul.
1640 2716 1813 2779 Istud
1864 2715 2124 2778 demum
2175 2715 2340 2778 Scri-

841 2822 1029 2897 ptura
1084 2814 1236 2877 hinc
1294 2815 1443 2877 inde
1501 2815 1741 2877 sentire
1798 2814 2073 2888 videtur,
2135 2832 2336 2895 quum

574 2928 698 3034 11»ωρ
720 2941 747 2978 ι,
771 2931 811 2972 ι.
842 2913 907 2974 in
940 2912 1384 2976 Ecclesiastico
1414 2911 1727 2994 scriptum
1757 2913 1839 2974 sit
1872 2930 1885 2974 :
1917 2912 2130 2975 Primo
2150 2915 2176 2940 *
2205 2929 2341 2974 om-

617 2993 634 3013 ·
700 2993 788 3034 rior

842 3108 1199 3191 prudentiae
1240 3108 1321 3171 ab
1364 3127 1515 3172 aevo.
1552 3109 1621 3170 ln
1651 3108 1900 3171 Psalmo
1936 3115 2151 3171 autem
2183 3126 2342 3170 asse-

568 3229 723 3280 Pam,
744 3229 812 3271 2⁶.
842 3207 1005 3269 ritur
1038 3224 1053 3270 ε
1086 3207 1275 3270 Initio
1311 3215 1403 3279 tu,
1437 3207 1725 3281 Domine,
1757 3214 1989 3269 terram
2034 3204 2338 3268 fundasti.

922 3305 1001 3368 At
1027 3323 1180 3368 vero
1209 3305 1378 3387 quod
1410 3304 1608 3368 Graeci
1639 3304 1957 3378 dixerunt,
1978 3303 2344 3386 spirituales

838 3403 1225 3466 substantias
1263 3403 1375 3465 diu
1418 3411 1565 3465 ante
1602 3402 1972 3466 sensibilem
2028 3403 2342 3464 mundum

839 3509 1102 3574 creataS,
1148 3519 1228 3564 ne
1268 3500 1437 3563 Deus
1480 3501 1805 3563 videretur
1852 3519 1968 3583 per
2009 3507 2103 3562 tot
2141 3500 2344 3562 millia

836 3618 1151 3663 annorum
1210 3606 1357 3661 ante
1415 3599 1587 3660 hunc
1646 3598 1959 3661 mundum
2008 3599 2180 3662 solus
2230 3599 2344 3660 im-

840 3698 1320 3780 munificusque
1378 3697 1601 3770 fuisse,
1664 3703 1727 3759 et
1784 3697 1923 3759 sine
1981 3714 2099 3759 suo
2166 3696 2342 3759 cultu

835 3815 911 3859 ac
942 3794 1435 3859 honorificentia
1466 3794 1814 3875 majestatis
1846 3813 1998 3868 suae,
2020 3794 2344 3857 modicum

841 3895 1114 3978 probat:
1150 3894 1304 3976 quia
1348 3911 1466 3956 nec
1512 3893 1650 3975 ipse
1695 3892 2011 3956 bonorum
2055 3899 2200 3974 eget
2238 3911 2346 3956 no-

840 4000 1140 4067 strorum,
1190 4010 1311 4054 nec
1370 4009 1447 4054 ex
1506 3990 1681 4054 cultu
1734 3997 1797 4053 et
1830 3989 2346 4054 honorificentia

841 4099 1056 4154 nostra
1097 4090 1343 4173 aliquid
1395 4089 1810 4172 perfectionis
1856 4097 1964 4152 aut
2012 4088 2230 4171 gloriae
2278 4090 2344 4151 in

2447 1541 2548 1615 da,
2601 1540 2953 1622 praesertim
3005 1547 3268 1622 propter
3328 1540 3755 1604 reverentiam
3813 1559 3970 1603 san-

2449 1647 2697 1702 ctorum
2747 1637 3095 1720 praesulum
3143 1645 3208 1701 et
3247 1637 3583 1700 doctorum
3624 1637 3970 1702 Athanasii

2445 1745 2638 1819 atque
2680 1736 2965 1818 Gregorii
3004 1736 3383 1800 Nazianzeni
3420 1754 3434 1798 :
3469 1753 3745 1818 quorum
3786 1743 3970 1798 uter-

2365 1841 2413 1904 B
2449 1854 2576 1917 que
2623 1842 2815 1899 tantae
2861 1833 2986 1897 fuit
3024 1834 3421 1898 auctoritatis
3471 1834 3538 1896 in
3577 1833 3968 1916 ScripturiS,

2447 1934 2616 2017 quod
2648 1951 2839 1997 nemo
2869 1952 3155 2016 unquam
3187 1933 3624 2014 contradicere
3663 1933 3758 1996 eis
3798 1952 3972 2014 prae-

2447 2031 2741 2118 sumpsit.
2790 2031 3114 2096 Gloriosus
3158 2039 3372 2094 autem
3416 2031 3844 2114 Hieronymus
3896 2039 3966 2094 et

2445 2131 2512 2194 B.
2575 2131 2850 2194 Hilarius
2909 2130 3202 2211 ejusdem
3259 2130 3523 2194 fuerunt
3577 2129 3960 2212 opinionis;

2449 2228 2871 2292 consimiliter
2900 2229 3002 2290 vir
3038 2228 3342 2310 angelicae
3386 2227 3707 2310 puritatiS‚
3751 2226 3962 2291 abbas

2448 2328 2743 2401 SerenuS,
2779 2334 2849 2388 ut
2877 2327 2942 2389 in
2974 2326 3434 2390 collationibus
3463 2326 3720 2389 Patrum
3751 2324 3960 2388 abbas
3988 2313 4260 2433 ξῧξζξὲξι

2447 2424 2782 2489 Cassianus
2826 2423 3134 2487 describit
3173 2431 3236 2488 et
3277 2423 3604 2506 approbat.
3989 2455 4012 2483 s

2794 2630 3316 2698 PROPOSITIO
3361 2631 3604 2698 LVIII.

2538 2816 2894 2894 Quatuor
2960 2828 3403 2896 coaequaeva
3476 2817 3697 2884 recte
3776 2831 3960 2885 cen-

2449 2914 2745 2980 sentur.

841 3011 1024 3073 nium
1081 3018 1290 3074 creata
1340 3018 1435 3074 est
1481 3011 1815 3092 sapientia,
1866 3017 1931 3074 et
1977 3009 2340 3073 intellectus
2370 3017 2415 3081 c
2530 3011 2705 3085 Quod
2737 3017 2854 3084 est,
2886 3011 3191 3093 quoniam
3232 3029 3589 3095 coaequaeva
3619 3021 3960 3086 vocantur,

2453 3129 2592 3191 quae
2643 3109 2708 3171 in
2759 3108 3020 3171 exordio
3070 3109 3294 3172 mundi
3335 3109 3530 3172 simul
3570 3118 3721 3173 sunt
3760 3109 3962 3184 facta,

2453 3227 2594 3290 quae
2638 3214 2810 3280 sunt,
2842 3206 3128 3288 angeluS,
3173 3207 3431 3282 coelum,
3473 3209 3759 3281 materia,
3793 3216 3964 3272 tem-

2451 3325 2574 3388 pus
2609 3323 2622 3367 :
2656 3322 2784 3367 non
2831 3305 3000 3387 quod
3045 3304 3312 3368 materia
3356 3305 3553 3369 fuerit
3595 3307 3766 3370 nuda
3810 3325 3964 3390 pro-

2454 3404 2664 3476 ducta,
2698 3404 2808 3466 sed
2841 3403 3103 3466 nomine
3141 3404 3421 3468 materiae
3461 3403 3967 3486 cointelligenda

2452 3510 2551 3564 est
2591 3500 2794 3565 forma
2838 3500 3118 3564 materiae
3161 3509 3563 3577 concausam,
3595 3521 3708 3566 seu
3747 3502 3970 3585 prima

2456 3599 2722 3662 confusa
2769 3599 3056 3673 materia,
3103 3599 3183 3662 de
3229 3618 3356 3682 qua
3403 3607 3615 3664 cetera
3658 3600 3824 3663 facta
3871 3601 3969 3664 le·

2454 3703 2711 3779 guntur.
2729 3697 2996 3770 Interea,
3017 3696 3199 3778 juxta
3219 3698 3502 3760 diversas
3523 3699 3970 3780 expositiones

2453 3803 2664 3859 textus
2725 3796 2986 3860 Genesis
3048 3797 3126 3859 de
3185 3797 3396 3879 prima
3453 3816 3672 3861 rerum
3721 3798 3967 3880 produ-

2456 3893 2687 3966 ctione,
2719 3900 2971 3976 oportet
3009 3895 3088 3956 de
3129 3893 3230 3956 his
3267 3901 3544 3977 quatuor
3581 3897 3968 3977 coaequaevis

2455 3991 2884 4055 diversimode
2931 3991 3125 4074 loqui.
3180 3991 3244 4054 Si
3303 3993 3477 4055 enim
3526 3994 3966 4076 Augustinum

2456 4109 2802 4172 sequamur
2856 4090 3176 4153 dicentem
3236 4091 3551 4154 mundum
3616 4091 3809 4155 simul
3865 4092 3968 4156 fa-

842 4209 911 4253 se
952 4190 1090 4273 ipso
1119 4190 1195 4276 ei·
1223 4188 1548 4251 accrescit.
1586 4188 2196 4251 immunificentiam
2239 4188 2344 4250 de·
2376 4191 2425 4252 D
2458 4197 2655 4263 ctum,
2677 4188 3075 4262 distinctum,
3101 4195 3418 4264 ornatum,
3442 4190 3610 4253 sicut
3632 4190 3764 4272 jam
3794 4199 3967 4270 stat;

842 4306 1023 4350 mum
1061 4294 1124 4349 et
1163 4277 1575 4348 solitudinem
1619 4286 1901 4348 excludit
1940 4304 1976 4347 a
2011 4286 2141 4349 Deo
2181 4304 2346 4348 ema-

842 4385 1016 4449 natio
1049 4384 1157 4447 illa
1194 4392 1429 4447 aeterna
1467 4384 1544 4446 ad
1585 4383 1772 4456 intra,
1806 4401 1878 4445 ac
1915 4383 2340 4468 superbeatis-

841 4484 1021 4548 simae
1079 4483 1349 4545 societas
1404 4488 1469 4545 et
1527 4481 1940 4544 consistentia
1996 4481 2344 4556 Trinitatis,

841 4583 954 4646 sed
983 4589 1047 4645 et
1076 4579 1548 4664 quodammodo
1587 4578 1921 4662 pluralitas
1960 4579 2247 4643 idearum
2281 4581 2346 4643 in

842 4681 1004 4764 ipso.
1054 4680 1365 4762 Denique,
1408 4687 2004 4761 quantumcumque
2046 4679 2348 4761 perhibe-

840 4788 1033 4845 antur
1057 4780 1272 4862 angeli
1304 4779 1411 4842 diu
1443 4784 1591 4842 ante
1624 4777 1937 4842 mundum
1970 4777 2347 4841 sensibilem

841 4880 1107 4953 conditi,
1139 4897 1342 4962 quum
1374 4896 1503 4942 non
1534 4876 1775 4940 fuerint
1803 4876 1883 4939 ab
1914 4883 2174 4949 aeterno,
2210 4894 2350 4959 pos-

842 4986 995 5042 sunt
1025 4976 1524 5041 innumerabilia
1552 4994 1870 5040 annorum
1903 4975 2108 5038 millia
2138 4975 2352 5057 imagi-

844 5077 983 5140 nari
1015 5077 1438 5160 praecessisse,
1464 5076 1531 5138 in
1563 5075 1800 5157 quibus
1832 5075 2154 5138 diceretur
2183 5074 2351 5137 Deus

845 5175 1291 5239 immunificus
1329 5173 1651 5239 exstitisse
1688 5191 1763 5236 ac
1801 5172 1994 5236 solus.
2027 5172 2349 5255 Amplius,

848 5273 1016 5357 lapsi
1074 5291 1408 5357 nunquam
1466 5271 1731 5335 fuerunt
1760 5271 2011 5339 ‚divinae
2058 5270 2352 5338 essentiae

2403 4349 2407 4352 .
2456 4296 2712 4369 tempus
2741 4306 2871 4351 non
2899 4286 3129 4351 fuisset
3156 4295 3300 4351 ante
3331 4289 3724 4363 motum,sed
3755 4290 3968 4371 magis

2458 4385 2836 4460 econtrario,
2895 4393 3201 4468 tanquam
3262 4394 3592 4450 causatum
3652 4406 3690 4450 a
3754 4395 3962 4451 motu.

2458 4484 2617 4546 Hinc
2663 4483 2782 4546 ista
2827 4501 3328 4566 coaequaevorum
3375 4485 3773 4549 enumeratio
3812 4503 3970 4568 pro-

2459 4583 2628 4645 cedit
2701 4582 3054 4645 secundum
3125 4582 3512 4665 positionem
3581 4584 3966 4658 dicentium,

2459 4679 2916 4744 informitatem
2960 4681 3239 4745 materiae
3275 4688 3567 4765 tempore
3605 4684 3968 4765 praecessis·
4289 4751 4291 4764 γ

2459 4798 2528 4842 se
2574 4779 2712 4860 ejus
2759 4778 3233 4854 formationem,
3275 4777 3458 4860 juxta
3499 4799 3758 4844 sensum
3800 4801 3967 4864 prae-
3999 4771 4291 4857 promum*

2459 4876 2748 4939 habitum
2783 4893 2798 4938 ε
2833 4877 3019 4958 eujus
3066 4877 3508 4959 praecessionis
3556 4897 3817 4942 necesse
3864 4889 3972 4943 est
4290 4881 4291 4906 ³

2460 4974 2742 5057 aliquam
2786 4973 2970 5038 fateri
3015 4993 3404 5038 mensuram.
3459 4975 3536 5038 Et
3578 4976 3666 5039 ita
3705 4984 3966 5059 tempus

2463 5073 2621 5136 illud
2663 5090 2791 5136 non
2829 5072 2954 5135 fuit
2994 5091 3295 5136 mensura
3342 5080 3552 5136 motus
3597 5073 3791 5158 primi
3833 5095 3970 5141 mo·

2461 5172 2635 5246 bilis,
2669 5171 2781 5234 sed
2824 5169 3098 5252 alicujus
3134 5171 3398 5235 alterius
3438 5171 3746 5255 corporis,
3777 5175 3970 5255 cujus

2464 5275 2646 5335 motu
2687 5269 2889 5334 fiebat
2928 5269 3140 5358 prima
3180 5269 3434 5335 dierum
3475 5269 3819 5335 distinctio.
3852 5272 3974 5337 Vel
