4300 6259
869 472 991 538 354

1471 493 1550 538 DE
1591 491 1819 540 LmnNss
1860 490 2243 538 cums'rtANAE
2284 489 2585 548 mltomAE,
2630 489 2807 536 LIBER
2846 489 2887 534 1.
2933 507 3014 517 —
3054 488 3193 534 ΛΒΤ.
3240 487 3381 534 xcvl

871 661 938 724 in
976 663 1215 745 quibus
1251 662 1652 746 recipiuntur
1697 669 1761 725 et
1807 666 2186 745 permanent
2226 679 2368 742 spe·
2396 659 2446 722 A
2481 659 2709 740 gentiae
2757 659 3001 742 agentis
3048 659 3127 722 ad
3173 659 3687 741 cognoscendum
3728 654 3968 718 univer·

869 761 1000 824 cies
1029 763 1549 844 apprehensae.1n
1583 770 1759 844 parte
1788 768 2002 823 autem
2033 759 2368 822 intellecti-

867 878 948 922 va
989 878 1120 923 non
1163 867 1260 924 est
1295 861 1394 923 vis
1435 861 1750 942 organica.
1789 860 1924 923 Non
1971 878 2120 940 ergo
2166 877 2367 921 rema-

869 965 1024 1020 nent
1043 957 1264 1022 formae
1289 960 1352 1020 in
1377 959 1703 1021 intellectu
1739 957 2053 1040 possibili,
2081 965 2367 1019 cessante

868 1063 1012 1118 actu
1046 1057 1459 1120 intellectivo.
1485 1057 1612 1118 Aut
1641 1056 1836 1137 igitur
1865 1064 2033 1118 stant
2065 1074 2179 1137 per
2208 1074 2275 1118 se
2306 1062 2369 1116 et

869 1153 1250 1228 subsistunt,
1303 1154 1470 1217 sicut
1516 1155 1688 1217 Plato
1741 1154 1988 1216 dixerat
2044 1154 2122 1216 de
2182 1153 2365 1226 ideis,

871 1270 1140 1333 quarum
1202 1252 1591 1334 intelligibili
1656 1251 2140 1334 participatione
2209 1251 2371 1313 dixit

870 1350 1116 1432 species
1151 1349 1588 1432 intelligibiles
1619 1350 1818 1412 fluere
1849 1350 1910 1410 in
1940 1350 2371 1429 animam3aut

870 1447 1085 1510 fluunt
1117 1449 1182 1510 in
1213 1449 1614 1511 intellectum
1649 1449 2024 1530 possibilem
2063 1447 2142 1510 ab
2184 1447 2369 1510 intel-

870 1546 1038 1608 lectu
1069 1555 1295 1628 agente
1335 1566 1590 1630 semper
1617 1547 1696 1609 de
1728 1565 1906 1621 novo,
1933 1546 2189 1629 quando
2218 1546 2366 1628 quid

869 1653 1160 1708 recenter
1189 1646 1622 1728 intelligimus.
1637 1647 1918 1710 Primum
1953 1647 2181 1709 horum
2214 1645 2370 1708 Stoi-

869 1761 1017 1806 cum
1049 1750 1166 1818 est,
1199 1753 1264 1806 et
1292 1752 1512 1807 contra
1540 1745 1964 1807 Aristotelem.
2002 1744 2363 1808 Secundum

2483 759 2657 821 salia.

2563 857 2904 920 Enimvero
2936 858 3070 920 haec
3109 857 3341 940 positio
3372 853 3971 926 Avicennae,Aristo-

2485 956 2596 1017 teli
2658 956 2721 1016 in
2772 955 3159 1037 quibusdam
3216 956 3470 1018 videtur
3526 953 3858 1017 contraria.
3905 952 3969 1012 ln

2481 1053 2670 1117 tertio
2714 1053 2885 1115 enim
2926 1053 3005 1116 de
3044 1054 3273 1116 Anima
3318 1054 3495 1128 dicit,
3529 1052 3699 1134 quod
3742 1050 3973 1112 intelle·

2484 1159 2621 1214 ctus
2666 1152 2991 1234 possibilis
3030 1160 3129 1214 est
3174 1152 3351 1215 locus
3400 1153 3781 1235 specierum.
3826 1151 3971 1213 Rur-

2482 1270 2611 1322 3υ3,
2683 1251 2736 1313 si
2810 1251 3075 1313 materia
3146 1251 3355 1332 prima
3424 1258 3633 1332 potest
3705 1249 3971 1312 retinere

2480 1347 2719 1410 formas
2759 1348 3099 1422 naturaleS‚
3144 1353 3380 1411 mirum
3420 1357 3683 1432 apparet
3730 1367 3844 1409 cur
3890 1348 3974 1409 in-

2482 1446 2796 1520 tellectuS,
2850 1448 2962 1529 qui
3018 1447 3243 1529 utique
3298 1447 3609 1509 firmioris
3666 1454 3763 1510 est
3818 1447 3973 1508 exsi-

2481 1546 2727 1608 stentiae
2772 1564 2960 1626 quam
3010 1547 3295 1620 materia,
3328 1554 3517 1609 tenax
3563 1565 3687 1609 non
3732 1545 3817 1608 sit
3855 1545 3974 1607 for·

2484 1663 2729 1705 marum
2764 1643 3283 1724 intelligibilium.
3328 1644 3576 1718 Adhuc,
3617 1645 3787 1725 quod
3826 1643 3977 1705 dicit

2483 1741 2882 1804 intellectum
2912 1751 3204 1823 agentern
3248 1761 3375 1804 non
3407 1761 3549 1804 6336
3576 1742 3822 1824 aliquid
3852 1741 3979 1803 ani—

867 1860 1019 1924 ergo
1081 1842 1292 1905 dicere
1356 1851 1626 1925 oportet.
1689 1843 2090 1905 Intellectum
2154 1850 2365 1904 autem
2397 1840 2444 1901 B
2482 1860 2623 1913 mae,
2660 1840 2902 1902 ratione
2936 1847 3129 1914 caret,
3163 1848 3227 1903 et
3254 1841 3638 1923 Philosopho
3671 1858 3797 1903 non
3839 1858 3978 1902 con-

865 1947 1158 2021 agentem
1185 1941 1364 2023 ponit
1389 1941 1812 2004 substantiam
1836 1942 2175 2023 quamdam
2202 1959 2372 2022 sepa-

866 2045 1086 2100 ratam.
1110 2039 1300 2102 Porro
1331 2039 1685 2102 secundum
1717 2040 2133 2112 Avicennam‚
2170 2039 2368 2120 phan-

864 2143 1134 2199 tasmata
1190 2144 1546 2219 praeparant
1605 2145 1669 2199 et
1723 2136 2074 2218 disponunt
2127 2135 2370 2198 intelle-

866 2241 1042 2296 ctum
1062 2234 1139 2296 ad
1161 2234 1602 2316 recipiendum
1629 2234 1890 2316 species,
1906 2254 2046 2316 quae
2069 2234 2134 2296 in
2159 2234 2368 2316 ipsum

866 2350 903 2393 a
934 2331 1178 2394 lumine
1210 2333 1483 2415 separati
1529 2333 1891 2395 intellectus
1924 2331 2171 2412 fluunt3
2204 2332 2369 2394 sicut

867 2430 1060 2492 etiam
1103 2431 1350 2503 asserit,
1394 2430 1562 2513 quod
1605 2431 1856 2512 agentia
1897 2430 2211 2493 naturalia
2257 2449 2371 2512 per

865 2525 1104 2588 formas
1134 2544 1280 2588 suas
1309 2526 1402 2588 nil
1433 2534 1628 2607 agunt
1664 2526 1788 2589 nisi
1828 2529 1996 2609 quod
2037 2528 2367 2590 materiam

866 2631 1162 2706 coaptant
1207 2624 1284 2686 ad
1333 2624 1775 2706 recipiendum
1824 2625 2060 2689 formas
2120 2633 2371 2688 natura-

867 2722 980 2796 163,
1017 2742 1157 2805 quae
1197 2724 1550 2785 secundum
1592 2743 1764 2798 eum,
1799 2731 1948 2786 sunt
1985 2725 2250 2786 omnino
2287 2723 2367 2786 ab

867 2830 1064 2896 extra,
1115 2822 1362 2884 scilicet
1409 2841 1445 2884 a
1501 2822 1717 2884 datore
1766 2821 2136 2884 formarum.
2193 2823 2369 2884 Unde

867 2921 1060 2984 etiam
1116 2921 1224 2995 ait,
1287 2938 1476 2982 omne
1535 2921 1771 2982 animal
1835 2939 2021 3002 posse
2077 2921 2368 3001 generari

2480 1945 2678 2000 sonat.
2716 1939 2817 2000 Ait
2859 1939 3031 2001 enim
3076 1939 3263 2002 tertio
3301 1939 3378 2001 de
3420 1939 3671 2010 Anima,
3704 1939 3875 2020 qnod
3918 1939 3976 1998 in

2480 2037 2743 2099 rationis
2792 2045 3038 2109 natura,
3089 2037 3153 2098 in
3202 2056 3328 2119 qua
3375 2045 3473 2099 est
3518 2037 3760 2118 aliquid
3812 2036 3977 2118 quod

2479 2142 2575 2196 est
2604 2135 2820 2197 omnia
2848 2134 3017 2210 fieri,
3052 2135 3135 2197 sit
3162 2136 3355 2198 etiam
3386 2135 3631 2217 aliquid
3673 2135 3845 2216 quod
3888 2143 3981 2196 est

2478 2234 2695 2297 omnia
2738 2233 2988 2312 facere3
3033 2241 3098 2295 et
3144 2241 3363 2315 postea
3407 2233 3621 2304 infert,
3662 2233 3836 2315 quod
3880 2251 3981 2296 ne-

2478 2350 2655 2394 cesse
2697 2340 2794 2393 est
2832 2331 2897 2392 in
2945 2331 3159 2393 anima
3206 2332 3319 2394 has
3369 2350 3509 2393 esse
3556 2330 3977 2404 differentiaS,

2480 2437 2700 2511 utpote
2730 2430 2880 2510 quia
2909 2429 3103 2492 habet
3140 2429 3539 2492 intellectum
3581 2429 3977 2511 possibilem,

2480 2528 2587 2609 qui
2622 2527 2811 2590 estin
2846 2527 3131 2609 potentia
3170 2527 3516 2590 universali
3554 2527 3633 2588 ad
3673 2527 3981 2609 recipien-

2478 2626 2655 2700 dum,
2706 2625 2936 2688 habeat
2982 2625 3174 2688 etiam
3223 2626 3526 2688 virtutem
3579 2645 3722 2707 quae
3782 2625 3982 2708 possit

2478 2723 2741 2786 efficere
2775 2725 2839 2785 in
2870 2732 3015 2786 actu
3047 2743 3121 2787 ea
3149 2725 3227 2786 ad
3259 2743 3399 2806 quae
3440 2723 3765 2805 possibilis
3798 2724 3981 2786 intel-

2482 2823 2683 2884 lectus
2732 2829 2829 2884 est
2878 2823 2944 2884 in
3003 2823 3307 2904 potentia.
3361 2823 3507 2885 Haec
3566 2839 3719 2885 vero
3776 2823 3981 2884 virtus

2478 2920 2837 3002 appellatur
2867 2921 3231 2982 intellectus
3269 2939 3463 3002 agens
3500 2938 3513 2982 ε
3546 2920 3653 2982 hic
3690 2938 3847 3001 ergo
3888 2927 3983 2982 est

866 3017 1109 3100 absque
1156 3019 1424 3092 semine,
1473 3019 1816 3081 admittens
1867 3019 2228 3082 universale
2277 3019 2369 3080 di·
2399 3018 2442 3082 C
2479 3020 2575 3081 vis
2616 3019 2867 3092 animai,
2902 3026 2966 3081 et
3005 3037 3132 3082 non
3178 3018 3534 3081 secundum
3565 3037 3705 3081 6336
3734 3038 3984 3101 separa—

868 3116 1114 3179 luvium
1149 3116 1454 3198 possibile
1484 3135 1623 3179 esse
1654 3135 1768 3198 per
1807 3124 2118 3179 naturam.
2156 3118 2219 3180 Si
2260 3137 2366 3180 au-

865 3223 997 3276 tem
1028 3214 1173 3297 quis
1203 3214 1261 3276 ei
1301 3214 1588 3294 objiciat,
1622 3215 1793 3296 quod
1833 3215 2187 3278 secundum
2230 3216 2363 3278 haec

865 3330 995 3375 non
1051 3313 1134 3374 sit
1188 3312 1558 3376 differentia
1616 3314 1782 3376 inter
1829 3313 2159 3376 hominem
2218 3323 2364 3377 ante

865 3412 1148 3475 scientiae
1177 3412 1582 3495 adeptionem
1614 3419 1678 3474 et
1707 3420 1849 3493 post
1877 3412 2364 3494 acquisitionem

867 3510 1170 3584 scientiae,
1231 3511 1383 3593 quia
1440 3510 1660 3574 formae
1719 3529 1846 3573 non
1908 3519 2238 3574 remanent
2296 3513 2361 3574 in

865 3609 1120 3688 anima3
1171 3610 1535 3691 respondet,
1587 3610 1753 3692 quod
1812 3611 2140 3673 addiscere
2200 3611 2362 3672 nihil

867 3706 1040 3769 aliud
1086 3715 1186 3770 est
1240 3727 1433 3789 quam
1491 3708 1841 3789 perfectam
1901 3707 2363 3771 beatitudinem

865 3804 1136 3885 adipisci
1194 3805 1552 3886 copulando
1601 3823 1668 3867 se
1720 3805 1949 3868 lumini
2000 3805 2362 3868 intellectus

867 3904 1132 3984 agentiS,
1185 3909 1248 3965 et
1297 3903 1390 3965 sic
1441 3910 1582 3985 post
1631 3902 1982 3966 formarum
2035 3912 2100 3968 et
2155 3904 2362 3966 scien-

864 4001 1098 4063 tiarum
1147 4000 1462 4075 habitum,
1512 4008 1606 4063 est
1662 4002 1878 4063 anima
1923 4002 2201 4084 amplius
2250 4003 2363 4064 tali

867 4100 1145 4164 influxui
1188 4099 1536 4182 aptificata.

2476 3125 2599 3179 tus.
2636 3118 2878 3191 Adhuc,
2914 3125 3138 3179 natura
3176 3117 3242 3180 in
3282 3117 3458 3180 nulla
3496 3118 3712 3200 specie
3750 3126 3879 3180 stat
3915 3118 3979 3179 in

2479 3215 2856 3297 imperfecto
2882 3233 2895 3277 τ
2921 3215 3051 3278 imo
3080 3215 3429 3297 unicuique
3457 3215 3723 3297 largitur
3741 3235 3817 3279 ea
3838 3236 3981 3298 quae

2477 3315 2554 3376 ad
2600 3314 3000 3377 essentialem
3042 3315 3140 3376 sui
3183 3313 3644 3396 perfectionem
3688 3323 3753 3378 et
3797 3324 3978 3378 natu-

2478 3412 2677 3474 ralem
2718 3412 3154 3494 operationem
3196 3413 3539 3495 pertinent.
3576 3413 3749 3476 Unde
3780 3415 3977 3476 etiam

2475 3509 2845 3572 Aristoteles
2891 3510 3072 3585 dixit,
3122 3511 3293 3594 quod
3339 3511 3391 3572 si
3431 3511 3631 3574 stellae
3667 3510 3981 3575 haberent

2478 3615 2723 3670 motum
2776 3609 3251 3689 progressivum
3302 3609 3367 3671 in
3416 3608 3704 3683 orbibus,
3752 3619 3979 3673 natura

2476 3706 2851 3769 contulisset
2890 3707 2984 3768 eis
3022 3725 3256 3787 organa
3292 3707 3402 3769 tali
3444 3707 3710 3770 motioni
3750 3726 3981 3791 oppor-

2475 3813 2648 3867 tuna.
2690 3805 2825 3867 Jam
2870 3811 3083 3867 autem
3129 3805 3488 3880 innotescit,
3531 3807 3702 3888 quod
3744 3806 3979 3870 intelli-

2475 3921 2645 3984 gere,
2693 3902 2931 3966 formas
2986 3921 3202 3966 rerum
3263 3905 3549 3986 recipere
3608 3912 3672 3967 et
3728 3905 3979 3968 ratioci-

2476 4002 2636 4075 nari,
2674 4009 2823 4064 sunt
2851 4000 3222 4064 essentiales
3262 4001 3535 4064 hominis
3574 4004 3979 4084 operationes

2477 4107 2939 4180 consequentes
2988 4100 3294 4180 speciem,
3344 4099 3589 4162 ratione
3648 4102 3978 4182 possibilis

948 4199 1058 4260 Est
1086 4197 1363 4279 denique
1391 4197 1526 4261 haec
1567 4198 1800 4279 positio
1842 4198 2082 4261 Platoni
2127 4198 2359 4261 vicina.
2392 4205 2443 4268 D
2477 4196 2950 4260 intellectus.Hi
2981 4215 3133 4260 vero
3162 4205 3341 4260 actus
3370 4198 3511 4260 sine
3538 4207 3763 4279 agente
3792 4199 3981 4262 intel·

867 4297 1046 4360 Sicut
1073 4296 1245 4358 enim
1276 4295 1436 4357 dixit
1463 4296 1707 4370 Plato,a
1729 4296 2022 4378 pluribus
2054 4296 2365 4359 idealibus

867 4394 1093 4458 formis
1143 4393 1465 4476 profluere
1512 4394 1751 4457 formas
1801 4394 2240 4477 intelligibiles
2298 4396 2365 4457 in

2476 4297 2641 4358 lectu
2692 4295 2938 4377 expleri
2986 4304 3337 4377 nequeunt,
3392 4303 3463 4358 ut
3518 4315 3739 4360 omnes
3794 4299 3981 4360 affir-

2475 4402 2668 4456 mant.
2703 4395 2884 4456 Hunc
2930 4393 3125 4475 igitur
3170 4394 3565 4458 intellectum
3610 4403 3843 4458 natura
3884 4417 3981 4459 sa·

867 4511 1021 4573 nos;
1073 4492 1166 4556 sic
1214 4493 1332 4555 iste
1383 4493 1563 4575 ponit
1609 4511 1714 4556 eas
1762 4493 1844 4555 ab
1893 4513 2021 4555 una
2079 4501 2368 4575 separata
2471 4511 2590 4573 gax
2630 4500 2694 4555 et
2734 4492 3001 4574 provida
3042 4491 3219 4555 dedit
3260 4492 3493 4557 animae
3536 4493 3769 4556 habere
3812 4495 3985 4557 intra

865 4591 1218 4654 substantia
1253 4591 1317 4652 in
1349 4609 1465 4654 nos
1494 4591 2178 4666 descendereflursm,
2200 4591 2369 4654 sicut

863 4691 1027 4753 dixit
1073 4691 1266 4763 Plato,
1319 4688 1652 4754 sensibilia
1700 4689 2031 4751 dumtaxat
2075 4691 2363 4771 expergi-

863 4789 1108 4852 scentia
1162 4789 1442 4850 animam
1495 4789 1572 4849 ad
1623 4787 2086 4850 universalium
2136 4788 2366 4850 forma·

863 4907 1007 4950 rum
1069 4886 1700 4968 contemplationem,
1755 4887 1840 4946 ita
1898 4886 2006 4947 hic
2061 4887 2243 4968 ponit
2291 4907 2364 4950 ea

860 4984 1303 5048 tantummodo
1349 4985 1670 5047 moventia
1707 4991 1770 5046 et
1811 4985 2231 5066 praeparantia
2270 4986 2366 5048 in-

859 5084 1190 5146 tellectum
1240 5082 1613 5164 possibilem
1673 5099 1686 5143 :
1738 5099 1813 5144 eo
1861 5083 2032 5164 quod
2081 5102 2197 5164 per
2243 5084 2363 5147 hoc

863 5183 1034 5264 quod
1085 5181 1348 5262 inspicit
1393 5178 1724 5243 sensibilia
1770 5199 1912 5262 quae
1961 5180 2249 5244 relucent
2297 5183 2362 5246 in

865 5279 1438 5366 phantasmatibuS,
1499 5277 1854 5341 illustretur
1919 5279 2060 5342 luce
2127 5279 2362 5344 intelli-

2474 4609 2542 4652 se
2584 4599 2651 4652 et
2693 4589 3016 4671 propriam
3064 4597 3377 4652 naturam.
3430 4590 3714 4672 Denique
3752 4609 3986 4654 secun-

2474 4691 2629 4751 dum
2670 4688 3151 4770 Philosophum,
3188 4688 3553 4751 intellectus
3594 4690 3847 4770 agentis
3888 4696 3986 4752 est

2474 4787 2720 4870 species
2760 4807 2796 4849 a
2837 4787 3389 4869 phantasmatibus
3426 4787 3817 4864 abstrahere,
3854 4809 3984 4852 non

2472 4895 2687 4949 autem
2730 4904 2768 4948 a
2812 4885 3159 4968 semetipso
3202 4885 3591 4961 diffundere,
3626 4887 3795 4950 sicut
3834 4889 3983 4951 Avi-

2474 5004 2676 5048 cenna
2722 4992 2786 5046 et
2830 4985 2927 5065 (in
2975 4984 3275 5047 omnibus
3322 4985 3425 5047 his
3474 5004 3749 5068 sequens
3800 4990 3986 5069 eum)

2472 5084 2721 5165 Algazel
2765 5089 3161 5146 attestantur.
3797 5105 3807 5116 ·

2552 5183 2732 5246 Ratio
2795 5182 3063 5264 proinde
3129 5181 3492 5259 Avicennae,
3549 5201 3679 5265 qua
3746 5185 3981 5267 probat

2474 5280 2720 5364 species
2771 5298 2897 5344 non
2948 5299 3299 5355 remanere,
3340 5281 3632 5358 solvitur,
3674 5301 3752 5347 eo
3800 5285 3978 5368 quod
