4300 6259
893 495 968 542 nt
1008 493 1236 542 tunm:
1277 489 1658 540 cnmsrmm
1699 489 2002 547 monus,
2045 491 2221 538 arana
2262 491 2304 538 ι.
2350 511 2431 522 -
2471 493 2611 540 aar.
2659 491 2891 540 mxxxm
3318 475 3439 540 335

339 660 577 740 fectus3
617 661 712 726 sic
751 660 833 725 ab
869 667 1108 725 aeterno
1153 667 1364 724 actore
1412 659 1562 722 fluit
1609 675 1830 721 recens
1859 657 1912 722 A
1944 666 2267 740 postaseos
2298 660 2363 724 in
2396 680 2463 725 se
2502 662 2825 726 retineret.
2857 661 3003 725 Haee
3042 667 3255 724 autem
3294 665 3439 724 ante

337 759 656 822 emanatio
684 767 748 822 et
777 777 878 822 res
909 757 1296 840 temporalis
1329 757 1572 838 Nempe
1611 763 1836 818 natura
1944 757 2425 824 multiformiter
2456 762 2717 824 recitata
2746 769 2913 824 sunt.
2949 760 3299 824 Dicendum
3344 779 3439 822 er·
3493 781 3577 821 ut.
3607 791 3733 823 mm

340 865 400 918 et
428 857 860 931 ar3,voluntas
889 864 954 919 et
983 856 1361 927 intellectus,
1384 862 1656 937 quatuor
1683 860 1836 915 sunt
1942 874 2022 937 go
2078 858 2299 921 Proclo
2354 867 2420 921 et
2472 859 2833 933 PlatoniciS,
2881 860 3051 941 quod
3111 859 3261 921 licet
3320 845 3566 940 pri-“²''

113 3143 178 3181 art.
189 3151 314 3180 11:11.

343 955 660 1038 principia
687 974 923 1018 rerum.
949 954 1184 1018 Natura
1213 971 1491 1035 namque
1522 951 1600 1014 ad
1631 970 1832 1013 unum

339 1053 758 1116 determinata
805 1060 902 1116 est
953 1070 969 1114 z
1019 1069 1148 1114 non
1207 1051 1378 1113 enim
1431 1051 1634 1113 libere
1679 1049 1830 1130 agit,

338 1151 441 1212 sed
473 1152 832 1214 seeundum
865 1150 1316 1233 proprietatem
1347 1149 1448 1210 sui
1479 1167 1637 1210 esse.
1661 1146 1834 1210 Unde

337 1255 398 1309 et
442 1267 518 1310 ea
575 1267 718 1330 quae
776 1247 1150 1310 naturaliter
1204 1253 1423 1328 agunt,
1474 1243 1835 1308 necessario

335 1364 518 1427 agere
548 1347 828 1409 dicimus
863 1363 876 1408 :
911 1346 1078 1408 sieut
1107 1346 1175 1407 in
1207 1345 1352 1425 igne
1393 1352 1456 1406 et
1492 1342 1626 1406 sole
1663 1349 1727 1404 et
1767 1341 1832 1404 in

337 1446 508 1507 omni
568 1454 796 1526 agente
865 1445 1026 1507 citra
1082 1443 1535 1506 intellectualis
1593 1449 1836 1504 naturae

337 1543 892 1625 participationem
923 1542 1234 1622 contingit
1273 1541 1664 1624 conspicere.
1699 1539 1834 1602 Nisi

337 1659 616 1723 namque
645 1641 906 1704 aliunde
947 1640 1480 1722 impedimentum
1519 1644 1833 1711 occurrat,

339 1748 564 1802 natura
596 1757 726 1802 uno
753 1740 1084 1802 dumtaxat
1113 1739 1304 1801 modo
1333 1745 1652 1820 operatur,
1675 1744 1740 1799 et
1771 1737 1832 1798 in

1946 973 2123 1017 mum
2172 956 2416 1019 ratione
2465 975 2595 1020 suae
2642 957 3075 1040 simplicitatis
3131 963 3275 1038 agat
3330 974 3444 1038 per

1943 1053 2309 1128 essentiam,
2369 1055 2489 1118 hoc
2554 1063 2767 1118 tamen
2836 1063 2933 1118 est
2998 1055 3063 1118 in
3131 1063 3441 1137 quantum

1945 1151 2163 1214 divina
2210 1154 2487 1216 essentia
2536 1161 2634 1216 est
2674 1154 2945 1236 species,
2988 1153 3147 1216 ratio
3192 1159 3257 1215 et
3305 1152 3447 1216 idea

1946 1248 2213 1330 operati.

2027 1344 2103 1406 Et
2137 1346 2223 1409 ita
2251 1347 2329 1410 ad
2360 1348 2709 1412 secundam
2750 1349 3061 1411 rationem
3102 1348 3445 1410 dicendum

1947 1451 2042 1506 est
2075 1443 2367 1508 :bonitas
2398 1445 2571 1508 enim
2604 1453 2667 1508 et
2700 1446 2917 1508 lumen
2950 1447 3014 1508 in
3043 1447 3173 1509 Deo
3201 1445 3447 1508 intelle-

1947 1541 2241 1604 ctualiter
2288 1551 2478 1622 sunt;
2520 1552 2585 1606 et
2625 1543 2709 1606 ob
2762 1544 2822 1606 id
2872 1561 2999 1607 non
3050 1543 3445 1618 naturaliter,

1947 1639 2056 1701 sed
2101 1639 2622 1706 intellectualiter
2663 1649 3027 1724 operantur.

2023 1737 2117 1799 Ad
2180 1739 2431 1800 tertiam
2489 1740 3031 1822 respondendum,
3080 1740 3251 1822 quod
3311 1739 3449 1821 ipsa

337 1840 706 1921 oppositum
751 1839 848 1900 sui
893 1837 1106 1921 operis
1149 1855 1278 1900 non
1323 1843 1550 1918 potest.
1583 1836 1834 1898 Intelle·
1869 1839 1918 1904 B
1949 1837 2279 1900 veritatem
2312 1837 2503 1900 habet
2545 1839 2625 1900 de
2660 1857 2736 1901 ea
2774 1857 2964 1901 causa
3002 1858 3143 1921 quae
3180 1839 3258 1900 ad
3302 1856 3447 1901 cau-

338 1944 474 1998 ctus
513 1943 732 1998 autem
769 1953 896 1999 non
936 1936 1066 2017 agit
1103 1935 1461 1998 secundum
1501 1934 1838 1996 necessita·

339 2043 462 2096 tem
499 2043 744 2096 naturae
773 2053 926 2107 suae,
961 2034 1072 2096 sed
1105 2052 1220 2116 per
1248 2033 1558 2096 rationem
1597 2039 1661 2094 et
1699 2051 1839 2114 spe·

339 2134 500 2195 ciem
562 2135 666 2195 sui
723 2131 964 2195 causati
1027 2149 1041 2193 z
1099 2132 1484 2194 determinat
1540 2132 1713 2194 enim
1774 2137 1838 2192 et

338 2231 648 2293 discernit
711 2230 980 2310 singula.
1044 2230 1292 2313 Quippe
1351 2229 1643 2293 voluntas
1708 2245 1836 2292 non

338 2329 696 2391 seeundum
750 2329 1024 2392 volentis
1091 2347 1253 2402 esse,
1313 2329 1423 2390 sed
1481 2328 1838 2390 seeundum

341 2426 740 2510 propositum
788 2427 936 2508 agit.
981 2427 1054 2489 Ei
1095 2427 1290 2508 igitur
1325 2427 1512 2507 cujus
1551 2425 1838 2508 proposi-

337 2534 470 2588 tum
502 2525 840 2588 immobile
870 2533 968 2587 est
993 2533 1058 2588 et
1087 2542 1346 2608 prorsus
1376 2524 1679 2598 liberum,
1711 2540 1838 2586 non

339 2631 654 2707 repugnat
710 2631 780 2685 ut
845 2623 912 2686 in
981 2623 1334 2687 aeternitate
1401 2641 1836 2705 perseverans,

337 2724 730 2804 agendorum
773 2723 1087 2797 ordinem,
1120 2730 1411 2805 tempora
1453 2731 1518 2785 et
1559 2722 1840 2804 proprie—

340 2829 497 2884 tates
549 2821 840 2884 instituat
882 2839 897 2884 ε
945 2822 1296 2904 praesertim
1360 2840 1561 2903 quum
1625 2821 1842 2884 omnia

339 2919 828 3002 simplicissimo
867 2921 1100 2983 mentis
1149 2919 1384 2982 intuitu
1431 2926 1732 3002 agnoscat
1777 2926 1842 2982 et

1946 1935 2217 1998 sandum
2248 1937 2621 1998 naturaliter
2649 1937 2937 2000 ordinata
2966 1943 3077 2000 est.
3101 1938 3267 2000 Deus
3296 1953 3449 2000 vero

1946 2034 2023 2095 ad
2057 2033 2147 2096 nil
2180 2042 2357 2097 extra
2394 2053 2461 2097 se
2492 2036 2919 2098 necessariam
2963 2035 3157 2098 habet
3198 2035 3451 2098 babitu-

1948 2132 2184 2194 dinem.
2221 2133 2396 2196 Unde
2427 2133 2811 2215 simpliciter
2848 2153 3100 2196 summa
3138 2133 3449 2215 perfectio

1947 2237 2046 2293 est
2073 2230 2309 2293 habere
2352 2232 2655 2294 virtutem
2701 2239 2765 2295 et
2807 2232 3267 2296 fecunditatem
3311 2250 3451 2314 pro·

1947 2327 2223 2390 ducendi
2266 2328 2505 2404 omnia,
2548 2337 2613 2391 et
2654 2329 2819 2392 hane
2861 2329 3063 2411 ipsam
3105 2328 3453 2391 fecundita-

1947 2433 2078 2488 tem
2130 2427 2607 2490 communieare
2656 2428 2953 2490 secundis
3012 2445 3140 2490 non
3198 2445 3455 2509 semper

1947 2531 2012 2585 et
2041 2525 2426 2599 necessarie,
2460 2526 2572 2588 sed
2606 2543 2720 2608 pro
2749 2525 2991 2607 agentis
3023 2525 3446 2608 beneplacito.

1950 2623 2125 2697 Quod
2172 2623 2347 2685 enim
2398 2625 2757 2688 necessario
2814 2643 2883 2687 se
2940 2624 3270 2698 diffundit,
3322 2641 3449 2686 non

1950 2726 2079 2781 tam
2111 2719 2395 2802 perfecte
2434 2727 2735 2802 operatur
2780 2721 2946 2783 sicut
2983 2720 3183 2784 libere
3222 2739 3291 2783 se
3330 2719 3452 2782 dif-

1949 2816 2227 2879 fundens
2252 2835 2267 2878 :
2290 2817 2593 2898 quoniam
2630 2817 2889 2900 quidem
2920 2817 3075 2880 finis
3111 2817 3451 2881 creationis

1952 2921 2155 2988 es't,ut
2172 2915 2389 2978 divina
2416 2916 2727 2998 perfectio
2758 2917 2823 2978 in
2852 2916 3111 2978 entibus
3140 2917 3451 2996 reluceat3

339 3019 660 3101 disponat,
693 3018 860 3081 sieut
887 3036 1060 3080 nunc
1097 3018 1378 3082 ubertim
1417 3017 1838 3100 praehabitum
1869 3027 1913 3092 c
1957 3014 2267 3097 perfectio
2296 3031 2449 3077 vero
2478 3015 2590 3077 Dei
2622 3033 2817 3096 super
2844 3034 2944 3078 res
2974 3034 3197 3078 omnes
3234 3025 3351 3088 est,
3385 3024 3456 3077 ut

342 3123 454 3178 est.
517 3115 860 3179 ostensum
921 3123 1018 3178 est
1079 3123 1316 3188 autem,
1375 3116 1842 3178 emanationem

343 3215 632 3277 universi
659 3231 698 3274 a
727 3213 938 3296 primo
979 3213 1302 3295 principio
1339 3212 1606 3276 liberam
1646 3221 1712 3276 et
1748 3233 1844 3276 sa-

344 3312 720 3394 pientialem
763 3310 947 3374 fore:
991 3327 1120 3374 non
1163 3328 1314 3392 ergo
1357 3311 1560 3394 ipsius
1605 3312 1844 3374 incom-

345 3409 646 3473 mutabili
719 3409 1116 3491 simplicitati
1193 3417 1506 3491 repugnat
1575 3427 1844 3492 operum

343 3517 638 3592 tempora
665 3514 730 3571 et
757 3507 1234 3570 vicissitudines
1263 3508 1707 3591 praeordinare.
1734 3509 1846 3571 De·

341 3625 492 3682 nuo,
525 3607 815 3689 primum
841 3623 970 3668 non
999 3605 1130 3687 agit
1159 3606 1536 3669 necessitate
1579 3615 1840 3681 naturae,

341 3706 450 3768 sed
495 3704 762 3787 propria
803 3703 1116 3766 libertate.

419 3804 498 3865 Et
548 3821 668 3886 per
712 3803 834 3864 hoe
889 3802 1100 3884 prima
1155 3802 1314 3865 ratio
1369 3803 1672 3867 solvenda
1729 3812 1840 3867 est.

345 3901 654 3964 Platonici
681 3919 958 3982 namque
987 3901 1306 3976 dixerunt,
1337 3901 1622 3984 primum
1652 3921 1846 3984 agens

341 3999 620 4062 formale
665 4015 856 4079 agens
905 4015 1067 4072 esse,
1117 4017 1318 4080 quum
1369 3999 1451 4061 sit
1509 4000 1848 4082 simplicis-

343 4099 504 4161 sima
551 4097 764 4160 forma
816 4097 1034 4159 omnia
1075 4095 1380 4159 formanS.
1430 4097 1578 4160 Ideo
1621 4117 1846 4161 secun-

1955 3113 2115 3175 nulli
2176 3113 2495 3194 obligatus
2542 3114 2645 3186 sit,
2694 3113 2910 3176 omnia
2958 3114 3157 3178 libere
3207 3133 3457 3178 conser-

1953 3229 2110 3274 vans
2151 3219 2217 3274 et
2258 3211 2718 3294 sapientialiter
2762 3213 3060 3275 condens.
3097 3213 3241 3276 Haec
3285 3213 3457 3275 insu-

1955 3328 2069 3392 per
2099 3309 2433 3393 limpidius
2459 3311 2703 3374 elarent
2733 3311 2800 3372 in
2830 3309 3021 3374 rebus
3068 3313 3295 3376 creatis
3340 3330 3455 3395 per

1954 3408 2074 3471 boc
2104 3409 2277 3491 quod
2310 3409 2376 3470 in
2416 3417 2703 3492 tempore
2740 3408 2923 3472 factae
2961 3417 3131 3483 sunt,
3164 3428 3357 3492 quam
3398 3409 3453 3472 si

1954 3506 2034 3568 ab
2075 3515 2313 3570 aeterno
2356 3507 2645 3570 fuissent.

2037 3605 2113 3666 Et
2142 3623 2257 3687 per
2294 3605 2414 3668 hoc
2454 3605 2661 3668 soluta
2697 3612 2795 3668 est
2836 3614 3059 3688 quarta
3098 3606 3277 3669 ratio.
3312 3607 3455 3688 Ipsa

1954 3721 2191 3785 nempe
2221 3703 2510 3786 procedit
2539 3704 2615 3766 de
2646 3711 2871 3784 agente
2910 3705 3206 3779 naturali,
3240 3713 3304 3768 et
3346 3723 3453 3767 eu-

1952 3801 2059 3883 jus
2092 3800 2402 3884 perfectio
2430 3801 2749 3884 dependet
2777 3820 2855 3864 ex
2886 3803 3274 3884 operatione.
3309 3803 3454 3866 Per-

1957 3899 2151 3962 fectio
2180 3907 2393 3961 autem
2426 3899 2769 3962 voluntarii
2800 3901 3047 3981 agentis
3087 3900 3153 3962 in
3192 3919 3270 3964 eo
3308 3918 3456 3964 con·

1955 3998 2145 4072 sistit,
2208 4005 2279 4058 ut
2346 3997 2699 4060 seeundum
2769 3998 3171 4080 propositum
3228 4000 3330 4062 sui
3395 4007 3461 4062 et

1957 4095 2557 4158 determinationem
2634 4096 2982 4178 opportuni
3057 4115 3231 4160 nunc
3310 4115 3458 4181 ope·

341 4199 494 4258 dum
527 4214 666 4269 eos„
699 4195 912 4276 ipsum
945 4195 1210 4276 largitur
1237 4203 1302 4257 et
1329 4193 1640 4258 diffundit
1666 4195 1846 4258 boni·
1876 4197 1927 4260 D
1957 4201 2150 4257 retur.

341 4303 500 4357 tates
531 4293 966 4356 secundorum
996 4311 1074 4354 ex
1104 4311 1172 4355 se
1204 4293 1344 4375 ipso
1371 4299 1436 4356 et
1465 4312 1579 4376 per
1607 4302 1846 4358 naturae

341 4393 830 4476 proprietatem,
881 4392 1048 4454 sicut
1095 4391 1189 4454 sol
1237 4391 1456 4454 effluit
1501 4392 1733 4467 lucem,
1784 4401 1850 4457 et

341 4492 516 4554 calor
561 4491 860 4553 calorem.
904 4490 1060 4552 Nam
1105 4497 1178 4552 ut
1218 4490 1441 4553 solaris
1486 4491 1650 4554 lucis
1693 4493 1846 4554 irra-

338 4590 541 4652 diatio
585 4596 687 4651 est
725 4588 855 4651 diei
899 4587 1292 4660 constitutio,
1325 4595 1390 4650 et
1418 4590 1602 4670 quasi
1632 4608 1844 4653 essen-

339 4689 512 4752 tialis
560 4687 862 4750 emicatio
907 4687 1132 4750 solaris
1180 4687 1466 4760 luminiS,
1513 4689 1844 4770 potissime

339 4789 394 4851 si
463 4786 562 4850 sol
643 4791 988 4868 poneretur
1056 4785 1561 4848 substantialiter
1631 4787 1844 4867 ipsum

339 4906 534 4950 suum
569 4885 824 4962 lumen3
855 4883 946 4946 sic
975 4883 1136 4945 dixit
1164 4883 1336 4946 Plato
1369 4885 1842 4966 processionem

337 4991 704 5048 creatarum
753 4980 1110 5043 bonitatum
1160 4999 1197 5042 a
1241 4981 1451 5062 prima
1499 4989 1564 5044 et
1619 4982 1842 5045 fontali

338 5081 631 5145 bonitate
672 5080 848 5142 aliud
887 5097 1014 5142 non
1063 5097 1225 5154 esse,
1265 5079 1389 5141 nisi
1437 5079 1842 5142 essentialem

337 5179 800 5242 emicationem
842 5177 1075 5240 divinae
1121 5177 1284 5239 lucis
1318 5195 1332 5239 t
1367 5177 1459 5239 sic
1501 5184 1739 5251 tamen,
1773 5187 1844 5240 ut

335 5279 640 5342 divinum
672 5277 890 5340 lumen
928 5275 1384 5359 proprietatem
1423 5277 1698 5359 propriae
1729 5276 1841 5362 hy-

2036 4293 2129 4355 Ad
2173 4292 2449 4355 rationes
2492 4291 2797 4374 deinceps
2841 4291 3199 4356 Aristotelis
3242 4293 3457 4358 dicen-

1955 4392 2132 4466 dum,
2165 4391 2335 4472 quod
2366 4391 2649 4472 primum
2688 4398 2786 4453 est
2828 4392 3053 4455 mundi
3094 4411 3287 4456 causa
3326 4410 3453 4456 non

1955 4509 2070 4571 per
2129 4489 2432 4572 praeviam
2492 4488 2775 4572 aliquam
2836 4491 3278 4564 mutationem,
3340 4492 3451 4554 sed

1955 4588 2319 4670 simplicem
2362 4589 2869 4667 emanationem3
2902 4596 2965 4650 et
2993 4591 3295 4671 quoniam
3338 4590 3449 4653 Dei

1953 4687 2118 4748 actio
2147 4692 2245 4748 est
2274 4686 2551 4748 essentia
2580 4685 2743 4765 ejus,
2775 4704 2903 4748 non
2946 4687 3236 4769 sequitur
3279 4689 3447 4770 quod

1955 4785 2237 4866 primum
2280 4783 2499 4866 aliquo
2546 4784 2734 4846 modo
2776 4792 3125 4858 moveatur,
3167 4787 3245 4848 de
3282 4805 3449 4850 novo

1951 4883 2196 4965 aliquid
2227 4883 2517 4945 creand0.
2542 4917 2621 4928 —
2650 4882 2744 4944 Ad
2774 4881 2965 4944 aliam
2996 4882 3252 4958 dieitur,
3276 4886 3445 4966 quod

1952 4983 2173 5045 divina
2199 4981 2493 5044 voluntas
2525 4981 2589 5043 in
2621 4998 2697 5043 eo
2734 4999 2907 5042 nunc
2948 4981 3258 5044 mundum
3305 5002 3447 5065 pro-

1949 5080 2155 5154 duxit,
2189 5079 2256 5141 in
2287 5098 2413 5162 quo
2452 5079 2837 5143 aeternaliter
2875 5080 2938 5142 id
2984 5079 3197 5161 ipsum
3238 5081 3448 5145 facere

1950 5179 2283 5262 proposuit
2327 5195 2341 5240 :
2384 5186 2448 5240 et
2496 5179 2691 5258 igitur
2734 5195 2863 5242 non
2906 5179 3250 5242 retardavit
3286 5198 3448 5263 opus

1948 5295 2159 5342 suum.
2194 5276 2269 5339 Et
2298 5277 2354 5340 si
2377 5277 2545 5340 Deus
2569 5277 2818 5340 dicatur
2844 5279 3194 5342 retardasse
3224 5280 3449 5344 mundi
