4300 6259
137 677 202 716 art.
217 684 278 714 xv.

861 485 942 532 DE
979 483 1208 532 Lunum
1249 482 1632 532 cumsrunffl
1672 447 1972 538 mortu-2,
2017 482 2195 529 mmm
2236 484 2274 529 1.
2320 501 2401 512 -
2442 485 2581 531 ART.
2627 484 2825 530 xxxin

3270 462 3391 526 273

425 652 476 715 X
531 652 632 714 his
687 661 904 716 autem
962 673 1102 737 quae
1149 654 1282 735 jam
1333 661 1478 716 ante
1525 653 1604 714 de
1656 670 1792 734 per·
1821 650 1873 714 A
1903 652 2081 715 nium
2111 653 2329 736 opifex
2360 661 2424 716 et
2453 654 2795 736 paternalis
2826 671 3017 716 causa
3048 649 3197 733 :qui
3228 667 3395 712 unus

454 748 730 814 fectione
787 751 900 814 Dei
957 751 1388 814 demonstrata
1443 757 1612 822 sunt,
1662 750 1792 812 elu-

301 849 490 912 cescit
515 849 686 930 quod
727 869 928 931 quum
960 850 1044 910 sit
1072 850 1240 912 Deus
1278 868 1392 912 ens
1432 867 1546 930 per
1582 867 1792 910 essen·

302 947 470 1020 tiam,
501 953 564 1008 et
606 945 1114 1009 substantialiter
1153 965 1226 1008 ac
1273 945 1548 1008 totaliter
1593 963 1790 1026 purus

301 1053 493 1118 actus,
539 1045 604 1107 in
653 1052 900 1108 tantum
945 1063 1208 1127 prorsus
1261 1051 1332 1106 ut
1382 1051 1606 1106 natura
1649 1043 1790 1122 ejus

302 1143 379 1204 sit
423 1141 696 1214 bonitas,
741 1143 1006 1206 omnino
1053 1161 1314 1206 necesse
1361 1149 1458 1204 est
1506 1147 1575 1202 ut
1623 1140 1791 1202 Deus

301 1241 362 1302 in
418 1238 558 1321 ipso
603 1256 722 1303 suo
779 1239 1264 1323 simplicissimo
1319 1257 1484 1314 esse,
1531 1257 1788 1301 omnem

299 1339 486 1402 totius
543 1337 898 1402 nobilitatis
951 1337 1492 1421 perfectionisque
1543 1337 1792 1399 univer-

301 1457 378 1500 sae
409 1435 874 1519 plenitudinem
909 1435 1486 1519 superexcellenter
1513 1453 1792 1516 compre-

303 1536 546 1598 hendat.
593 1535 770 1598 Unde
816 1542 1065 1617 oportet
1113 1541 1183 1596 ut
1225 1534 1536 1616 quidquid
1580 1534 1657 1595 ad
1703 1533 1792 1595 in-

305 1633 654 1715 tegritatem
708 1633 860 1695 boni
919 1640 984 1695 ct
1031 1633 1577 1715 complementum
1627 1631 1792 1693 entis

304 1733 594 1815 pertinet,
627 1731 1246 1813 superessentialiter
1287 1738 1351 1794 et
1393 1730 1794 1794 nobilissime

1905 770 2189 826 manem,
2236 761 2334 814 est
2374 753 2793 825 autobonum,
2841 771 2955 834 per
3002 769 3069 814 se
3112 769 3249 824 enS,
3295 768 3399 811 su-

1901 849 2455 930 persubstantialis
2513 851 2665 922 vita,
2716 857 2780 912 et
2835 849 3123 912 omnium
3184 864 3398 910 rerum

1901 947 2285 1029 exemplaris
2324 967 2399 1010 ac
2440 947 2695 1011 fontalis
2737 948 2915 1010 ratio.
2954 947 3029 1009 Et
3066 945 3217 1008 huic
3260 943 3399 1026 qui-

1901 1043 2046 1106 dem
2093 1046 2424 1110 sententiae
2470 1047 2621 1108 satis
2668 1064 2934 1109 concors
2979 1052 3076 1108 est
3114 1043 3285 1107 Plato
3333 1043 3401 1104 in

1900 1142 2159 1218 Timum,
2211 1145 2363 1207 dum
2424 1143 2940 1225 intelligibilibus
2988 1141 3399 1213 animalibus,

1901 1241 2077 1304 velut
2131 1242 2519 1323 quibusdam
2576 1241 3039 1325 supersinceris
3094 1239 3399 1314 fontibuS,

1901 1339 2163 1420 plenum
2194 1339 2259 1402 in
2289 1341 2507 1403 divina
2536 1349 2747 1404 mente
2775 1341 3192 1423 archetypum
3230 1357 3403 1400 mun·

1902 1437 2056 1499 dum
2109 1437 2517 1502 statuendum
2571 1439 2677 1501 ait.
2740 1437 3082 1500 Enimvero
3134 1434 3401 1499 Platoni-

1903 1553 2124 1598 corum
2188 1536 2527 1618 principia‚
2590 1545 2655 1598 et
2712 1536 2947 1618 quibus
3014 1535 3399 1606 innituntur,

1907 1634 2183 1696 maxime
2248 1652 2285 1696 a
2350 1636 2616 1697 veritate
2684 1635 2893 1697 aliena
2955 1633 3212 1717 penitus
3274 1649 3403 1694 non

1903 1739 2054 1794 sunt
2095 1750 2108 1794 :
2145 1733 2313 1814 quod
2366 1732 2537 1796 enim
2582 1733 2784 1806 aiunt,
2824 1731 3298 1814 processionem
3342 1735 3407 1792 et

306 1831 418 1912 ipsi
459 1829 634 1892 insit.
669 1830 1216 1903 Quemadmodum
1261 1829 1454 1909 igitur
1495 1836 1592 1891 est
1628 1828 1794 1890 Deus
1818 1827 1865 1890 B
1906 1830 2391 1892 conversionem
2458 1848 2795 1892 causarum
2868 1836 2933 1892 et
3000 1835 3405 1890 causatorum

305 1928 804 1991 substantialiter
841 1928 1055 2011 ipsum
1095 1947 1286 1990 suum
1325 1926 1795 2011 supersimplex

304 2045 457 2101 esse,
511 2027 606 2088 sic
653 2045 916 2089 necesse
964 2027 1220 2109 penitus
1267 2032 1366 2088 est
1411 2033 1482 2088 ut
1529 2025 1612 2088 sit
1659 2025 1796 2106 ipse

307 2145 413 2207 per
456 2144 530 2188 se
579 2125 911 2207 sapientia,
962 2123 1594 2206 supersubstantialis
1641 2123 1794 2197 vita,

307 2225 524 2287 idealis
569 2223 931 2286 intellectus
967 2241 982 2284 τ
1013 2231 1077 2286 et
1116 2231 1186 2286 ut
1222 2223 1300 2285 ad
1341 2239 1530 2286 omne
1561 2221 1793 2293 dicam,

309 2325 436 2405 ipse
481 2321 1014 2396 substantialiter,
1061 2341 1175 2404 per
1214 2341 1282 2384 se
1319 2329 1384 2384 et
1427 2320 1796 2384 omnimode

309 2420 830 2503 independenter,
853 2427 950 2482 est
977 2437 1168 2482 omne
1201 2419 1262 2482 id
1293 2419 1463 2501 quod
1495 2418 1796 2482 bonitatis

308 2527 396 2582 est
435 2518 940 2591 venustativum,
972 2535 1044 2578 ac
1089 2517 1254 2580 entis
1298 2517 1793 2580 nobilitativum.

309 2618 576 2698 Ideoque
625 2617 792 2678 Deus
843 2615 1111 2698 pulcher
1155 2624 1252 2678 est
1299 2623 1362 2678 et
1409 2623 1688 2688 sanctuS,
1737 2622 1802 2676 et

307 2716 508 2779 omnis
554 2714 1054 2797 pulchritudinis
1095 2713 1592 2796 supervivificus
1634 2713 1799 2786 fona,

307 2814 786 2896 sanctitatisque
837 2812 1095 2876 fontana
1143 2813 1320 2875 ratio.
1373 2812 1614 2885 Denuo,
1666 2811 1804 2894 ipse

309 2915 455 2977 felix
485 2921 582 2976 est
615 2920 680 2974 et
706 2911 986 2975 totaliter
1015 2911 1276 2984 felix,ac
1307 2910 1806 2972 substantialiter

1905 1946 2044 1990 esse
2094 1947 2211 2010 per
2258 1926 2751 1992 similitudinem
2802 1937 3249 2009 utrorumque,
3302 1943 3407 1988 ve·

1905 2045 2046 2088 rum
2089 2025 2351 2109 quidem
2391 2034 2507 2100 est,
2542 2027 2651 2088 sed
2694 2044 2819 2089 non
2850 2027 2966 2100 sic,
3000 2033 3070 2087 ut
3100 2023 3408 2106 ponendae

1907 2125 2102 2206 igitur
2149 2132 2457 2206 putentur
2502 2125 2749 2208 species
2794 2131 3119 2207 separatae,
3165 2131 3237 2185 ut
3274 2120 3406 2203 jam

1905 2223 2253 2286 deductum
2299 2231 2413 2286 est.
2460 2224 2723 2299 Rursus,
2770 2224 2941 2307 quod
2986 2223 3051 2285 in
3094 2221 3271 2284 omni
3314 2239 3654 2286 ona-tm..

1907 2322 2058 2383 dine
2111 2321 2337 2384 dicunt
2378 2321 2513 2384 fore
2556 2341 2757 2385 unum
2804 2341 2918 2404 per
2957 2321 3299 2384 essentiam
3346 2326 3411 2382 et

1909 2437 2024 2502 per
2067 2437 2136 2482 se
2178 2419 2326 2493 tale,
2368 2421 2634 2482 omnino
2678 2439 2903 2483 verum
2946 2427 3041 2481 est
3076 2437 3089 2480 :
3124 2418 3407 2500 primum

1909 2517 2082 2580 enim
2143 2525 2241 2580 est
2292 2537 2407 2600 per
2452 2537 2541 2580 se.
2596 2517 2717 2580 Sed
2766 2535 2893 2579 non
2952 2517 3094 2578 ideo
3152 2533 3412 2578 necesse

1912 2623 2008 2678 est
2055 2615 2183 2678 tale
2234 2615 2515 2699 primum
2563 2614 3123 2678 subsistentialiter
3165 2633 3417 2695 separa-

1913 2723 2048 2776 tum
2084 2713 2219 2777 fore
2260 2733 2295 2776 a
2339 2714 2871 2795 participantibus
2914 2714 2977 2775 in
3020 2731 3253 2794 genere
3293 2712 3419 2775 for-

1919 2813 2102 2875 malis
2133 2832 2358 2876 causae.
2386 2813 2629 2884 Denuo,
2654 2819 2783 2874 tota
2814 2811 3097 2894 ipsorum
3132 2811 3423 2874 doctrina

1917 2911 2311 2973 sublimibus
2370 2911 2749 2972 veritatibus
2808 2910 3123 2992 permixta
3180 2917 3298 2984 est,
3360 2917 3424 2972 et

310 3013 443 3094 ipsa
479 3031 600 3074 sua
637 3009 928 3073 felicitas.
967 3009 1076 3071 Est
1105 3017 1410 3091 praeterea
1449 3009 1652 3070 virtus
1683 3007 1804 3070 vir·
1834 3011 1878 3074 C
1921 3008 2239 3089 principia
2297 3025 2519 3070 eorum
2584 3006 2845 3068 subtilia
2893 3013 3081 3083 sunt3
3132 3007 3239 3068 sed
3294 3023 3421 3068 non

311 3118 534 3183 tutum,
573 3106 1134 3189 incircumscripta
1173 3107 1409 3184 virtus;
1441 3114 1505 3168 et
1551 3105 1801 3168 univer-

309 3209 518 3271 saliter
557 3205 876 3290 quidquid
918 3203 1194 3266 sublime
1237 3210 1334 3266 est
1371 3211 1434 3266 et
1472 3211 1800 3286 praesmnS,

310 3315 370 3370 et
408 3305 638 3388 purius
679 3303 1022 3384 veriusque
1064 3321 1255 3385 quam
1301 3302 1578 3384 cogitare
1623 3321 1804 3364 mens

311 3405 530 3478 valeat,
563 3404 706 3486 ipse
747 3408 860 3464 est.

384 3503 598 3576 Porro,
635 3519 750 3562 cur
792 3498 1237 3580 hujuscemodi
1281 3499 1542 3562 nomina
1581 3498 1804 3562 ordine

314 3601 610 3683 quodam,
663 3597 884 3660 divino
940 3614 1078 3659 esse
1149 3596 1553 3669 conveniant,
1612 3614 1806 3678 supra

140 3725 292 3764 nm.
317 3717 480 3762 nunc
543 3695 942 3760 elucidatum
1007 3702 1122 3757 est.
1180 3694 1518 3776 Propterea
1575 3713 1804 3776 nempe

317 3815 576 3879 magnus
617 3792 961 3875 Dionysius
1001 3793 1066 3854 in
1107 3791 1270 3854 libro
1308 3792 1388 3854 de
1418 3791 1664 3854 Divinis
1703 3809 1808 3854 no-

314 3895 616 3968 minibus,
669 3891 868 3954 Deum
923 3890 1146 3953 ordine
1204 3889 1480 3971 quodam
1539 3890 1808 3953 diversis

313 3991 682 4056 nominibus
709 4007 784 4052 ac
817 3987 1318 4071 perfectionibus
1351 3987 1586 4062 laudat,
1620 3997 1810 4070 prout

313 4093 374 4154 in
427 4090 693 4154 entibus
751 4087 980 4150 creatis
1028 4086 1261 4150 divinae
1309 4087 1472 4148 lucis
1526 4087 1806 4169 resplen-

311 4191 517 4254 dentia
575 4187 870 4271 quaedam
930 4193 1044 4248 est.
1095 4185 1336 4246 Laudat
1383 4185 1680 4267 equidem
1741 4185 1807 4247 in
1837 4191 1886 4254 D

313 4288 531 4373 primis
577 4287 784 4350 Deum
829 4291 1130 4365 tanquam
1177 4282 1417 4346 bonum
1467 4289 1532 4345 et
1581 4301 1808 4365 puram

313 4387 686 4458 bonitatem,
743 4400 818 4445 ac
877 4383 1096 4444 lumen
1155 4381 1604 4463 luminumque
1671 4380 1808 4444 fon-

315 4495 526 4550 tanum
577 4483 824 4546 lumen.
890 4482 1159 4563 Insuper
1217 4479 1430 4542 laudat
1475 4481 1688 4562 ipsum
1741 4487 1811 4542 ut

315 4606 418 4648 ens
476 4592 542 4648 et
599 4581 815 4646 omnis
871 4579 1035 4642 entis
1103 4597 1382 4652 causam,
1443 4578 1674 4640 dehinc
1741 4586 1812 4641 ut

315 4685 526 4758 vitam,
561 4691 628 4746 et
673 4682 762 4744 ita
801 4680 1123 4762 deinceps.

387 4784 454 4846 ln
511 4783 640 4845 hoc
689 4797 842 4860 ergo
887 4777 1204 4840 deficiunt
1259 4775 1588 4850 Platonici,
1641 4776 1810 4859 quod

315 4882 463 4945 citra
493 4897 830 4944 summum
863 4877 1062 4940 Deum
1095 4875 1560 4940 autobonitates
1590 4885 1652 4938 et
1683 4875 1814 4938 ide-

316 4981 438 5043 ales
483 4981 728 5044 formas
773 4983 1082 5050 statuunt,
1129 4975 1392 5038 deorum
1439 4975 1812 5038 inducentes

319 5077 794 5142 multitudinem
841 5074 1196 5138 secundum
1239 5081 1526 5136 catenam
1557 5074 1815 5137 descen-

317 5197 420 5240 sus
445 5177 819 5241 divinarum
851 5174 1344 5237 emanationum.
1375 5171 1484 5234 Est
1513 5191 1811 5254 namque,

125 5293 297 5335 utun.
319 5283 386 5338 ut
413 5275 606 5339 modo
637 5281 962 5337 ostensum
989 5278 1106 5346 est,
1139 5289 1304 5333 unus
1345 5269 1644 5353 idemque
1681 5288 1814 5334 om-

563 5409 630 5460 T.
671 5409 746 5458 33.

1919 3107 2068 3168 licet
2126 3107 2345 3168 omnia
2396 3105 2531 3168 haec
2590 3105 2829 3167 referre
2886 3106 2962 3167 ad
3024 3111 3303 3166 mentem
3360 3111 3425 3166 et

1917 3205 2257 3287 positionis
2310 3204 2569 3266 modum
2622 3205 2930 3286 ipsorum.
2980 3202 3230 3265 Etenim
3274 3210 3421 3266 ante

1913 3303 2239 3366 Platonem
2279 3320 2484 3384 pauca
2522 3319 2783 3384 prorsus
2823 3309 2957 3364 erat
2992 3301 3071 3362 de
3110 3301 3421 3382 separatis

1915 3401 2288 3464 substantiis
2322 3400 2581 3462 inventa
2610 3399 2921 3481 sapientia
2948 3417 2963 3461 :
2990 3398 3259 3480 ideoque
3290 3414 3417 3461 non

1915 3507 2044 3562 tam
2105 3499 2367 3570 mirum,
2420 3497 2473 3559 si
2535 3497 2793 3560 ordines
2851 3505 2912 3558 et
2971 3502 3262 3559 naturam
3324 3495 3420 3558 in-

1917 3597 2322 3660 sensibilium
2364 3603 2427 3658 et
2470 3595 2836 3658 divinorum
2876 3593 3119 3656 entium
3160 3593 3239 3656 ad
3287 3593 3416 3675 ple·

1917 3715 2072 3758 num
2105 3695 2533 3758 determinare
2566 3691 2875 3776 nequivit,
2900 3710 3092 3773 quam
3126 3691 3419 3754 mirabile

1917 3801 2013 3856 est
2069 3793 2241 3874 quod
2300 3800 2541 3855 tantam
2609 3792 2688 3853 de
2744 3789 2983 3852 eisdem
3040 3789 3419 3871 sapientiam

1917 3891 2267 3954 adinvenit.

2243 4159 2732 4226 ARTICULUS
2778 4159 3100 4225 XXXIII.

1917 4325 2014 4385 De
2035 4320 2451 4398 philosophia
2480 4338 2676 4396 quam
2708 4317 2782 4377 in
2813 4319 2981 4378 libro
3008 4319 3237 4380 Fontis
3266 4319 3420 4380 vitce

2002 4410 2277 4470 induxit
2315 4408 2681 4468 sz’cebron
2727 4408 2907 4466 circa
2947 4409 3420 4470 emanationem

2001 4499 2303 4561 universi
2343 4518 2383 4557 a
2426 4517 2673 4558 summo
2715 4500 2871 4566 Deo,
2911 4505 2971 4555 et
3014 4501 3419 4576 quemadmo-

2001 4593 2161 4650 dum
2191 4591 2271 4648 de
2300 4596 2548 4647 natura
2586 4588 2710 4648 Dei
2738 4595 2798 4646 et
2828 4596 3241 4648 causatorum
3272 4588 3421 4664 phi·

2003 4679 2373 4754 Iosophatus
2412 4677 2517 4736 sit.

2047 4871 2415 4936 LATONEM
2453 4887 2644 4953 porro
2681 4877 3009 4934 assecutus
3038 4871 3421 4950 Avicebron,

2079 4989 2405 5034 summum
2440 4969 2641 5030 Deum
2672 4967 2763 5030 ait
2798 4969 3088 5031 omnium
3128 4980 3421 5051 agentem

1926 5089 2201 5134 causam.
2238 5067 2526 5149 Denique
2558 5083 2674 5148 pro
2705 5067 3016 5128 constanti
3049 5066 3262 5142 habet,
3295 5071 3423 5152 pri-

1926 5188 2095 5234 mam
2156 5185 2411 5230 causam
2470 5164 2733 5228 omnino
2780 5163 3099 5227 infinitam
3147 5185 3309 5242 esse,
3361 5177 3428 5231 et

1927 5287 2043 5353 per
2071 5266 2289 5330 omnia
2318 5281 2665 5346 expansam
2705 5269 3059 5346 cunctaque
3090 5274 3423 5346 penetrau-

3107 5401 3167 5450 18
