4300 6259
1065 526 1490 575 BtussNTA‘rio
1529 529 1992 577 Pultosorch.
2035 548 2114 563 ···-
2158 533 2237 579 DE
2277 533 2477 583 Anum
2519 536 2849 584 RA‘rloNALI

3425 513 3506 587 255

407 696 806 780 phantasiam
837 703 1262 787 distinguunt.
1294 705 1605 770 Averroes
1642 720 1796 768 vero
1831 703 1910 766 ad
1938 702 1990 767 A
2022 704 2341 769 humanus
2400 708 2609 790 primo
2656 708 2740 771 sit
2787 708 3225 792 imperfectuS,
3278 709 3509 783 nudus,

409 796 570 859 hanc
599 802 1044 883 operationem
1069 804 1162 867 ait
1189 804 1493 869 sufficere
1525 803 1656 867 vim
1688 802 1910 884 imagi-

405 896 686 961 nativam
721 916 736 962 :
771 902 942 983 quod
985 911 1051 966 et
1085 903 1342 969 Thomae
1380 901 1778 987 probabilius
1821 902 1910 965 vi-

409 1015 550 1059 sum
591 1004 710 1061 est.

497 1097 920 1179 Assignantur
995 1098 1148 1163 item
1219 1101 1506 1183 quinque
1577 1100 1908 1165 sensibilia

405 1196 797 1272 communia,
863 1197 958 1261 sic
1020 1206 1242 1262 vocata
1308 1200 1612 1282 quoniam
1681 1218 1908 1263 unum·

403 1294 704 1376 quodque
733 1313 954 1359 eorum
990 1297 1284 1379 pluribus
1315 1298 1740 1363 exterioribus
1771 1317 1908 1381 per-

403 1392 642 1474 cipitur
679 1394 994 1458 sensibus.
1037 1396 1167 1459 Nec
1215 1405 1367 1459 sunt
1413 1396 1746 1460 sensibilia
1793 1416 1906 1479 per

401 1490 886 1575 accidens,quia
915 1513 1032 1577 per
1060 1513 1128 1557 se
1157 1503 1505 1579 operantur
1532 1496 1610 1559 ad
1643 1497 1902 1559 modum

403 1589 716 1652 sentiendi
767 1591 1020 1655 diversa
1071 1608 1086 1655 :
1129 1612 1274 1675 quae
1315 1601 1463 1656 sunt
1509 1594 1901 1675 magnitude,

403 1695 634 1761 motus,
697 1688 929 1769 figura,
993 1710 1322 1766 numerus,
1375 1699 1440 1755 et
1503 1692 1706 1774 quies,
1761 1692 1903 1755 Haec

401 1804 602 1867 quum
671 1786 830 1851 alibi
885 1788 1240 1853 habeantur
1299 1790 1583 1874 undique
1639 1789 1897 1863 diffuse,

403 1884 685 1949 breviter
723 1886 1012 1950 sufficiat
1055 1888 1360 1969 tetigisse.

481 1985 830 2059 Postremo,
878 1987 1182 2069 quoniam
1233 1987 1329 2050 vis
1389 1988 1728 2070 cogitativa
1787 2007 1900 2052 seu

401 2084 783 2147 aestimativa
837 2085 1262 2168 apprehendit
1305 2086 1550 2170 aliquid
1599 2095 1900 2169 tanquam

401 2182 792 2245 conveniens
845 2201 958 2246 seu
1011 2184 1338 2259 nocivum,
1383 2193 1448 2248 et
1493 2204 1714 2248 rursus
1771 2194 1902 2249 tan-

401 2300 596 2363 quam
643 2282 916 2345 arduum
974 2300 1086 2347 seu
1147 2284 1420 2347 difficile
1475 2285 1554 2347 ad
1612 2284 1903 2349 obtinen-

403 2380 552 2443 dum
593 2388 704 2443 aut
741 2380 1153 2461 evitandum3
1195 2382 1346 2445 hinc
1378 2382 1440 2445 in
1471 2382 1590 2445 hac
1621 2384 1906 2466 potentia

404 2477 710 2542 fundatur
747 2487 940 2561 atque
987 2480 1052 2543 in
1098 2480 1240 2563 ejus
1297 2498 1534 2561 organo
1591 2481 1906 2563 subjecta·

405 2584 508 2639 tur
533 2578 634 2641 vis
663 2576 990 2641 sensibilis
1017 2580 1544 2661 appetitiva‚quae
1576 2580 1642 2643 in
1673 2597 1904 2645 concu-

405 2675 768 2758 piscibilem
813 2675 1333 2761 irascibilemque
1375 2678 1700 2742 dividitur.

765 2888 1285 2953 PROPOSITIO
1331 2888 1542 2953 XLII.

2019 822 2217 886 capax
2278 806 2771 889 receptivusque
2828 808 3215 889 specierum,
3266 816 3517 891 oportet

2017 902 2084 963 in
2133 903 2347 966 anima
2392 904 2780 969 intellectiva
2827 924 2967 969 esse
3006 908 3322 988 quoddam
3366 907 3518 969 acti-

2017 1020 2171 1063 vum
2202 1002 2618 1086 principium,
2652 1024 2765 1085 per
2796 1006 2963 1088 quod
2996 1005 3112 1068 fiat
3148 1014 3289 1069 actu
3335 1004 3517 1069 intel-

2018 1099 2222 1181 ligens
2284 1117 2299 1163 :
2360 1111 2584 1165 natura
2642 1122 2921 1185 namque
2976 1122 3104 1167 non
3162 1103 3386 1167 deficit
3450 1104 3513 1167 in

2017 1200 2415 1273 necessariiS,
2437 1201 2565 1264 imo
2596 1202 2945 1285 unicuique
2976 1202 3065 1265 rei
3101 1202 3365 1284 largitur
3392 1202 3515 1266 vir-

2013 1304 2217 1360 tutem
2257 1301 2645 1382 exsequendi
2693 1302 3023 1383 proprium
3068 1309 3302 1364 actum.
3338 1302 3515 1365 Unde

2015 1396 2177 1459 dixit
2223 1397 2643 1481 Philosophus
2692 1400 2879 1462 tertio
2925 1400 3005 1463 de
3052 1400 3301 1475 Anima,
3342 1401 3512 1482 quod

2017 1494 2080 1556 in
2123 1496 2299 1558 omni
2340 1504 2565 1560 natura
2605 1498 2669 1559 in
2708 1516 2835 1579 qua
2870 1506 2969 1560 est
3010 1498 3253 1580 aliquid
3298 1499 3515 1561 omnia

2015 1592 2185 1667 fieri,
2219 1594 2409 1657 etiam
2442 1595 2685 1677 aliquid
2734 1603 2831 1659 est
2865 1614 2995 1678 quo
3032 1604 3129 1661 est
3168 1596 3385 1661 omnia
3421 1596 3511 1659 fa-

2015 1710 2179 1755 cere.
2244 1692 2401 1755 Hinc
2464 1712 2684 1757 rursus
2754 1694 3151 1759 intellectum
3218 1703 3511 1776 agentem

2015 1800 2346 1873 comparat
2392 1791 2646 1866 lumini,
2696 1811 2773 1857 eo
2822 1794 2991 1875 quod
3041 1793 3271 1856 habeat
3317 1813 3384 1857 se
3432 1794 3511 1857 ad

1928 1886 1976 1950 B
2017 1890 2458 1971 phantasmata
2486 1890 2651 1954 sicut
2684 1892 2897 1955 lumen
2930 1892 3082 1955 solis
3110 1892 3188 1955 ad
3221 1892 3461 1955 colores
3494 1910 3509 1954 ε

2013 1988 2317 2070 quoniam
2376 1990 2543 2051 sicut
2598 1990 2773 2053 color
2828 1991 2969 2053 luce
3016 1990 3167 2053 solis
3216 1990 3515 2073 perfusus

2017 2094 2231 2150 movet
2260 2095 2323 2151 et
2351 2096 2564 2151 actuat
2602 2089 2837 2163 visum,
2874 2090 2959 2151 ita
3003 2088 3380 2171 phantasma
3420 2089 3513 2151 lu-

2019 2184 2191 2246 mine
2248 2183 2613 2247 intellectus
2668 2186 2915 2267 agentis
2964 2186 3145 2267 quasi
3204 2186 3514 2249 clarifica-

2014 2289 2175 2354 tum,
2202 2280 2569 2356 formatum,
2598 2282 2940 2357 imbutum,
2975 2284 3371 2357 irradiatum,
3395 2284 3515 2347 dif-

2014 2378 2299 2442 fusivum
2370 2388 2470 2442 est
2538 2380 2981 2444 similitudinis
3046 2382 3373 2463 depuratae
3436 2381 3513 2445 ad

2015 2477 2415 2542 intellectum
2448 2478 2846 2561 possibilem,
2878 2488 3281 2563 cooperante,
3316 2488 3389 2543 ut
3424 2488 3513 2543 ta-

2015 2584 2191 2639 ctum
2212 2584 2329 2651 est,
2347 2576 2675 2640 intellectu
2706 2586 2951 2659 agente.
2966 2579 3513 2642 -Verumtamen

2019 2676 2283 2739 materia
2314 2676 2432 2739 ista
2468 2676 2743 2739 multum
2774 2684 2979 2740 exstat
3016 2676 3331 2739 difficilis,
3366 2676 3514 2739 Ver-

2015 2774 2098 2837 ba
2135 2792 2391 2856 quoque
2428 2774 2785 2837 Aristotelis
2818 2781 2968 2837 sunt
3000 2774 3273 2839 obscura
3314 2792 3329 2837 t
3374 2792 3517 2857 pro-

2015 2880 2159 2955 pter
2200 2872 2369 2955 quod
2414 2872 2721 2956 praecipui
2762 2873 3163 2954 Peripatetici
3208 2890 3281 2935 ea
3320 2872 3514 2936 variis

2017 2971 2225 3034 modis
2274 2977 2729 3053 exposuerunt,
2770 2978 2835 3033 et
2874 2971 3043 3033 circa
3088 2971 3210 3035 hoc
3253 2970 3515 3033 diversi-

481 3070 796 3150 Duplex
855 3069 1319 3137 intellectus
1383 3069 1760 3138 consistit
1817 3073 1903 3137 in
1933 3073 1978 3139 C
2018 3069 2203 3131 mode
2234 3069 2475 3150 opinati
2509 3076 2679 3142 sunt,
2712 3075 2776 3131 et
2812 3068 3089 3151 graviter
3118 3077 3509 3133 erraverunt.

403 3170 695 3248 amma,
743 3170 940 3248 puta
985 3182 1234 3247 agens
1277 3170 1364 3235 et
1413 3168 1838 3251 possibilis.

482 3265 658 3339 Quod
707 3273 826 3339 est,
870 3264 1022 3347 quia
1069 3284 1412 3348 supremus
1447 3274 1630 3329 actus
1671 3266 1902 3329 animae

401 3364 730 3427 rationalis
775 3370 872 3425 est
913 3363 1378 3437 immaterialia,
1413 3363 1799 3427 universalia
1827 3384 1900 3427 ac

399 3462 618 3525 divina
649 3478 1052 3543 cognoscere.
1087 3461 1424 3544 Quumque
1453 3463 1734 3543 cognitio
1761 3462 1900 3544 ejus

401 3559 818 3633 intellectiva,
851 3558 1117 3623 interior
1152 3578 1226 3621 ac
1267 3560 1665 3636 universam,
1695 3580 1732 3623 a
1763 3580 1901 3624 sen·

399 3660 613 3731 sitiva,
648 3658 948 3721 exteriori
995 3676 1069 3720 ac
1121 3658 1488 3741 particulari
1541 3659 1897 3730 inchoetur,

398 3758 760 3841 dependeat
787 3775 860 3819 ac
893 3756 1212 3837 procedat,
1247 3756 1490 3838 indiget
1519 3758 1790 3839 quadam
1837 3759 1898 3820 vi

400 3855 793 3939 inorganica,
841 3854 1246 3918 immateriali
1296 3874 1370 3917 ac
1417 3856 1640 3929 libera,
1691 3876 1818 3938 qua
1865 3876 1900 3919 a

397 3954 818 4018 sensibilibus
857 3952 1196 4037 speciebus
1233 3972 1308 4016 ac
1351 3953 1900 4037 phantasmatibus

397 4055 613 4119 eliciat
665 4072 740 4116 ac
791 4052 1118 4115 abstrahat
1163 4052 1410 4135 species
1461 4052 1900 4134 intelligibiles

401 4152 756 4237 generales,
807 4170 844 4213 a
893 4150 1159 4213 materia
1203 4149 1458 4231 (saltem
1519 4150 1790 4232 signata)
1837 4158 1898 4213 et

2097 3167 2173 3229 Et
2218 3176 2433 3249 posset
2480 3167 2587 3229 hic
2634 3168 2831 3249 quaeri
2886 3174 3097 3229 utrum
3150 3166 3512 3230 intellectus

2012 3286 2207 3348 agens
2251 3265 2579 3345 intelligat.
2628 3266 2719 3327 Ad
2768 3266 2937 3347 quod
2988 3272 3211 3329 octavo
3258 3267 3510 3341 Quodli-

2016 3364 2163 3427 beto
2212 3365 2555 3446 respondet
2610 3363 2921 3427 Heni-icus
2968 3364 3139 3446 quod
3188 3381 3336 3427 non.
3394 3364 3507 3428 Cui

2013 3462 2273 3526 obviare
2303 3462 2557 3525 videtur
2590 3463 2757 3544 quod
2793 3462 2981 3526 tertio
3009 3463 3087 3525 de
3117 3462 3345 3525 Anima
3374 3462 3511 3525 Ari-

2013 3561 2271 3624 stoteles
2304 3567 2707 3642 protestatur,
2722 3561 2893 3643 quod
2926 3559 3287 3624 intellectus
3317 3579 3508 3642 agens

2014 3678 2271 3741 semper
2302 3659 2623 3741 intelligit,
2656 3667 2718 3721 et
2750 3678 2874 3723 non
2916 3676 3089 3721 nunc
3128 3659 3389 3740 quidem
3418 3658 3509 3733 in,-

2013 3759 2265 3839 telligit,
2312 3776 2485 3820 nunc
2534 3776 2685 3821 vero
2728 3775 2876 3821 non.
2919 3756 3227 3831 Quocirca
3264 3757 3509 3839 exposi-

2013 3864 2181 3919 tores
2212 3856 2505 3919 catholici
2536 3863 2851 3928 asserunt,
2884 3856 3053 3937 quod
3084 3860 3395 3937 quantum
3440 3854 3505 3915 in

2015 3956 2155 4037 ipso
2184 3962 2301 4025 est,
2334 3972 2589 4036 semper
2627 3954 2942 4035 intelligit.
2978 3954 3303 4026 Praeterea,
3341 3952 3508 4015 actio

2013 4073 2138 4137 qua
2166 4073 2205 4116 a
2242 4053 2679 4135 phantasmate
2720 4051 3033 4115 abstrahit
3072 4051 3377 4133 speciem,
3410 4058 3507 4115 est

2011 4152 2179 4215 actio
2206 4150 2419 4213 vitalis
2459 4158 2523 4213 et
2562 4149 3011 4213 intellectualis
3045 4167 3059 4212 :
3093 4167 3244 4231 ergo
3281 4167 3507 4230 cogno-

399 4248 871 4335 appendicibus
900 4268 972 4313 ac
1011 4248 1484 4311 conditionibus
1523 4248 1664 4330 ejus
1703 4250 1900 4331 depu·
1929 4251 1980 4315 D
2010 4250 2134 4312 scit
2163 4248 2317 4332 quid
2348 4256 2504 4329 agat,
2539 4247 2885 4331 praesertim
2919 4267 3120 4329 quum
3148 4248 3339 4330 (teste
3366 4248 3506 4312 Phi-

402 4358 566 4413 ratas
613 4366 690 4411 ac
749 4346 1004 4421 liberaS,
1057 4365 1198 4428 quae
1253 4345 1384 4409 sint
1441 4346 1896 4409 universalium

402 4448 834 4531 quidditatum
867 4446 1396 4527 repraesentativae
1413 4462 1429 4523 ;
1447 4444 1668 4527 sicque
1687 4446 1902 4509 anima

401 4546 794 4611 intellectiva
843 4562 920 4607 ex
965 4543 1400 4625 speculatione
1441 4551 1634 4625 atque
1676 4544 1900 4607 notitia

400 4654 797 4708 causatorum
829 4650 892 4705 et
925 4641 1422 4724 particularium,
1458 4642 1900 4724 temporalium

398 4752 463 4807 et
501 4741 1014 4823 contingentium
1055 4759 1294 4815 rerum,
1337 4740 1415 4803 ad
1457 4740 1798 4823 primarum
1838 4748 1902 4803 et

401 4842 863 4906 universalium
895 4858 1255 4911 causarum,
1288 4839 1366 4903 ad
1397 4839 1900 4902 necessariorum

399 4951 462 5005 et
487 4939 964 5005 invariabilium
989 4937 1470 5020 divinorumque
1499 4938 1763 5013 entium,
1779 4938 1904 5001 imo

401 5050 466 5105 et
489 5041 568 5104 ad
599 5038 798 5122 primi
843 5035 1336 5120 superaltissimi
1375 5036 1664 5099 omnium
1703 5036 1903 5099 fonta-

400 5140 478 5203 lis
509 5137 816 5222 principii
846 5135 1238 5217 agnitionem
1267 5134 1576 5209 elevetur,
1609 5135 1906 5217 proficiat

401 5257 472 5302 ac
503 5238 846 5321 pertingat.
880 5235 1070 5297 Porro
1101 5233 1222 5296 ista
1249 5234 1346 5296 vis
1375 5234 1626 5308 animae,
1662 5233 1904 5297 intelle-

404 5344 540 5399 ctus
567 5354 769 5418 agens
797 5340 1082 5398 vocatur.
1097 5332 1304 5407 Quum
1335 5333 1508 5397 enim
1542 5332 1903 5397 intellectus

2014 4348 2307 4431 losopho)
2352 4348 2435 4410 sit
2482 4346 2771 4429 possibili
2822 4346 3150 4411 intellectu
3208 4356 3509 4431 praestan-

2010 4448 2157 4521 tior,
2208 4454 2272 4509 et
2328 4454 2469 4508 actu
2521 4466 2635 4509 ens
2680 4464 2755 4509 ac
2802 4453 3129 4529 separatus
3181 4464 3195 4507 z
3250 4454 3509 4529 propter

2013 4546 2183 4628 quod
2243 4545 2495 4607 videtur
2552 4564 2745 4627 super
2798 4564 2867 4607 se
2924 4546 3139 4627 ipsum
3196 4553 3260 4609 et
3314 4564 3510 4628 super

2011 4652 2226 4707 actum
2273 4642 2601 4725 proprium
2644 4644 2969 4707 reditivus.
3007 4644 3069 4708 Si
3114 4652 3329 4707 autem
3370 4644 3507 4727 ipse

2014 4742 2337 4823 intelligit,
2398 4759 2525 4803 non
2594 4742 2715 4803 erit
2783 4760 3042 4805 necesse
3108 4743 3505 4805 intellectum

2013 4839 2389 4924 possibilem
2422 4856 2676 4922 ponere.
2711 4840 3013 4913 Quocirca
3042 4841 3383 4903 dicendum
3418 4841 3507 4903 vi-

2013 4941 2219 5012 detur,
2253 4939 2422 5021 quod
2451 4938 2667 5001 anima
2698 4957 2810 5020 per
2836 4958 3095 5001 sensum
3127 4939 3507 5003 exteriorem

2013 5045 2078 5101 et
2122 5038 2515 5109 interiorem,
2550 5056 2666 5119 per
2710 5036 3224 5116 imaginationem
3274 5046 3337 5101 et
3374 5038 3507 5101 vim

2015 5136 2417 5218 cogitativam
2452 5134 2761 5216 gradatim
2790 5136 2868 5197 ad
2900 5154 3125 5217 puram
3166 5144 3229 5199 et
3266 5136 3511 5201 intelle-

2013 5234 2287 5298 ctualem
2323 5234 2739 5317 proficiscens
2770 5233 3083 5307 notitiam,
3116 5254 3233 5317 per
3268 5235 3513 5299 intelle-

2015 5340 2191 5397 ctum
2239 5340 2528 5415 agentem
2576 5340 2879 5414 tanquam
2922 5352 3037 5415 per
3074 5334 3291 5397 lumen
3330 5334 3513 5418 spiri-

3552 3284 3705 3335 quast.
3724 3283 3791 3325 ¹2.
