4300 6259
607 1560 681 1602 lib.
703 1558 753 1609 11,
772 1561 853 1602 art.

655 1637 669 1666 ι

883 465 1004 530 462

1481 486 1559 532 ΒΕ
1602 487 1828 534 Lunum
1869 486 2250 534 CHRISTIANAE
2291 486 2591 546 ‘nimau-2,
2637 489 2810 537 LIBER
2853 491 2916 536 11.
2949 509 3028 520 -·
3069 491 3209 538 Am.
3255 492 3402 538 Lxm

886 661 1025 718 ctus
1072 672 1333 738 prorsus
1377 659 1876 740 supergreditur,
1911 658 2053 721 ideo
2091 677 2218 721 non
2261 659 2386 721 nisi
2417 659 2469 721 A
2584 659 2923 724 Enimvero
2984 680 3061 724 ex
3110 661 3210 724 his
3257 663 3716 726 transeundum
3765 670 3859 726 est
3906 663 3976 727 ad

884 753 1104 817 divino
1147 756 1615 837 supernaturali
1646 775 1912 819 munere
1953 757 2389 820 communica-

883 858 989 913 tur
1018 852 1257 916 electis.
1278 855 1454 928 Quod
1483 862 1697 918 autem
1732 856 1817 918 ita
1847 855 2137 930 donatur,
2171 857 2387 938 gratiae

884 950 1267 1013 attribuitur.
1322 953 1648 1027 Praeterea,
1704 954 1765 1016 id
1816 955 1985 1035 quod
2036 963 2132 1017 est
2179 954 2388 1017 forma

885 1048 1143 1129 propria
1172 1057 1414 1113 naturai
1444 1050 1709 1125 altioriS,
1727 1051 1990 1114 alterius
2023 1051 2228 1114 forma
2257 1071 2384 1115 non

883 1145 1190 1221 efficitur,
1248 1147 1372 1210 nisi
1424 1148 1635 1230 ipsum
1686 1151 2030 1230 quamdam
2090 1168 2234 1212 cum
2285 1171 2386 1212 su-

885 1242 1119 1325 periori
1152 1254 1375 1307 natura
1402 1245 1927 1309 assimilationem
1970 1246 2378 1330 adipiscatur.

882 1343 1181 1425 Proprius
1225 1343 1399 1406 enim
1446 1352 1626 1406 actus
1676 1345 1741 1407 in
1793 1347 2051 1428 propria
2101 1347 2385 1428 potentia

888 1439 978 1502 fit.
1014 1441 1239 1504 Divina
1269 1451 1482 1506 autem
1524 1445 1801 1506 essentia
1831 1452 1927 1507 est
1960 1444 2216 1527 propria
2246 1464 2386 1527 spe-

884 1540 1015 1602 cies
1062 1540 1263 1603 divini
1313 1540 1698 1615 intellectuS,
1752 1544 2103 1605 secundum
2158 1561 2386 1625 praeos-

885 1647 1084 1713 tensa,
1127 1658 1328 1721 quum
1379 1640 1445 1702 in
1484 1641 1611 1703 Deo
1650 1641 2122 1704 omniformiter
2161 1643 2388 1704 identi-

884 1737 1165 1800 ficentur
1192 1738 1579 1819 intelligens,
1614 1739 2011 1802 intellectum
2044 1748 2107 1802 et
2136 1741 2384 1821 species

2499 755 2948 820 instantiarum
2993 758 3302 821 factarum
3347 759 3751 824 solutionem.

2580 852 2656 913 Et
2700 854 2777 916 ad
2826 855 3100 937 primam
3151 856 3414 938 quidem
3473 857 3816 920 dicendum
3871 866 3974 932 est,

2499 951 2668 1031 quod
2698 969 2825 1014 non
2858 954 2950 1015 sic
2970 953 3261 1015 divinum
3303 953 3708 1036 intelligibile
3747 957 3980 1018 excedit

2497 1054 2562 1109 et
2579 1049 2789 1110 evadit
2819 1051 3012 1113 creati
3047 1051 3408 1114 intellectus
3439 1051 3982 1136 facultatem,quo-

2499 1147 2686 1209 modo
2717 1166 2910 1211 sonus
2942 1157 3005 1211 et
3035 1150 3480 1213 immaterialia
3508 1151 3674 1213 visus
3708 1154 3982 1234 corporei

2496 1242 2630 1306 vim
2660 1245 2764 1307 vel
2792 1247 3116 1308 excellunt
3142 1247 3244 1309 vel
3275 1248 3572 1311 evadunt.
3606 1249 3765 1312 Nam
3797 1269 3981 1332 quum

2499 1341 2826 1422 objectum
2877 1345 3052 1406 visus
3099 1346 3183 1406 sit
3229 1344 3424 1419 color,
3475 1365 3552 1408 ea
3594 1346 3832 1428 quibus
3885 1347 3984 1409 ob-

2494 1441 2745 1521 jectalis
2785 1442 2944 1504 ratio
2981 1443 3158 1504 visus
3201 1460 3329 1505 non
3374 1445 3700 1526 competit,
3734 1446 3984 1510 omnino

2497 1559 2534 1601 a
2589 1539 2734 1601 visu
2791 1548 3092 1603 extranea
3139 1548 3307 1603 sunt.
3361 1541 3486 1604 Sed
3535 1543 3836 1625 quoniam
3885 1544 3984 1607 ob-

2493 1637 2736 1716 jectum
2787 1638 3150 1702 intellectus
3208 1647 3306 1702 est
3361 1659 3612 1715 verum,
3662 1660 3777 1704 seu
3825 1645 3987 1721 quod

2497 1738 2661 1814 quid
2689 1747 2805 1808 est,
2838 1738 3056 1800 divina
3094 1746 3309 1801 autem
3350 1739 3708 1802 substantia
3744 1746 3840 1803 est
3869 1741 3988 1822 pri-

886 1836 1303 1917 intelligendi.
1360 1837 1767 1919 Impossibile
1815 1847 1912 1900 est
1959 1856 2109 1919 ergo
2159 1846 2384 1902 creatae
2418 1836 2465 1899 B
2500 1853 2600 1896 ma
2649 1844 2713 1896 et
2759 1835 3018 1897 fontana
3063 1837 3320 1912 veritaS,
3372 1837 3582 1919 palam
3642 1839 3812 1919 quod
3866 1857 3982 1902 non

887 1935 1084 1996 menti
1132 1935 1413 1998 divinam
1464 1937 1809 1998 essentiam
1860 1945 2156 2018 tanquam
2205 1936 2386 1998 intel-

883 2033 1197 2114 ligibilem
1248 2034 1530 2115 speciem
1582 2035 1778 2108 uniri,
1826 2036 1879 2097 si
1928 2053 2055 2098 non
2099 2035 2385 2098 elevetur

882 2133 958 2193 ad
991 2131 1371 2194 deiformem
1414 2134 1759 2214 quamdam
1800 2134 2238 2196 exsistentiam
2271 2152 2385 2216 per

883 2229 1103 2292 lumen
1134 2230 1303 2311 quod
1336 2231 1419 2292 sit
1447 2231 1681 2295 divinae
1720 2241 1960 2296 naturae
2000 2231 2379 2306 similitud0‚

880 2329 1051 2411 quod
1084 2329 1190 2390 lux
1220 2329 1437 2410 gloriae
1469 2329 1853 2392 nominatur.

958 2428 1204 2502 Adhuc,
1246 2427 1452 2490 forma
1492 2434 1588 2490 est
1633 2429 2025 2510 principium
2069 2429 2380 2511 operatio-

880 2527 1001 2601 niS‚
1037 2533 1100 2588 et
1130 2527 1355 2589 modus
1387 2526 1613 2607 agendi
1656 2527 1958 2590 virtutem
1990 2527 2211 2590 formae
2243 2526 2380 2589 irni-

879 2633 1065 2687 tatur.
1099 2625 1235 2687 Non
1282 2642 1432 2706 ergo
1474 2633 1683 2706 potest
1728 2644 1921 2706 agens
1964 2626 2043 2688 ad
2086 2626 2378 2689 altiorem

878 2724 1313 2805 operationem
1358 2723 1611 2797 deduci,
1654 2723 1777 2786 nisi
1822 2723 2214 2787 confortetur
2256 2725 2382 2786 vir-

878 2830 981 2884 tus
1011 2823 1171 2902 ejus,
1208 2822 1532 2902 Contingit
1572 2831 1785 2884 autem
1827 2823 2261 2905 operationem
2294 2830 2381 2885 ta-

880 2919 1003 2983 lem
1047 2920 1338 2984 altiorem
1380 2921 1762 3002 quandoque
1802 2920 2091 2999 ejusdem
2138 2920 2375 3002 speciei

2497 1933 2753 2012 penitus
2803 1934 3197 1996 transcendit
3241 1935 3536 1998 ordinem
3581 1953 3808 1998 eorum
3851 1956 3983 2018 quae

2495 2031 2572 2092 ad
2619 2030 2980 2094 intellectus
3017 2033 3408 2112 agnitionem
3449 2034 3793 2116 pertinent.
3835 2035 3979 2108 Quo-

2495 2130 2684 2191 modo
2711 2136 2926 2192 autem
2958 2132 3242 2205 excedat,
3276 2132 3498 2214 patuit.
3531 2133 3689 2195 Nam
3719 2134 3804 2196 ob
3831 2133 3982 2196 hanc

2494 2226 2636 2307 ejus
2694 2226 3162 2305 excellentiam,
3215 2231 3701 2313 supernaturale
3763 2251 3982 2295 munus

2495 2326 2693 2388 menti
2739 2335 2962 2390 creatae
3006 2329 3439 2391 necessarium
3482 2337 3597 2392 est.
3641 2365 3722 2376 —
3764 2331 3856 2393 Ad
3895 2349 3982 2393 se-

2493 2426 2768 2487 cundam
2827 2426 3367 2506 respondendum,
3420 2429 3590 2509 quod
3652 2428 3762 2490 illa
3817 2429 3983 2490 suffi-

2493 2522 2737 2585 cienter
2760 2524 3035 2586 ostendit
3063 2524 3352 2587 divinum
3384 2525 3794 2606 intelligibile
3823 2529 3982 2591 omni

2492 2629 2716 2685 creatoe
2775 2623 2974 2685 menti
3024 2641 3280 2705 semper
3341 2624 3981 2708 incomprehensibile

2491 2721 2626 2784 fore
2651 2738 2668 2800 ;
2699 2721 2808 2784 sed
2838 2739 2954 2803 per
2985 2729 3270 2785 creatum
3304 2722 3546 2797 lumen,
3581 2733 3842 2806 propter
3871 2726 3980 2786 vir-

2490 2827 2692 2882 tutem
2723 2838 2916 2902 quam
2950 2820 3166 2882 lumen
3198 2821 3324 2883 tale
3354 2840 3391 2883 a
3413 2823 3542 2884 Deo
3571 2823 3980 2897 sortitur,dis—

2489 2919 2641 3000 poni
2689 2927 2896 3001 potest
2940 2937 3120 2982 mens
3158 2920 3238 2982 ad
3268 2920 3380 2982 Dei
3415 2921 3730 2984 visionem
3761 2941 3874 3004 per
3899 2940 3981 2984 es·

878 3027 941 3081 et
983 3019 1225 3082 ordinis
1272 3037 1648 3101 permanere
1692 3038 1837 3081 cum
1882 3019 2131 3082 actione
2181 3019 2376 3102 priori
2408 3017 2453 3083 C
2490 3019 2783 3092 sentiam,
2817 3037 2944 3082 non
2983 3019 3608 3102 comprehendendo,
3643 3022 3756 3084 sed
3791 3021 3975 3083 Deum

878 3125 942 3180 et
999 3117 1331 3181 decliviori
1386 3135 1398 3180 :
1450 3119 1989 3200 quemadmodum
2049 3117 2379 3182 calefactio

879 3218 1188 3280 intensior
1226 3225 1289 3280 et
1332 3217 1680 3291 remissior,
1716 3217 1906 3279 unius
1936 3218 2175 3300 speciei
2207 3227 2372 3281 sunt.

878 3315 956 3377 Et
983 3317 1058 3377 ad
1090 3316 1534 3396 hujuscemodi
1565 3316 1854 3378 altiorem
1887 3316 2203 3380 actionem
2234 3335 2379 3399 pro-

878 3415 1259 3488 ducendam,
1293 3413 1540 3476 sufficit
1570 3413 1903 3476 fortificari
1940 3415 2242 3478 virtutem
2281 3435 2378 3478 ac-

876 3514 1070 3575 tivam
1138 3530 1253 3595 per
1322 3512 1685 3594 simplicem
1752 3513 1851 3575 sui
1921 3513 2372 3590 intensionem,

874 3611 1119 3692 absque
1178 3611 1426 3674 scilicet
1484 3629 1663 3675 novae
1728 3611 1950 3675 formae
2016 3613 2245 3694 copula
2313 3620 2377 3675 et

877 3710 1276 3772 immissione
1325 3727 1338 3770 ε
1388 3718 1460 3772 ut
1504 3710 1659 3772 dum
1709 3709 1880 3772 calor
1928 3710 2237 3772 remissus
2288 3710 2378 3774 in-

873 3809 1174 3871 tenditur.
1229 3807 1468 3870 Rursus
1508 3809 1797 3870 vicissim
1847 3809 2180 3890 contingit,
2232 3828 2378 3891 ope-

874 3907 1187 3969 rationem
1252 3907 1428 3969 illam
1498 3907 1788 3969 altiorem
1848 3908 1924 3969 ad
1985 3908 2172 3987 cujus
2232 3926 2375 3990 pro·

874 4005 1243 4069 ductionem
1315 4005 1558 4087 aliquid
1630 4005 2042 4079 confortatur,
2112 4005 2374 4069 alterius

874 4105 1113 4186 speciei
1164 4112 1226 4166 et
1271 4105 1515 4167 ordinis
1568 4104 1710 4166 fieri
1762 4121 1775 4166 :
1829 4105 2372 4187 quemadmodum

2492 3119 2860 3181 immediate
2903 3118 3415 3201 contemplanda

2568 3217 2777 3278 Tertia
2815 3216 3094 3300 denique
3131 3217 3294 3279 ratio
3333 3217 3680 3292 convincit,
3715 3236 3840 3281 non
3883 3237 3978 3280 na—

2488 3314 2762 3378 turalem
2791 3333 2931 3377 esse
2970 3316 3450 3397 proportionem
3490 3315 3660 3378 inter
3697 3317 3974 3379 divinum

2490 3412 2896 3494 intelligibile
2937 3421 3002 3475 et
3045 3421 3320 3476 creatam
3367 3421 3652 3477 mentem
3675 3432 3694 3494 3
3727 3415 3834 3478 sed
3875 3433 3976 3496 per

2491 3511 2708 3573 lumen
2739 3511 2957 3592 gloriae
2987 3510 3371 3574 sublimatur
3401 3531 3586 3574 mens
3622 3513 3704 3575 ad
3734 3530 3978 3595 propor-

2488 3610 2729 3673 tionem
2789 3610 3130 3691 quamdam
3192 3610 3596 3685 imitativam,
3647 3629 3794 3693 quae
3839 3610 3976 3673 facit

2491 3717 2772 3772 mentem
2802 3708 2878 3770 ad
2903 3708 3012 3770 Dei
3045 3708 3548 3789 speculationem
3579 3709 3976 3772 idoneam.—

2485 3808 2698 3882 Porr0,
2744 3813 2842 3869 est
2885 3805 3215 3868 infinitum
3260 3806 3329 3867 in
3372 3807 3730 3889 quantitate
3773 3815 3837 3871 et
3877 3826 3972 3890 po-

2486 3905 2886 3978 tentialitate,
2899 3922 3014 3966 seu
3046 3902 3357 3986 privative
3387 3905 3634 3968 dictum
3660 3923 3676 3968 τ
3701 3906 3795 3968 sic
3814 3907 3972 3968 enim

2487 4004 2770 4087 potentia
2802 4003 3082 4066 materia)
3112 4002 3348 4065 dicitur
3377 4003 3656 4079 infinita,
3682 4005 3970 4087 quoniam

2485 4103 2662 4166 nulla
2701 4101 2906 4165 forma
2943 4102 3192 4183 adepta,
3226 4101 3543 4184 capacitas
3581 4105 3728 4184 eJus
3760 4111 3964 4166 cessat.

872 4203 1077 4265 virtus
1126 4203 1428 4284 diaphani
1475 4221 1589 4285 per
1637 4203 1855 4264 lumen
1915 4211 2244 4285 receptum
2295 4204 2374 4267 fit
2399 4203 2449 4266 D
2485 4202 2563 4264 Et
2602 4201 2930 4263 infinitum
2971 4198 3074 4260 his
3119 4201 3323 4262 modis
3362 4200 3633 4275 dictum,
3674 4209 3774 4263 est
3812 4201 3970 4282 igno·

874 4299 1137 4362 alterius
1181 4300 1629 4362 illuminativa.
1696 4301 1772 4363 Et
1828 4301 1981 4363 dum
2040 4302 2119 4363 ad
2180 4303 2370 4365 talem

873 4398 1308 4480 operationem
1341 4399 1544 4460 virtus
1575 4399 1784 4481 aliqua
1824 4399 2129 4474 elevatur,
2166 4402 2373 4483 requi-

871 4499 1035 4559 ritur
1085 4497 1357 4560 recentis
1415 4497 1750 4578 cujusdam
1811 4497 2030 4561 formae
2088 4500 2364 4581 adeptio,

868 4595 1044 4658 Visio
1084 4595 1361 4676 denique
1409 4615 1535 4678 qua
1572 4597 1825 4658 videtur
1865 4597 2028 4659 Deus
2070 4597 2370 4661 sublimis

867 4703 931 4757 et
963 4693 1336 4757 benedictus
1368 4695 1535 4757 sicut
1561 4701 1679 4768 est,
1696 4703 1793 4757 est
1820 4694 2081 4757 alterius
2114 4715 2368 4778 prorsus

865 4793 1099 4875 gradus
1138 4801 1202 4856 et
1233 4793 1494 4856 rationis
1524 4813 1561 4855 a
1590 4793 1863 4855 naturali
1902 4793 2171 4868 visione,
2206 4796 2372 4858 sicut

870 4909 947 4953 ex
992 4890 1293 4953 distantia
1332 4890 1731 4970 objectorum
1776 4897 1838 4952 et
1880 4890 2022 4952 aliis
2074 4891 2369 4972 plurimis

871 4989 1197 5052 elucescit.
1232 4988 1389 5069 Eget
1416 5007 1565 5069 ergo
1598 5008 1776 5051 mens
1816 4997 2025 5051 creata
2058 4990 2134 5053 ad
2173 4990 2368 5071 hujus

870 5087 1138 5150 visionis
1198 5088 1679 5169 perceptionem
1730 5105 1896 5150 novo
1940 5089 2216 5170 quodam
2278 5090 2370 5151 lu-

872 5186 1068 5261 mine,
1102 5203 1230 5268 quo
1260 5185 1566 5248 naturalis
1607 5186 2121 5250 intellectualitas
2159 5188 2368 5271 dispo-

871 5292 1060 5349 natur
1099 5303 1293 5367 super
1331 5304 1463 5349 suoe
1505 5285 1744 5367 speciei
1787 5285 1973 5349 vires,

2486 4309 2643 4375 tum,
2696 4300 2848 4383 quia
2895 4299 3159 4362 omnino
3208 4297 3662 4380 imperfectum
3713 4309 3778 4363 et
3824 4299 3971 4362 indi-

2483 4401 2788 4464 stinctum
2858 4406 2971 4460 est.
3035 4397 3154 4461 Sed
3223 4397 3460 4460 dicitur
3525 4399 3857 4462 infinitum
3911 4399 3968 4460 in

2484 4499 2898 4582 perfectione,
2933 4497 3104 4578 quod
3146 4495 3394 4558 scilicet
3434 4505 3532 4560 est
3567 4516 3771 4581 purus
3807 4505 3970 4560 actus

2485 4599 2549 4660 in
2591 4597 2768 4659 nullo
2818 4602 3134 4678 receptus.
3188 4595 3266 4657 Et
3305 4596 3472 4658 sicut
3520 4595 3642 4659 hoc
3687 4596 3971 4659 actualis-

2483 4698 2720 4759 simum
2789 4704 2905 4772 est,
2965 4695 3058 4758 sic
3119 4694 3810 4776 cognoscibilissimum
3863 4701 3966 4757 est.

2483 4795 2994 4877 Unumquodque
3042 4795 3280 4857 etenim
3341 4802 3602 4857 eatenus
3661 4794 3972 4877 cognosci-

2482 4895 2612 4957 bile
2670 4901 2788 4968 est,
2852 4901 3166 4975 quatenus
3224 4894 3302 4956 de
3360 4893 3605 4956 ratione
3661 4902 3846 4956 actus
3903 4911 3968 4954 ac

2483 4993 2875 5074 perfectione
2915 4991 3136 5055 formae
3174 4993 3533 5075 participat.
3568 4993 3726 5056 Nam
3759 4995 3860 5073 (ut
3889 4991 3970 5053 ait

2481 5090 2764 5171 Boetius)
2822 5091 3108 5165 materia,
3169 5099 3380 5153 motus
3437 5098 3502 5152 et
3557 5099 3839 5173 tempuS,
3895 5087 3966 5152 ob

2481 5189 2748 5252 nimiam
2809 5188 3316 5271 imperfectionis
3373 5209 3504 5252 suae
3561 5189 3970 5273 potentialita-

2479 5297 2632 5363 tem,
2684 5287 3088 5353 difficillimae
3135 5289 3375 5352 notitiae
3421 5295 3574 5351 sunt
3621 5305 3637 5350 ε
3679 5286 3970 5371 quemad·
