4300 6259
896 446 1017 512 434

1298 466 1378 515 DE
1419 465 1645 514 Lunum
1685 465 2066 514 CHRISTIANAE
2105 464 2409 523 THEORIAE,
2453 464 2628 513 LIBER
2669 466 2733 513 11.
2782 485 2859 497 -
2899 466 3039 513 Am.
3085 468 3322 525 XXXVII,
3363 468 3600 515 XXXVIII

895 634 1177 699 humana
1212 636 1291 700 ad
1328 655 1469 701 esse
1505 637 1715 701 Verbi.
1760 637 1882 701 Sed
1919 636 2131 700 anima
2169 644 2234 699 et
2261 654 2395 701 cor·
2425 634 2476 698 A
2508 635 2628 699 bus
2682 654 2696 699 ε
2749 638 2842 701 sic
2900 638 3075 702 enim
3134 638 3496 703 intellectus
3554 637 3984 721 praeexsistens

897 754 1019 816 pus
1088 736 1281 799 etiam
1348 738 1702 799 secundum
1770 744 2013 799 naturae
2084 736 2396 798 unitatem

896 833 1201 916 conjungi
1244 854 1505 899 necesse
1544 844 1662 910 est,
1695 842 1759 898 et
1796 854 1935 899 esse
1975 835 2133 897 illud
2173 842 2270 897 est
2312 835 2397 896 ita

894 930 1089 994 totius
1138 933 1475 1015 compositi
1530 933 1700 1015 quod
1757 952 1835 996 ex
1891 933 2107 995 anima
2157 940 2220 995 et
2267 948 2397 993 cor-

896 1047 1049 1111 pore
1091 1038 1358 1105 constat,
1393 1040 1464 1094 ut
1502 1032 1861 1113 perfectum
1902 1050 2043 1095 esse
2083 1049 2210 1094 non
2255 1047 2394 1113 pos-

893 1128 997 1205 sit,
1049 1130 1103 1192 si
1162 1148 1363 1192 unum
1424 1130 1945 1212 componentium
2002 1136 2385 1210 segregetur.

891 1227 1022 1289 Hoc
1064 1235 1279 1291 autem
1329 1228 1550 1291 divino
1606 1247 1746 1291 esse
1793 1227 1983 1291 Verbi
2042 1245 2171 1290 non
2219 1245 2389 1290 com-

892 1326 1089 1409 petit3
1120 1334 1216 1389 est
1257 1335 1471 1389 tamen
1504 1326 1595 1389 sic
1639 1327 1854 1402 totiuS,
1889 1327 2058 1408 quod
2104 1326 2169 1388 in
2198 1325 2390 1388 Verbi

888 1432 954 1488 et
982 1424 1277 1489 humanae
1306 1431 1547 1488 naturai
1578 1424 1814 1488 unione
1845 1423 2236 1498 subsistit,et
2265 1443 2391 1486 una

888 1540 1159 1605 persona
1216 1523 1301 1585 sit
1356 1524 1423 1586 in
1482 1523 1602 1585 hac
1650 1531 2023 1585 naturarum
2082 1524 2318 1585 unione
2371 1540 2384 1584 :

886 1620 971 1684 oh
1020 1620 1207 1702 cujus
1266 1621 1579 1684 unitatem
1638 1628 1703 1683 et
1760 1620 1965 1704 ipsius
2022 1639 2162 1683 esse
2221 1638 2390 1683 com-

886 1718 1412 1792 municationem,
1444 1736 1518 1781 ea
1548 1737 1689 1800 quae
1720 1718 2000 1782 hominis
2031 1725 2202 1791 sunt,
2236 1719 2382 1793 Deo,

2504 738 2841 820 conceptui
2872 737 3154 801 hominis
3185 739 3474 801 uniretur
3503 738 3582 801 de
3612 754 3800 807 novo,
3823 745 3890 799 ut
3914 756 3986 801 ex

2503 843 2774 917 utroque
2805 834 2991 899 fieret
3022 854 3293 918 persona
3321 857 3470 911 una,
3489 836 3657 899 sicut
3683 836 3764 899 de
3792 834 3985 898 Verbo

2500 942 2564 996 et
2610 942 2835 997 natura
2878 934 3159 997 hominis
3207 936 3274 998 in
3318 935 3566 999 Christo
3612 935 3745 1015 jam
3789 935 3986 1017 expla-

2500 1040 2721 1095 natum
2753 1040 2870 1095 est.
2897 1033 3140 1097 —Haec
3179 1042 3394 1096 autem
3435 1051 3577 1115 quae
3612 1033 3746 1113 jam
3784 1032 3986 1095 habita

2499 1137 2668 1204 sunt,
2699 1131 2906 1193 adhuc
2935 1130 3189 1213 plenius
3221 1130 3548 1215 patebunt.
3571 1131 3754 1195 Nunc
3783 1138 3984 1193 autem

2499 1227 2564 1289 in
2609 1236 2856 1291 tantum
2899 1228 3144 1293 dictum
3187 1231 3289 1292 sit.

2799 1428 3290 1494 ARTICULUS
3335 1430 3684 1493 XXXVII.

2576 1552 2671 1609 De
2718 1569 2945 1609 errore
2985 1552 3269 1613 Photim'
3307 1560 3366 1611 et
3413 1552 3695 1613 sabellii
3737 1553 3913 1611 circa

2976 1641 3523 1700 incarnationem.

886 1824 949 1879 et
987 1835 1129 1898 quae
1160 1816 1269 1879 Dei
1311 1823 1483 1890 sunt,
1516 1816 1761 1879 homini
1794 1816 2105 1879 veraciter
2136 1817 2382 1899 possint
2420 1820 2465 1883 B
2635 1816 2915 1879 UDIENS
2961 1816 3202 1898 quippe
3251 1816 3476 1881 infelix
3533 1818 3696 1881 illud
3753 1818 3986 1883 haereti-

884 1914 1167 1977 attribui.
1230 1914 1647 1997 Comparatur
1714 1915 1978 1997 insuper
2033 1916 2248 1977 anima
2305 1916 2381 1978 ad

884 2030 1140 2096 corpuS,
1201 2021 1265 2075 et
1320 2014 1485 2076 sicut
1544 2014 1621 2075 ad
1682 2013 2037 2087 materiam,
2099 2022 2163 2076 et
2217 2015 2385 2077 sicut

883 2112 959 2173 ad
1002 2111 1520 2174 instrumentum.
1556 2112 1716 2173 Unio
1758 2119 1971 2174 autem
2015 2120 2256 2175 naturae
2293 2112 2385 2174 di-

882 2210 1048 2272 vinae
1078 2209 1154 2272 ad
1196 2210 1560 2283 humanam,
1592 2228 1719 2273 non
1752 2218 1849 2273 est
1886 2211 1951 2273 in
1991 2218 2238 2285 natura,
2273 2212 2382 2274 sed

883 2324 1203 2390 persona:
1247 2308 1389 2371 ideo
1439 2326 1563 2370 nou
1615 2307 1836 2370 unitur
1873 2308 2153 2372 Verbum
2205 2310 2380 2371 carni

881 2407 1051 2469 sicut
1094 2407 1396 2481 materiae,
1430 2408 1539 2470 sed
1585 2407 1753 2470 sicut
1800 2408 2244 2471 instrumento.
2287 2409 2383 2471 In—

880 2513 1309 2569 strumentum
1358 2512 1569 2568 autem
1621 2506 1941 2587 quoddam
1994 2514 2090 2569 est
2132 2506 2380 2589 propri-

880 2624 991 2667 um
1039 2612 1104 2666 et
1150 2603 1592 2685 conjunctum,
1634 2604 1802 2666 sicut
1848 2622 2081 2687 corpus
2127 2613 2192 2668 et
2239 2605 2380 2687 ejus

880 2703 1169 2766 membra
1217 2702 1426 2785 quoad
1472 2702 1795 2782 animam3
1842 2702 2220 2766 terebellum
2271 2723 2379 2767 au-

874 2809 1007 2864 tem
1037 2808 1101 2864 et
1130 2801 1373 2865 securis
1412 2807 1564 2862 sunt
1600 2801 1958 2863 extrinseca
1996 2809 2059 2864 et
2097 2820 2382 2865 commu-

876 2900 982 2961 nia
1010 2901 1239 2962 animae
1269 2900 1709 2961 instrumenta.
1736 2899 1852 2961 Per
1881 2900 2378 2964 instrumentum

2663 1931 2884 1977 corum
2953 1913 3294 1996 collegium
3354 1915 3545 1979 Verbi
3613 1918 3984 1982 incarnatio-

2493 2029 2664 2086 nem,
2711 2012 3138 2096 multiplicem
3193 2013 3546 2078 introduxit
3585 2017 3984 2099 propriarum

2492 2109 3018 2173 adinventionum
3079 2112 3455 2186 maneriem‚
3515 2114 3594 2177 ad
3650 2114 3985 2198 explanan-

2491 2208 2645 2270 dum
2677 2208 2912 2271 divinae
2941 2210 3399 2273 lncarnationis
3431 2213 3985 2295 mysterium.Pho-

2490 2305 2664 2368 tinus
2711 2305 2904 2387 igitur
2934 2305 3244 2370 Ebionem
3287 2316 3351 2371 et
3395 2309 3774 2375 Corinthum
3817 2332 3983 2376 secu·

2490 2410 2614 2478 ωε,
2647 2404 2808 2467 dixit
2836 2404 3158 2468 Christum
3191 2425 3424 2489 purum
3455 2426 3596 2471 esse
3633 2409 3980 2487 hominem,

2489 2502 2690 2564 Deum
2722 2521 2960 2584 negans
2991 2504 3410 2567 incarnatum.
3432 2506 3608 2569 Unde
3637 2510 3982 2573 secundum

2490 2600 2666 2674 istos,
2727 2600 2918 2664 homo
2977 2602 3189 2684 potius
3248 2602 3584 2668 deificatus
3641 2615 3746 2669 est
3801 2626 3982 2689 quam

2489 2699 2651 2761 Deus
2707 2700 3094 2762 incarnatus.
3148 2700 3384 2764 Dicunt
3441 2704 3616 2766 enim
3663 2704 3982 2769 Christum

2490 2816 2618 2879 prae
2673 2798 2902 2861 ceteris
2959 2798 3326 2863 Divinitatis
3375 2817 3612 2865 nomen
3663 2805 3978 2881 sortitum,

2489 2913 2615 2958 non
2663 2895 2746 2959 oh
2794 2903 3036 2959 naturae
3085 2898 3632 2976 communionem,
3684 2904 3800 2965 sed
3849 2923 3979 2966 san·

874 3005 1090 3060 autem
1148 2998 1567 3079 conjunctum
1615 3018 1783 3061 unus
1843 2998 2173 3061 dumtaxat
2229 3017 2378 3082 ope-
2412 2994 2454 3058 C
2488 3001 2604 3056 ctae
2651 2994 2798 3057 vitae
2846 2992 3232 3075 profectum,
3283 3004 3349 3058 et
3390 2997 3612 3078 gratiae
3669 3001 3979 3064 excellen-

876 3103 1092 3175 ratur;
1124 3114 1241 3178 per
1272 3096 1441 3159 idem
1480 3105 1695 3159 autem
1733 3096 2114 3159 terebellum
2158 3098 2376 3180 plures

875 3195 1123 3276 operari
1158 3203 1447 3277 possunt,
1473 3215 1673 3278 quum
1704 3194 1788 3257 sit
1817 3194 2250 3259 extrinsecum
2281 3197 2375 3259 in-

876 3300 1325 3356 strumentum.
1409 3293 1641 3356 Omnes
1722 3294 2000 3376 denique
2081 3295 2376 3358 homines

876 3399 1327 3475 comparantur
1368 3392 1446 3454 ad
1491 3393 1691 3454 Deum
1738 3393 1905 3455 sicut
1951 3393 2378 3457 instrumenta

875 3491 1190 3574 quaedam,
1220 3489 1330 3552 sed
1362 3490 1529 3552 sicut
1558 3490 1981 3553 instrumenta
2010 3493 2378 3555 communia

876 3598 939 3653 et
985 3596 1293 3672 separata.
1356 3588 1510 3651 Nam
1563 3607 1678 3670 per
1726 3608 1799 3651 ea
1858 3590 2023 3652 Deus
2076 3598 2378 3673 operatur

875 3706 1002 3752 non
1039 3707 1114 3751 ea
1154 3694 1404 3749 tantum
1445 3706 1587 3770 quae
1625 3686 1748 3749 sibi
1795 3688 1913 3750 soli
1958 3690 2372 3765 conveniunt,

874 3788 984 3850 sed
1030 3804 1171 3868 quae
1216 3785 1390 3848 omni
1437 3784 1728 3847 rationali
1774 3794 2076 3849 creaturae
2120 3806 2374 3870 compe-

874 3892 1065 3947 tunt:
1101 3891 1174 3946 ut
1218 3891 1389 3958 sunt,
1440 3882 1612 3963 juste
1660 3902 1867 3965 agere,
1916 3884 2079 3947 bene
2125 3905 2372 3969 sapere,

874 3991 938 4045 et
996 3982 1328 4045 veritatem
1386 3982 1675 4062 diligere.
1730 3982 1851 4044 Sed
1909 3990 2204 4046 naturam
2263 3985 2376 4048 hu-

876 4100 1125 4145 manam
1171 4080 1400 4144 Christi
1432 4079 1712 4142 Verbum
1747 4082 2116 4163 assumpsit,
2153 4089 2223 4145 ut
2262 4102 2376 4165 per

873 4199 1014 4243 eam
1075 4178 1322 4241 efficiat
1378 4178 1780 4260 operationes
1830 4179 1953 4241 sihi
2010 4182 2302 4263 proprias
2355 4181 2454 4244 :D
2484 4177 2656 4239 niam
2702 4178 2968 4240 istorum
3018 4178 3370 4260 positiones
3411 4188 3479 4243 et
3519 4182 3800 4247 rationes
3837 4192 3976 4247 ante
4031 4216 4192 4255 ..r-ns..

2485 4274 2704 4356 positae
2753 4282 2923 4349 sunt,
2967 4274 3192 4339 solutae
3239 4293 3313 4338 ac
3363 4279 3744 4361 reprobatae,
3780 4282 3844 4345 in
3883 4282 3976 4345 his
3997 4290 4092 4320 ¹¹¹*-

873 4277 1414 4360 quemadmodum
1496 4277 1710 4339 anima
1780 4284 1887 4339 tua
1959 4297 2073 4360 per
2141 4296 2373 4361 corpus

872 4384 1057 4438 tuum
1087 4374 1212 4437 sibi
1252 4373 1692 4456 appropriatas
1735 4375 2029 4456 producit
2064 4377 2368 4440 actiones,

873 4474 988 4536 Per
1027 4480 1321 4535 naturam
1362 4472 1662 4554 equidem
1716 4472 2065 4536 humanam
2113 4474 2370 4549 Christi,

874 4570 1445 4635 instrumentaliter
1511 4569 1641 4650 agit
1699 4570 1863 4633 Deus
1932 4569 2057 4632 sibi
2124 4580 2371 4636 tantum

872 4668 1301 4752 competentia
1343 4685 1536 4749 opera
1579 4682 1592 4729 t
1637 4676 1705 4729 ut
1745 4675 1915 4741 sunt,
1963 4671 2271 4733 mundare
2311 4679 2374 4734 et

870 4767 1093 4830 tollere
1152 4774 1413 4849 peccata
1473 4765 1718 4839 mundi,
1770 4765 1978 4829 facere
2036 4766 2208 4831 filios
2259 4770 2372 4832 Dei

867 4864 1223 4947 adoptivos,
1248 4870 1311 4925 et
1340 4860 1714 4926 conformia.
1740 4862 2193 4926 Verumtamen
2221 4867 2372 4947 (sic-

870 4969 941 5025 ut
978 4962 1371 5044 Augustinus
1412 4960 1501 5023 ait
1545 4967 1765 5022 contra
1807 4960 2228 5045 Felicianum)
2254 4964 2372 5026 hu-

2486 3092 2660 3154 tiam.
2693 3092 3008 3155 Sabellius
3039 3112 3191 3157 vero
3217 3094 3540 3159 Christum
3569 3098 3738 3161 dixit
3765 3119 3977 3164 verum

2487 3192 2686 3254 Deum
2713 3209 2728 3271 ;
2761 3191 2872 3254 sed
2901 3192 3151 3256 Patrem
3192 3193 3355 3256 dixit
3384 3194 3822 3273 incarnatum,
3853 3220 3982 3283 pas-

2486 3309 2628 3351 sum
2672 3298 2736 3351 et
2777 3290 3188 3365 crucifixum,
3232 3298 3298 3354 et
3337 3311 3415 3355 ex
3459 3301 3615 3358 tunc
3654 3295 3983 3362 filiationis

2486 3406 2720 3451 nomen
2763 3389 3145 3472 suscepisse,
3177 3410 3256 3453 ex
3300 3409 3429 3473 quo
3464 3393 3544 3455 de
3583 3394 3846 3477 Virgine
3887 3418 3984 3461 na·

2486 3495 2589 3550 tus
2619 3495 2804 3550 esset.
2839 3488 3066 3551 Veram
3097 3507 3332 3571 nempe
3371 3490 3728 3556 trinitatem
3769 3496 3836 3558 in
3867 3498 3986 3560 Deo

2486 3604 2614 3650 non
2661 3586 2948 3649 credidit.
3004 3586 3134 3649 Hoc
3187 3588 3399 3669 itaque
3449 3590 3589 3653 istis
3647 3610 3983 3658 commune

2485 3691 2603 3759 est,
2656 3685 2824 3766 quod
2873 3684 3096 3747 dicunt
3142 3686 3375 3748 Filium
3423 3688 3536 3750 Dei
3592 3708 3672 3753 ex
3733 3692 3982 3775 Virgine

2486 3784 2742 3846 initium
2789 3783 3142 3867 sumpsisse
3192 3783 3416 3848 filialis
3463 3788 3872 3855 exsistentiae.
3917 3792 3978 3854 In

2483 3881 2604 3944 hoc
2633 3890 2847 3944 autem
2886 3882 3273 3965 discrepant,
3307 3885 3476 3965 quod
3507 3886 3818 3951 Photinus
3861 3907 3978 3952 non

2483 3980 2756 4043 asseruit
2812 3981 3136 4044 Christum
3196 3982 3400 4045 Deum
3457 4003 3682 4048 verum
3741 4005 3758 4049 :
3817 3988 3976 4070 quod

2481 4086 2694 4141 tamen
2745 4079 3220 4142 contestabatur
3269 4080 3609 4145 Sabellius.
3655 4084 3785 4148 Sed
3833 4104 3976 4168 quo·

2481 4372 2782 4435 videlicet
2828 4392 2970 4454 quae
3018 4373 3188 4436 circa
3235 4374 3638 4440 divinitatem
3681 4380 3830 4443 Filii
3873 4380 3976 4443 Dei

2482 4472 3032 4554 praedeterminata
3075 4481 3245 4549 sunt,
3279 4475 3682 4557 superfluum
3733 4479 3980 4541 videtur

2481 4569 2674 4632 etiam
2719 4589 2890 4633 nunc
2937 4569 3076 4633 illas
3121 4571 3440 4637 reiterare.

2766 4780 3258 4846 ARTICULUS
3305 4782 3692 4850 XXXVIII.

2549 4916 2643 4973 De
2687 4914 2984 4989 falsitate
3027 4914 3308 4975 Arianoe
3345 4918 3700 4991 positionis
3746 4922 3921 4981 circa

2843 5002 3033 5063 Verbi
3079 5004 3627 5067 incarnacionem.

2483 5149 2742 5353 QUAE
2774 5153 3050 5235 denique
3085 5152 3216 5235 J‘am
3259 5156 3608 5237 praehahita
3645 5168 3822 5235 sunt,
3853 5178 3970 5225 non

2649 5252 2944 5333 congruit
2985 5270 3206 5315 rursus
3249 5270 3593 5319 resumere.
3625 5258 3820 5323 Arius
3863 5260 3968 5343 igi-

864 5062 973 5143 jus
1024 5059 1279 5123 unionis
1333 5058 1539 5139 maj0r
1584 5058 1841 5120 daretur
1890 5059 2267 5135 similitudo,
2315 5063 2368 5125 si

864 5161 1047 5243 juxta
1094 5158 1517 5242 quorumdam
1564 5156 2050 5221 aestimationem
2102 5178 2371 5242 ponere-

868 5265 974 5320 tur
1031 5276 1198 5320 nnus
1257 5254 1619 5317 intellectus
1672 5254 1735 5317 in
1796 5256 2045 5319 cunctis
2096 5257 2370 5321 homini—
