4300 6259
1076 481 1499 530 numano
1536 479 1937 528 maome-tm.
1983 499 2063 510 —
2104 481 2186 528 nn·
2227 481 2346 529 nno
2387 481 2508 529 uno
2550 481 2624 526 m·
2665 481 2848 528 ramo
3395 460 3508 526 151

408 649 891 734 corruptissimi
908 673 985 718 ac
1004 654 1293 738 pessimi,
1318 653 1713 737 integerrimi
1735 653 1907 716 fiunt
1932 652 1985 717 A
2020 653 2376 728 consulere,
2418 673 2536 718 nec
2593 661 2911 718 tormenta
2952 649 3352 735 pravissimis
3397 669 3516 716 nec

405 755 477 812 et
514 750 765 832 optimi.
2018 753 2277 836 praemia
2305 753 2691 818 deberentur
2719 751 3022 816 virtuosis
3051 749 3442 815 hominibus.

490 847 619 911 Nec
656 848 869 913 obstat
909 851 1079 933 quod
1110 853 1277 914 Deus
1318 850 1725 933 omnipotens
1755 869 1909 912 cun·
2098 852 2188 914 De
2235 852 2336 914 his
2385 871 2592 934 nuper
2638 870 2834 933 super
2878 850 3169 914 Boetium
3219 850 3298 912 de
3357 847 3514 912 Con-

407 953 515 1008 cta
558 946 641 1009 ab
687 955 926 1013 aeterno
966 949 1324 1013 certissime
1368 967 1441 1013 ac
1485 948 1912 1012 infallibiliter
2018 950 2326 1014 solatione
2385 950 2640 1032 plenius
2698 947 2950 1032 scripsi,
3000 949 3300 1012 eumdem
3349 945 3514 1009 litte·
3545 957 3821 1016 cmxxvi.

408 1045 863 1125 praecognovit,
895 1045 1029 1109 imo
1072 1045 1138 1109 in
1184 1047 1325 1129 ipso
1367 1046 1737 1110 aeternitatis
1780 1063 1912 1110 mo·
2019 1051 2238 1114 raliter
2281 1069 2356 1113 ac
2399 1048 2819 1133 spiritualiter
2859 1066 2974 1111 seu
3017 1045 3284 1132 mystice
3323 1061 3516 1128 expo-
3541 1022 3748 1080 *⁶²³²

409 1148 633 1204 mento
666 1143 853 1224 quasi
888 1143 1377 1226 praesentialiter
1419 1143 1721 1207 intuetur.
1756 1143 1911 1225 Ejus

408 1258 691 1322 namque
734 1242 1015 1323 cognitio
1055 1260 1183 1306 non
1224 1243 1395 1306 tollit
1434 1260 1471 1305 a
1512 1241 1703 1306 rebus
1739 1243 1912 1325 quod

410 1337 703 1402 naturale
758 1346 857 1404 est
908 1339 1091 1423 ipsis,
1145 1340 1467 1424 praecipue
1523 1360 1725 1424 quum
1773 1360 1915 1424 pra·-

411 1436 577 1500 ctica
632 1436 773 1517 ejus
820 1436 1089 1502 scientia
1136 1457 1327 1503 causa
1372 1439 1455 1502 sit
1512 1457 1747 1502 rerum.
1801 1440 1915 1503 De·

412 1534 615 1616 nique
642 1535 943 1616 cognitio,
975 1555 1175 1618 quum
1207 1537 1291 1599 sit
1328 1539 1496 1600 actio
1534 1555 1915 1619 cognoscen-

412 1633 523 1706 tis,
560 1648 691 1696 non
732 1634 993 1715 cogniti,
1035 1635 1160 1698 nisi
1202 1636 1357 1697 dum
1403 1636 1549 1717 quis
1591 1635 1917 1716 cognoscit

412 1750 485 1795 se
536 1731 773 1814 ipsum,
825 1741 923 1795 est
970 1734 1325 1796 secundum
1386 1735 1649 1797 modum
1696 1741 1760 1796 et
1808 1753 1915 1795 na-

2021 1149 2250 1213 nendo.

2431 1355 2953 1422 PROPOSITIO
2997 1355 3110 1418 LI.

2103 1543 2318 1608 Dens
2357 1539 3232 1622 incircumscriptibilis
3265 1541 3349 1606 et
3386 1540 3528 1606 im·

2024 1653 2368 1721 mensae,
2401 1639 2657 1705 variis
2697 1637 2959 1706 modis
2987 1639 3224 1706 estin
3265 1636 3527 1704 rebus

2105 1736 2283 1811 Quod
2324 1743 2440 1810 est,
2475 1735 2776 1818 quoniam
2819 1737 2987 1799 Deus
3033 1732 3429 1798 invariabilis
3467 1742 3531 1796 et

410 1836 625 1892 turam
670 1831 1133 1911 cognoscentis,
1166 1849 1295 1893 non
1340 1833 1607 1912 cognitas
1651 1831 1761 1894 rei.
1798 1831 1915 1894 Un-
1948 1833 1995 1896 B
2026 1843 2324 1910 aeternuS,
2374 1833 2756 1898 aeternaliter
2803 1841 2867 1896 et
2916 1831 3531 1896 incommutabiliter

411 1927 497 1990 de
544 1928 837 1991 eamdem
886 1947 1023 1992 rem
1070 1929 1255 1992 aliter
1298 1930 1505 1994 noscit
1546 1948 1771 1992 sensus
1814 1948 1917 1992 ex·

410 2025 633 2098 terior,
680 2025 867 2090 aliter
914 2045 1141 2090 sensus
1198 2029 1559 2091 communis
1611 2027 1913 2105 interior3

408 2122 601 2186 aliter
642 2123 1073 2205 imaginativa‚
1104 2125 1291 2188 aliter
1328 2126 1701 2206 cogitativa3
1732 2125 1919 2188 aliter

410 2220 577 2283 ratio
632 2222 933 2303 practica,
981 2223 1169 2285 aliter
1225 2222 1587 2286 intellectus
1634 2223 1918 2306 specula-

410 2319 605 2382 tivus.
652 2319 781 2383 Nec
822 2339 903 2383 ex
945 2321 1067 2384 hoc
1111 2341 1213 2384 res
1260 2321 1399 2402 ipsa
1448 2329 1751 2394 mutatur,
1797 2339 1915 2384 nec

412 2418 587 2500 quod
630 2437 765 2482 suae
806 2426 1047 2483 naturai
1092 2427 1209 2492 cst,
1244 2420 1305 2482 ei
1348 2418 1653 2482 aufertur.
1688 2421 1917 2494 Quam-

412 2515 517 2577 vis
556 2533 709 2597 ergo
751 2517 1525 2600 supet-excellentissimus
1571 2518 1739 2580 Deus
1782 2519 1919 2580 uni-

411 2631 599 2677 versa
652 2623 719 2678 ct
774 2615 1049 2698 singula,
1104 2616 1288 2696 juxta
1348 2616 1916 2699 incomparabilem

410 2712 783 2776 eminentiae
817 2731 949 2776 suae
992 2713 1477 2795 perfectionem,
1508 2715 1809 2777 distincte
1838 2733 1911 2777 ac

414 2811 627 2892 plene,
678 2810 1104 2874 infallibiliter
1159 2819 1353 2894 atque
1412 2813 1770 2875 certissime
1822 2813 1915 2874 in·

410 2914 687 2982 tueatur,
738 2917 1113 2991 praenoscat,
1164 2909 1500 2992 disponat3
1550 2909 1753 2973 nihilo
1802 2910 1916 2972 mi·

2026 1942 2123 1996 est
2154 1935 2217 1996 in
2248 1953 2316 1996 se
2348 1934 2829 2015 ipso:quoniam
2857 1932 2918 1994 in
2950 1951 3017 1995 se
3047 1933 3186 2014 ipso
3208 1930 3530 2014 sempiter-

2028 2051 2106 2095 ne
2138 2032 2433 2115 quiescit,
2467 2049 2586 2092 nec
2625 2031 2830 2093 tendit
2870 2031 2933 2092 in
2965 2029 3162 2104 aliud,
3195 2047 3314 2092 nec
3341 2028 3530 2092 alteri

2025 2131 2117 2192 rei
2153 2129 2470 2202 innititur,
2503 2147 2622 2190 nec
2663 2129 2906 2209 indiget
2935 2127 3173 2209 aliquo,
3205 2145 3324 2189 nec
3353 2126 3528 2190 aliud

2025 2227 2269 2310 aliquid
2310 2227 2432 2290 sibi
2472 2226 2717 2308 aequale
2755 2232 2870 2288 est.
2907 2225 3016 2288 Est
3053 2242 3310 2307 quoque
3352 2225 3420 2287 in
3461 2243 3530 2288 se

2025 2334 2328 2407 tanquam
2362 2325 2425 2386 in
2461 2324 2688 2387 ultimo
2721 2323 2875 2396 fine,
2909 2341 2985 2385 eo
3018 2323 3206 2386 modo
3237 2340 3364 2406 quo
3394 2322 3531 2405 ipse

2026 2425 2150 2487 sibi
2184 2425 2306 2506 ipsi
2347 2443 2486 2486 esse
2526 2423 2678 2484 finis
2716 2423 2913 2485 asseri
2955 2429 3184 2505 potest,
3218 2420 3370 2503 quia
3404 2437 3533 2483 non

2027 2523 2358 2586 ordinatur
2403 2522 2482 2584 ad
2530 2520 2724 2583 aliud.
2773 2521 3082 2602 Denique,
3134 2538 3336 2602 quum
3385 2535 3532 2582 con-

2026 2621 2190 2684 didit
2225 2619 2561 2693 mundum,
2602 2636 2730 2681 non
2773 2619 2969 2700 coepit
3005 2635 3146 2680 esse
3185 2616 3252 2680 in
3291 2616 3534 2680 mundo

2028 2739 2143 2802 per
2198 2718 2482 2800 aliquam
2539 2717 2636 2780 sui
2690 2717 3131 2789 mutationem,
3180 2733 3300 2778 nec
3347 2713 3532 2798 quasi

2028 2818 2095 2880 in
2144 2817 2284 2880 loco
2341 2823 2450 2877 aut
2495 2814 2712 2896 aliquo
2769 2814 2893 2876 sibi
2953 2819 3466 2878 commensurato
3511 2827 3526 2874 ε

2027 2915 2194 2978 sicut
2239 2932 2359 2976 nec
2404 2920 2778 2986 mutaretur,
2823 2912 2878 2975 si
2925 2912 3202 2974 mundus
3241 2928 3381 2974 esse
3422 2908 3530 2973 de-

410 3025 535 3068 nus
594 3006 796 3069 multa
862 3008 1305 3089 contingenter
1368 3027 1443 3070 ac
1514 3007 1713 3070 libere
1777 3027 1915 3091 per·
1944 3013 1987 3078 C
2028 3013 2284 3074 sineret.
2333 3011 2600 3091 Insuper
2647 3008 3212 3090 superbeatissima
3257 3006 3532 3070 Trinitas

406 3113 711 3186 aguntur,
762 3123 881 3168 nec
938 3106 1095 3170 ordo
1154 3125 1368 3168 rerum
1427 3106 1717 3169 aufertur
1778 3125 1791 3170 :
1852 3115 1915 3170 et

408 3203 707 3284 quamvis
736 3221 851 3285 per
880 3203 1420 3286 comparationem
1460 3205 1539 3267 ad
1582 3205 1917 3287 providen-

407 3302 565 3364 tiam
625 3302 736 3364 Dei
796 3309 1007 3364 certus
1066 3303 1149 3364 sit
1204 3302 1361 3366 ordo
1416 3321 1775 3377 causarum,
1830 3312 1917 3366 at-

408 3407 625 3461 tamen
664 3399 981 3463 connexio
1020 3399 1130 3463 illa
1167 3400 1519 3481 agentium,
1563 3401 1629 3463 in
1670 3420 1739 3463 se
1778 3401 1916 3483 ipsa

408 3507 475 3560 et
514 3516 629 3580 per
666 3505 1033 3580 respectum
1073 3499 1150 3561 ad
1186 3497 1509 3573 inferiora,
1542 3507 1755 3562 manet
1785 3519 1915 3562 suae

409 3603 677 3669 naturae,
713 3603 869 3679 puta
906 3596 1255 3670 mutabiliS,
1290 3599 1354 3658 in
1394 3597 1915 3678 contingentibus

411 3702 477 3758 et
522 3694 941 3758 rationalibus
985 3693 1311 3758 creaturis.
1346 3695 1579 3776 Sicque
1623 3695 1913 3776 praevisa,

412 3793 861 3876 praeordinata,
913 3793 1378 3876 praedestinata,
1430 3793 1617 3856 aliter
1671 3801 1917 3876 queunt

410 3892 727 3965 accidere,
758 3899 824 3954 et
854 3891 1337 3974 praedcstinatus
1367 3899 1575 3973 potest
1603 3892 1914 3966 damnari,

414 3990 753 4074 praescitus
780 4007 1037 4072 quoque
1067 3990 1339 4052 salvari:
1366 3990 1685 4073 loquendo
1714 3991 1793 4053 de
1824 3991 1917 4053 eis

414 4088 837 4151 materialiter
864 4094 929 4151 et
956 4089 1023 4150 in
1056 4107 1249 4152 sensu
1280 4089 1509 4162 diviso,
1545 4106 1670 4151 non
1703 4096 1917 4151 autem

2028 3116 2123 3172 est
2154 3109 2221 3171 in
2261 3126 2330 3171 se
2375 3107 2533 3190 ipsa,
2567 3106 2735 3168 sicut
2771 3113 2836 3168 et
2873 3123 3272 3188 unaquaeque
3315 3105 3535 3168 divina

2029 3225 2318 3290 persona.
2371 3204 2680 3280 Quaelibet
2738 3222 2994 3287 quoque
3055 3205 3334 3267 increata
3391 3222 3532 3286 per·

2026 3324 2184 3369 sona
2229 3312 2327 3368 est
2373 3305 2434 3366 in
2485 3301 2773 3385 qualibet
2818 3301 2943 3364 alia
2991 3301 3534 3365 inconfusibiliter

2026 3412 2091 3467 et
2127 3400 2848 3472 circumincessibiliter,
2883 3419 3082 3482 quum
3118 3399 3424 3482 quaelibet
3450 3399 3535 3462 sit

2028 3503 2364 3571 immensa,
2399 3507 2461 3562 et
2493 3498 3008 3580 inseparabiliter
3036 3497 3230 3560 simul
3271 3498 3400 3560 sint
3424 3498 3531 3560 ad-

2026 3606 2294 3680 aequate,
2354 3597 2532 3659 nulla
2589 3597 2781 3658 aliam
2843 3596 3206 3659 excedente.
3265 3597 3527 3670 Rursu3‚

2027 3697 2330 3780 quaelibet
2367 3696 2657 3758 consistit
2698 3695 2762 3756 in
2801 3695 2945 3769 alia,
2988 3695 3292 3776 quoniam
3331 3694 3528 3756 trium

2027 3793 2925 3878 superreverendissimarum‚
3011 3791 3531 3874 supersanctissi-

2030 3911 2278 3956 marum
2325 3899 2389 3952 et
2429 3890 3062 3973 superessentialium
3113 3907 3526 3972 personarum

2028 3999 2125 4054 est
2173 4009 2300 4052 una
2343 3989 2640 4062 essentia,
2687 3995 2748 4050 et
2798 4005 3197 4069 unaquaeque
3245 3987 3530 4069 ipsarum

2029 4098 2126 4152 est
2167 4089 2305 4171 ipsa
2343 4087 2618 4150 essentia
2651 4103 2665 4148 :
2702 4105 2842 4167 quae
2886 4103 3087 4167 quum
3132 4085 3198 4148 in
3244 4084 3532 4167 qualibet

414 4187 739 4268 loquendo
796 4187 876 4248 de
932 4187 1027 4248 eis
1084 4186 1436 4248 formaliter
1492 4193 1555 4248 et
1603 4187 1668 4248 in
1728 4205 1919 4249 sensu
1950 4185 1999 4246 D
2030 4189 2115 4250 sit
2161 4204 2452 4271 persona,
2504 4205 2652 4248 vere
2703 4184 3076 4267 perhibetur
3133 4201 3532 4266 unaquaeque

416 4286 795 4370 composito.
858 4284 1095 4367 Estque
1154 4285 1217 4347 in
1276 4284 1515 4347 talibus
1576 4285 1921 4347 necessitas

415 4385 916 4467 consequentiae,
978 4402 1105 4447 non
1163 4383 1653 4466 consequentis3
1714 4401 1926 4446 neces·

417 4484 573 4546 sitas
622 4500 881 4565 quoque
918 4481 1389 4554 conditionaliS,
1434 4465 1581 4545 non'
1609 4481 1917 4544 absoluta.

418 4583 768 4654 Postremo,
809 4581 1005 4661 hujus
1050 4581 1442 4644 contrarium
1488 4579 1760 4662 opinari,
1796 4598 1921 4642 non

420 4679 633 4742 solum
663 4695 1005 4742 erroneum
1037 4684 1135 4741 est
1162 4685 1353 4759 atque
1386 4678 1778 4750 haereticum,
1812 4678 1924 4740 sed

422 4787 489 4840 et
516 4785 822 4841 extremm
852 4777 1111 4840 demum
1152 4777 1468 4851 amentiae,
1502 4795 1701 4858 quum
1734 4795 1925 4838 unus-

422 4876 703 4958 quisque
756 4875 823 4936 in
870 4891 939 4936 se
988 4874 1129 4956 ipso
1175 4873 1385 4955 palam
1434 4875 1801 4956 experiatur
1858 4893 1925 4936 se

420 4974 613 5037 liberi
672 4991 815 5036 esse
866 4972 1116 5036 arbitrii
1165 4974 1595 5055 incoactaeque
1642 4973 1927 5036 volunta-

2032 4303 2304 4370 persona
2363 4284 2426 4346 in
2478 4282 2764 4366 qualibet
2810 4283 2934 4345 alia
2993 4302 3152 4347 esse.
3203 4284 3531 4356 Praeterea,

2030 4402 2232 4467 quum
2282 4401 2570 4465 personae
2621 4382 2685 4444 in
2735 4381 2972 4444 divinis
3021 4381 3395 4445 correlative
3443 4381 3534 4444 di-

2031 4491 2258 4546 cantur
2299 4482 2376 4544 ad
2425 4482 2722 4553 invicem,
2769 4488 2832 4542 et
2877 4499 3076 4542 unum
3124 4479 3535 4543 relativorum

2031 4582 2383 4646 definiatur
2424 4599 2538 4663 per
2576 4579 2773 4651 aliud,
2816 4598 3104 4662 personae
3143 4579 3277 4642 istae
3315 4597 3534 4661 super-

2032 4680 2426 4761 dignissimae
2494 4685 2642 4740 sunt
2710 4677 2774 4739 in
2837 4678 3114 4740 invicem
3177 4677 3532 4740 secundum

2034 4778 2206 4861 quod
2239 4796 2366 4838 una
2386 4784 2482 4839 est
2501 4777 2578 4838 de
2612 4775 2940 4837 intellectu
2969 4775 3244 4838 alterius,
3269 4775 3526 4848 lterum,

2037 4894 2324 4960 personae
2365 4875 2430 4936 in
2469 4873 2705 4936 divinis
2745 4873 3108 4954 producunt
3145 4891 3254 4934 seu
3297 4873 3528 4955 produ-

2037 4977 2436 5053 cuntur'per
2477 4969 2945 5032 emanationem
2989 4970 3066 5030 ad
3111 4969 3295 5040 intra,
3337 4968 3529 5032 actio-

421 5074 505 5136 tis
551 5090 566 5134 :
606 5071 780 5154 quod
825 5071 936 5153 qui
981 5078 1190 5150 negat,
1232 5070 1439 5152 poenis
1487 5072 1687 5151 magis
1734 5089 1927 5151 quam
2040 5089 2318 5152 nemque
2349 5069 2845 5131 immanentem:
2875 5067 3016 5130 ideo
3043 5066 3324 5129 Verbum
3353 5075 3529 5130 aeter-

422 5171 673 5234 ratione
732 5168 976 5234 erudiri
1026 5177 1327 5232 meretur.
1378 5169 1553 5243 Quod
1612 5169 1665 5231 si
1714 5169 1931 5232 omnia
2038 5188 2196 5231 num
2239 5187 2276 5230 a
2315 5167 2491 5230 Patre
2521 5183 2648 5228 non
2689 5165 2972 5246 gignitur
3010 5183 3126 5248 per
3177 5165 3419 5228 exitum
3469 5174 3534 5229 et

352 5331 359 5340 ,
422 5271 507 5334 de
570 5268 955 5349 necessitate
1018 5267 1405 5342 acciderent,
1472 5267 1729 5331 inutile-
1764 5275 1935 5331 esset
2043 5285 2368 5330 recessum
2411 5265 2492 5334 ab
2539 5265 2702 5348 ipso,
2746 5264 2858 5326 sed
2895 5263 3277 5329 aeternaliter
3319 5273 3534 5329 manet
