4300 6259
1167 493 1592 542 mumulo
1629 493 2028 542 TmoLonA.
2071 513 2157 528 --
2195 495 2276 542 DE
2316 495 2523 543 tuum
2562 497 3005 546 nssrnlnmlonn

3519 477 3635 544 231

613 661 796 739 Quod
828 669 948 741 est,
981 665 1136 750 qnia
1176 665 1461 730 universi
1505 666 1692 730 electi
1734 675 1925 732 erunt
1965 667 2032 730 in
2058 666 2113 730 A
2137 673 2317 750 gutta
2345 667 2715 754 permodica
2742 669 2823 732 ad
2850 675 3056 732 totum
3084 667 3642 750 Oceanum3quan-

507 777 794 827 summo
820 763 1006 840 coelo,
1041 765 1212 848 quod
1255 771 1354 828 est
1395 764 1574 828 locus
1617 765 2032 847 dignissimus

503 865 732 942 atque
758 861 1256 944 pulcherrimus,
1287 870 1352 926 et
1382 880 1616 946 corpus
1645 863 2032 928 admirandae

505 966 598 1020 et
651 959 836 1024 valde
895 960 1236 1044 incognitae
1291 961 1758 1042 virtuositatis3
1807 981 1880 1026 ac
1937 963 2030 1026 ibi

501 1065 725 1120 erunt
751 1057 1118 1124 immediate
1145 1059 1848 1145 uniti,profundissime
1879 1079 2032 1143 quo-

501 1172 660 1236 qne
691 1155 998 1232 immersi,
1029 1159 1316 1242 itemque
1345 1158 1757 1233 calidissime,
1789 1159 2030 1222 suavis-

499 1251 720 1330 sime,
767 1255 1260 1320 inavertibiliter
1301 1276 1375 1320 ac
1434 1275 1694 1341 prorsus
1751 1257 2030 1321 totaliter

495 1349 812 1435 absorpti
861 1353 932 1416 in
977 1353 1220 1417 fontem
1268 1355 1462 1418 totius
1510 1355 1684 1429 boni,
1736 1355 1803 1419 in
1851 1354 2026 1435 obje-

495 1455 708 1513 ctum
736 1450 1082 1533 opulentia
1121 1451 1416 1528 infinitas,
1451 1453 1517 1516 in
1558 1453 1764 1536 ipsam
1803 1472 2026 1536 super-

494 1547 932 1612 essentialem
961 1549 1368 1614 dulcediuem
1412 1551 1780 1626 increatam,
1815 1541 1892 1614 iu'
1923 1571 2024 1614 su-

491 1646 1176 1726 pemmoenissimum,
1191 1648 1921 1732 superamabilissimum
1951 1669 2026 1713 ac

491 1743 1232 1826 superpulcherrimum
1273 1745 1474 1810 Deum
1511 1765 1525 1809 ε
1557 1747 1746 1830 cujus
1784 1747 2026 1812 bonita-

2137 784 2335 848 quam
2368 774 2430 830 et
2468 765 2579 830 illa
2618 766 2857 842 laetitia,
2890 766 3052 830 illud
3096 765 3436 851 praemium
3478 764 3641 828 acci-

2139 864 2415 938 dentale,
2450 883 2697 928 merces
2726 864 2837 928 illa
2862 864 3302 939 accidentalis,
3333 864 3637 928 secunda·

2137 963 2235 1026 ria
2282 969 2347 1025 et
2392 963 2663 1044 adjecta,
2713 962 3135 1026 ineffabiliter
3180 961 3397 1026 omnia
3441 961 3639 1043 hujus

2139 1061 2365 1125 mundi
2394 1061 2626 1143 gaudia
2669 1069 2929 1145 superet
2966 1069 3031 1124 et
3067 1060 3351 1136 excedat,
3384 1061 3637 1144 potissi-

2138 1177 2243 1224 me
2300 1159 2653 1243 speculatio
2703 1158 3121 1222 humanitatis
3166 1157 3357 1222 Verbi
3416 1158 3637 1223 aeterni

2135 1275 2210 1322 ac
2248 1258 2753 1340 praeclarissimae
2790 1257 3003 1320 Matris
3033 1256 3197 1338 ejus,
3228 1256 3461 1320 deinde
3502 1274 3636 1320 om-

2135 1356 2319 1418 nium
2350 1355 2591 1418 civium
2623 1372 3070 1438 supernorum.

2217 1453 2505 1536 Denique
2536 1461 2663 1517 tres
2683 1459 2870 1516 erunt
2898 1454 3077 1517 dotes
3107 1452 3469 1515 animarum
3499 1451 3638 1516 feli·

2135 1551 2334 1626 cium,
2374 1551 2561 1625 visio,
2610 1551 2833 1625 tenti0,
2886 1551 3109 1615 fruitio
3150 1569 3165 1614 :
3207 1569 3351 1634 quae
3397 1558 3637 1634 quanto

2133 1649 2377 1714 fuerint
2405 1649 2862 1712 eminentiores
2894 1649 2961 1712 in
2991 1649 3143 1723 illis,
3173 1656 3349 1713 tanto
3380 1647 3637 1731 praecla-

2134 1747 2336 1812 riores
2374 1755 2583 1812 erunt.
2618 1749 2887 1830 Insuper
2924 1755 2989 1810 et
3030 1754 3303 1829 quatuor
3344 1747 3523 1812 dotes
3566 1747 3636 1810 in

489 1839 608 1902 tis
664 1840 990 1917 fruitione,
1051 1843 1238 1925 cujus
1294 1845 2026 1928 supersplendidissimae
2052 1849 2100 1914 B
2135 1864 2359 1910 earum
2397 1845 2775 1928 corporibus
2818 1853 3029 1920 erunt,
3062 1863 3297 1928 nempe
3342 1845 3635 1928 impassi-

492 1938 812 2002 veritatis
855 1940 1218 2016 intuitione,
1258 1941 1446 2023 cujus
1488 1944 1790 2025 potentiae
1833 1945 2024 2028 parti-

495 2036 844 2118 cipatione
891 2045 1024 2101 tam
1072 2038 1446 2103 felicissime
1495 2059 1568 2103 ac
1615 2041 2027 2106 abundantis-

493 2134 692 2198 sime
727 2135 1169 2218 replebuntur,
1219 2145 1350 2200 tam
1397 2139 1778 2203 suavissime
1819 2140 2024 2204 affici-

493 2239 734 2307 entur,
785 2241 915 2296 tam
957 2234 1432 2300 ferventissime
1479 2255 1553 2300 ac
1603 2237 2024 2302 immobiliter

491 2330 947 2407 inardescent,
981 2334 1152 2416 quod
1190 2334 1338 2417 plus
1365 2342 1668 2419 appetere
1696 2353 1826 2400 non
1856 2336 2023 2399 vale-

489 2427 706 2491 bunt.
741 2429 1047 2513 Denique,
1071 2432 1240 2495 sicut
1265 2433 1412 2516 quis
1441 2441 1626 2498 totus.
1640 2453 1714 2497 ac
1743 2435 2022 2499 totaliter

485 2525 878 2608 repleretur
923 2528 1256 2592 doloribus
1303 2549 1377 2593 ac
1430 2532 1787 2605 tormentis,
1837 2533 1892 2594 si
1953 2531 2018 2594 in

483 2623 804 2689 medium
831 2627 1340 2692 aestuantissimae
1371 2628 1652 2692 fornacis
1681 2629 2020 2711 projicere-

483 2731 622 2784 tur
658 2741 734 2785 ac
769 2729 1135 2804 teneretur3
1167 2726 1260 2788 sic
1292 2725 1680 2791 beatissimae
1719 2727 1845 2791 illae
1883 2746 2017 2790 cre-

481 2828 716 2886 aturae
791 2823 1068 2887 Creatori
1135 2832 1262 2888 tam
1331 2825 1520 2908 plene
1585 2845 1660 2889 ac
1727 2827 2017 2909 proxime

484 2921 814 2994 counitae,
861 2922 1394 2988 inaestimabiliter
1434 2924 1852 2998 delectantur,
1892 2925 2016 2988 fer-

2132 1943 2373 2018 bilitas,
2415 1945 2689 2018 claritas,
2734 1942 2985 2026 agilitas
3026 1952 3217 2026 atque
3258 1943 3579 2006 subtilitas
3614 1961 3627 2005 :

2133 2061 2277 2124 quae
2305 2042 2528 2124 utique
2557 2059 2825 2125 corpora
2843 2042 3037 2105 etiam
3058 2042 3425 2105 suavissimi
3445 2049 3634 2105 erunt

2130 2139 2363 2203 odoris.
2418 2139 2489 2202 ln
2548 2146 2721 2203 tanta
2768 2139 3031 2204 demum
3072 2137 3466 2202 beatitudine
3510 2138 3633 2202 erit

2131 2255 2357 2300 secura
2396 2236 2717 2300 aeternitas
2760 2245 2825 2300 et
2864 2245 3099 2301 aeterna
3138 2235 3467 2299 securitas.

2210 2335 2443 2398 Verum
2473 2335 2537 2398 in
2571 2333 3031 2398 infelicissimis
3062 2334 3349 2418 reprobis
3377 2343 3441 2397 et
3469 2335 3635 2397 dam-

2129 2433 2297 2497 natis
2326 2434 2543 2498 omnia
2572 2452 2639 2498 se
2669 2433 3001 2496 habebunt
3043 2433 3338 2516 opposito
3379 2433 3569 2496 modo
3614 2450 3629 2494 :

2128 2531 2195 2593 in
2243 2531 2481 2614 quibus
2519 2531 2644 2594 crit
2680 2530 3133 2613 gravissimum
3176 2537 3241 2592 et
3278 2529 3635 2612 poenalissi-

2129 2649 2309 2692 mum
2338 2629 2559 2693 odium
2593 2629 2704 2692 Dei
2746 2647 2818 2691 ac
2861 2628 3198 2692 detestatio
3227 2627 3439 2690 omnis
3476 2626 3632 2690 boni

2126 2727 2403 2802 honesti,
2436 2734 2699 2790 mutuus
2730 2744 2987 2808 quoque
3028 2723 3451 2808 importabilis
3488 2743 3629 2787 ran-

2127 2823 2783 2900 cor,inconversibilis
2811 2842 2850 2886 a
2877 2839 3133 2886 summo
3160 2821 3329 2884 bono
3356 2821 3627 2896 aversio,

2126 2922 2736 3005 supermoestissima
2758 2941 2960 2996 menS,
2974 2919 3479 2984 desolatissimus
3499 2919 3631 2983 ani·

479 3019 892 3083 ventissime
939 3020 1237 3102 diligunt,
1283 3022 1878 3105 praecordialissime
1925 3043 2020 3086 re-
2047 3021 2091 3086 G
2127 3039 2293 3094 mus,
2326 3027 2633 3102 perpetua
2662 3027 2729 3082 et
2758 3018 3144 3083 intolerabili
3185 3017 3629 3100 desperatione

479 3116 892 3199 gratiantur,
951 3117 1366 3182 devotissime
1420 3138 1493 3183 ac
1547 3120 2018 3201 jucundissime

483 3214 798 3277 laudant.
850 3214 1056 3297 Atque
1117 3224 1187 3278 ut
1245 3217 1664 3299 probabiliter
1709 3219 2012 3292 creditur,

483 3312 578 3374 in
611 3310 988 3392 glorificatis
1032 3312 1406 3376 hominibus
1437 3313 1572 3376 laus
1603 3315 1726 3376 erit
1751 3314 2012 3388 vocaliS,

479 3410 1028 3474 inenarrabiliter
1084 3429 1373 3486 concors,
1422 3413 1652 3488 dulcis,
1706 3413 2008 3494 jucunda.

475 3511 783 3590 Insuper
836 3509 1006 3574 clare
1071 3510 1700 3593 contemplabuntur,
1757 3511 2016 3574 delicio-

475 3607 770 3672 sissime
799 3606 1067 3690 sapient,
1085 3609 1653 3691 voluptuosissime
1680 3609 2012 3692 perfruen-

476 3716 616 3769 tur
643 3723 722 3767 ac
747 3705 1026 3769 sentient
1051 3707 1720 3790 supergloriosissimae
1749 3709 2013 3771 Trinita-

479 3805 592 3867 tis
621 3803 1272 3868 communicationem
1315 3812 1380 3868 et
1417 3805 1888 3870 emanationem
1930 3806 2008 3868 ad

477 3903 702 3974 intra,
763 3909 1049 3964 mutuam
1119 3902 1550 3978 intuitionem,
1613 3903 2006 3979 fruitionem,

473 3999 944 4073 dilectionem,
973 3999 1344 4084 amplexum
1380 4019 1394 4064 ε
1429 4002 1494 4065 in
1533 4001 1770 4085 quibus
1807 4003 2010 4066 omni-

477 4097 634 4161 hus
665 4096 1104 4172 indicibiliter,
1139 4099 1602 4162 invariabiliter
1639 4118 1712 4163 ac
1751 4101 2009 4182 penitus

2124 3117 2571 3200 plenissimus3
2596 3115 2979 3190 sulfureum,
3000 3115 3521 3196 inexstinguibile
3540 3115 3629 3178 af-

2124 3215 2761 3296 flictivissimumque
2815 3213 3208 3288 incendium,
3254 3213 3365 3276 sed
3415 3220 3478 3275 et
3530 3213 3625 3276 in-

2124 3313 2565 3376 tensissimum
2604 3310 2850 3392 frigus3
2892 3310 3413 3374 infelicissimum
3463 3311 3625 3374 invi-

2123 3409 2695 3492 diosissimumque
2772 3410 3191 3485 consortium,
3262 3407 3627 3472 maledictio

2122 3517 2306 3590 atque
2338 3507 2739 3590 blasphemia
2770 3505 3347 3589 supersanctissimi
3380 3505 3625 3570 Creato—

2121 3607 2235 3680 riS,
2268 3623 2459 3689 poena
2500 3623 2729 3668 sensus
2773 3611 2837 3666 et
2878 3623 3067 3687 poena
3109 3604 3349 3668 damni.

2201 3705 2546 3776 Postremo,
2598 3703 2663 3764 in
2703 3703 2839 3766 solo
2874 3702 3171 3785 originali
3219 3710 3483 3785 peccato
3519 3703 3621 3766 de-

2119 3801 2349 3876 functi,
2382 3809 2571 3864 erunt
2592 3801 2655 3863 in
2690 3801 2889 3864 limbo
2918 3820 3029 3864 seu
3062 3800 3202 3864 loco
3230 3817 3347 3864 suo
3374 3799 3617 3882 absque

2117 3899 2411 3964 sensibili
2444 3917 2653 3982 poena,
2679 3899 2951 3962 naturali
2982 3898 3287 3962 felicitate
3307 3899 3612 3962 contenti.

2198 3999 2275 4064 Ut
2324 4015 2475 4080 ergo
2532 4004 2737 4060 tantas
2796 3996 3213 4080 reproborum
3270 3997 3617 4060 evadamus

2118 4096 2433 4170 miserias,
2484 4103 2747 4178 tamque
2805 4094 3205 4158 indicibilem
3262 4095 3615 4159 electorum

481 4195 938 4259 contentative
986 4195 1449 4276 gloriabuntur,
1497 4197 1591 4259 sic
1649 4199 1819 4280 quod
1875 4217 2007 4262 am·
2038 4192 2086 4255 D
2117 4195 2584 4259 beatitudinem
2614 4211 3106 4277 consequamur,
3124 4211 3340 4258 coram
3370 4193 3619 4257 Creato-

481 4292 687 4377 plins
723 4291 1026 4356 affectare
1063 4293 1442 4378 nequibunt.
1476 4331 1558 4342 —
1597 4296 1742 4360 Haec
1778 4304 1876 4359 est
1911 4315 2008 4360 es-

483 4389 798 4455 sentialis
826 4408 900 4453 ac
931 4391 1306 4475 principalis
1336 4393 1626 4456 omnium
1655 4393 2006 4458 electorum

481 4487 836 4552 beatitudo
881 4496 948 4551 et
995 4488 1198 4570 gloria
1242 4508 1257 4553 ε
1299 4491 1486 4574 cujus
1533 4493 2008 4575 comparatione

481 4587 808 4652 universa
871 4586 1247 4668 jucunditas
1305 4589 1372 4653 in
1439 4590 1710 4672 objectis
1775 4593 2006 4655 creatis

483 4684 882 4760 consistens,
915 4691 1014 4750 est
1041 4693 1344 4770 tanquam
1383 4697 1662 4772 punctus
1705 4696 1770 4752 et
1806 4690 2007 4754 veluti

2117 4314 2185 4359 re
2216 4302 2280 4358 et
2308 4293 2629 4358 Salvatore
2657 4301 2875 4358 nostro
2904 4293 3339 4357 indesinenter
3365 4293 3618 4356 timora-

2115 4393 2861 4469 ti‚custoditi,ferventes
2889 4399 3073 4476 atquc
3102 4392 3361 4457 solliciti
3390 4393 3609 4456 simus.

2116 4494 2211 4556 Ad
2250 4493 2503 4555 laudem
2552 4499 2617 4556 et
2652 4492 2919 4574 gloriam
2970 4491 3457 4574 Omnipotentis,
3500 4491 3616 4574 qui

2114 4598 2213 4656 cst
2240 4609 2436 4674 super
2461 4591 2681 4657 omnia
2722 4592 2887 4655 Deus
2922 4591 3221 4654 sublimis
3260 4598 3324 4653 et
3349 4589 3612 4654 benedi-

2117 4697 2279 4754 ctus.
2314 4689 2535 4754 Amen.

1264 5109 1486 5194 101,le
1541 5111 2251 5170 ELEMENTATIONIS
2304 5111 2861 5170 THEOLOGICAE.
