4300 6259
956 483 1035 532 01¹:
1075 483 1303 530 Lunum
1344 481 1725 530 cflms'rmNAE
1764 483 2066 540 THEORIAE,
2108 484 2288 530 LIBER
2327 484 2390 530 11.
2438 503 2518 514 -·
2561 485 2698 532 Am.
2743 485 2821 532 XC
3323 466 3444 532 495

336 667 455 713 nec
502 669 619 733 per
660 651 919 734 culpam
962 651 1025 715 id
1076 651 1289 735 ipsum
1332 653 1669 716 amitteret.
1716 653 1836 716 Na·
1864 651 1917 716 A
1948 671 2075 716 non
2112 661 2328 718 autem
2369 655 2656 718 naturale
2695 673 2910 736 agens,
2945 655 3113 737 quod
3159 672 3274 736 per
3315 669 3444 716 mo-

336 749 539 811 turale
594 749 771 812 enim
829 751 1107 824 videtur,
1172 759 1242 812 ut
1296 751 1836 833 quandocumque

332 847 628 927 superior
684 846 1077 930 inferiorque
1137 857 1362 911 natura
1421 849 1833 922 conveniunt,

331 945 392 1007 id
442 946 615 1027 quod
664 946 937 1010 inferius
984 953 1103 1020 est,
1148 947 1499 1030 superioris
1550 948 1833 1022 modum,

329 1050 624 1105 naturam
684 1051 747 1106 et
796 1045 1251 1127 proprietatem
1302 1045 1605 1107 imitetur.
1663 1045 1837 1108 Unde

332 1147 579 1204 rectum
639 1150 926 1224 apparet,
978 1143 1261 1206 divinam
1322 1143 1704 1226 sapientiam
1752 1143 1835 1206 ob

334 1240 451 1302 hoc
500 1242 754 1323 corpori
802 1241 1083 1304 animam
1143 1242 1643 1305 intellectualem
1691 1260 1837 1305 con-

326 1339 643 1418 junxisse,
677 1347 747 1400 ut
790 1357 985 1422 super
1026 1357 1259 1422 corpus
1306 1341 1445 1422 ipsa
1473 1340 1831 1403 dominium

330 1437 597 1519 plenum
638 1438 923 1513 haberet,
956 1445 1021 1500 et
1062 1439 1221 1501 illud
1262 1439 1387 1521 ipsi
1431 1457 1687 1521 semper
1729 1440 1833 1502 de-

328 1535 622 1610 serviret,
682 1555 891 1620 neque
950 1537 1180 1600 rationi
1238 1538 1585 1612 resisteret,
1634 1545 1698 1600 et
1754 1557 1830 1601 ex

329 1635 773 1716 consequenti,
808 1654 926 1697 nec
958 1642 1361 1718 separaretur
1387 1635 1468 1698 ab
1499 1654 1591 1699 ea.
1616 1637 1829 1710 Porro,

328 1741 573 1796 naturae
636 1734 932 1796 bumanae
996 1733 1477 1796 accidentaliter
1532 1753 1833 1817 superve-

1944 761 2081 815 tum
2140 754 2292 834 agit,
2344 761 2408 816 et
2459 753 2788 816 materiam
2846 753 2979 833 jam
3039 752 3446 815 informatam

1948 852 2278 934 motuique
2327 851 2763 932 subjicibilem
2818 851 3275 934 praesupponit.
3327 850 3446 914 Sed

1945 951 2097 1030 quia
2128 949 2298 1012 istud
2331 958 2792 1032 praeostensum
2835 957 2952 1024 est,
2987 950 3446 1012 resumendum

1946 1065 2073 1110 non
2131 1055 2250 1110 est.
2301 1047 2393 1110 Ad
2455 1049 2854 1131 propositum
2913 1055 3128 1110 autem
3187 1065 3448 1130 respon-

1946 1147 2252 1220 dendum,
2304 1148 2473 1228 quod
2526 1165 2642 1229 per
2689 1146 3033 1210 factionem
3086 1147 3444 1209 naturalem

1945 1264 2087 1327 quae
2146 1252 2245 1307 est
2304 1253 2512 1308 motus
2573 1245 2898 1328 physicuS,
2952 1245 3122 1322 idem
3179 1261 3448 1308 numero

1945 1344 2115 1426 quod
2160 1343 2372 1426 periit,
2416 1345 2624 1406 redire
2669 1363 2796 1407 non
2841 1350 3065 1426 potest.
3114 1343 3236 1406 Sed
3279 1344 3446 1406 Deus

1946 1443 2011 1504 in
2054 1443 2314 1505 instanti
2361 1442 2738 1525 corporibus
2782 1444 3028 1505 animas
3071 1443 3448 1506 reuniettet

1944 1541 2167 1604 activae
2234 1540 2544 1603 factiones
2610 1541 2752 1604 duae
2815 1559 2941 1604 non
3015 1548 3224 1615 erunt,
3295 1541 3446 1623 quia

1945 1638 2154 1701 activa
2221 1637 2412 1701 factio
2480 1639 2674 1719 hujus
2747 1639 3249 1702 resuscitationis
3316 1657 3443 1702 non

1944 1737 2066 1799 erit
2100 1745 2310 1800 motus
2351 1738 2792 1813 intermediuS‚
2825 1737 2934 1800 sed
2975 1737 3142 1800 Deus
3180 1736 3440 1799 faciens

328 1831 515 1894 niens
547 1849 741 1907 mom,
774 1833 981 1914 culpae
1012 1851 1202 1914 poena
1228 1833 1560 1906 exsistenS,
1584 1834 1831 1898 homini
1862 1837 1909 1901 B
2024 1835 2116 1897 Ad
2167 1836 2420 1897 tertiam
2459 1834 2829 1910 dicendum,
2873 1835 3044 1918 quod
3090 1835 3260 1897 idem
3305 1853 3444 1897 esse

326 1929 541 1991 ablata
568 1938 667 1992 est
694 1949 809 2012 per
838 1929 1071 1993 Christi
1104 1931 1490 2013 passionem,
1525 1932 1635 2014 qui
1672 1951 1833 1995 mor-

328 2035 454 2090 tem
502 2035 787 2090 nostram
828 2029 1159 2092 moriendo
1198 2030 1534 2091 destruxit.
1570 2029 1660 2091 Ex
1704 2048 1831 2112 quo

327 2143 731 2207 consequens
769 2134 887 2200 est,
924 2135 992 2188 ut
1036 2127 1255 2190 divina
1281 2128 1509 2200 virtus,
1543 2148 1685 2211 quae
1724 2129 1831 2190 ho-

329 2223 484 2286 mini
548 2225 731 2306 prius
798 2226 1341 2288 immortalitatem
1408 2227 1603 2301 dedit,
1664 2227 1829 2290 hanc

326 2341 583 2406 quoque
615 2324 959 2406 aliquando
988 2325 1299 2398 restituat,
1314 2344 1523 2407 neque
1558 2327 1621 2387 in
1652 2335 1831 2390 aeter-

328 2442 481 2484 num
515 2423 671 2484 huic
706 2423 871 2485 malo
902 2423 1095 2487 horno
1126 2422 1455 2504 subjectus
1486 2425 1581 2487 sit.

400 2521 497 2583 Ad
557 2521 835 2602 primam
902 2539 1053 2602 ergo
1118 2521 1549 2602 objectionem
1617 2523 1829 2585 dicen-

328 2620 503 2692 dum,
558 2619 732 2701 quod
781 2620 1105 2702 corruptio
1152 2619 1433 2682 hominis
1483 2639 1690 2702 neque
1739 2641 1831 2684 es-

328 2717 597 2780 sentiam
658 2735 869 2799 neque
926 2737 1065 2780 esse
1113 2717 1377 2799 perimit
1424 2719 1826 2801 simpliciter,

326 2817 433 2878 sed
474 2817 835 2878 secundum
882 2816 1143 2879 modum
1194 2817 1538 2898 quemdam
1586 2819 1831 2884 dumta-

328 2924 445 2977 xat.
501 2915 761 2977 Materia
816 2914 991 2978 enim
1040 2915 1249 2996 prima
1296 2924 1393 2978 est
1441 2917 1722 2998 ingenita
1768 2925 1829 2980 et

1947 1940 2160 1995 manet
2188 1941 2334 1996 ante
2367 1943 2636 1996 mortem
2668 1934 2952 1997 hominis
2991 1943 3054 1996 et
3095 1941 3239 2016 post
3278 1951 3444 1996 mor-

1944 2037 2106 2108 tem;
2140 2031 2252 2094 sed
2279 2039 2426 2093 ante
2459 2039 2729 2094 mortem
2763 2033 3278 2095 communicatur
3309 2049 3444 2094 cor-

1944 2129 2108 2211 pori,
2155 2129 2322 2192 sicut
2366 2137 2430 2191 et
2473 2131 2688 2192 anima
2731 2131 3019 2213 corporis
3065 2138 3246 2192 actus
3290 2138 3444 2192 tunc

1944 2235 2057 2290 est.
2094 2228 2215 2290 Sed
2257 2228 2322 2290 in
2363 2230 2761 2311 separatione
2804 2231 3034 2292 animae
3074 2248 3111 2290 a
3156 2246 3442 2310 corpore,

1946 2327 2158 2409 ipsum
2189 2345 2328 2388 esse
2361 2335 2575 2390 manet
2604 2327 2668 2390 in
2699 2329 2934 2402 anima,
2949 2329 3118 2390 sicut
3147 2328 3212 2390 in
3245 2327 3442 2402 fonte,

1944 2425 2156 2487 radice
2205 2433 2269 2486 et
2315 2425 2628 2489 effluxivo
2678 2426 2999 2509 principio
3052 2444 3066 2488 :

1944 2542 2223 2605 namque
2252 2523 2532 2586 hominis
2563 2541 2690 2587 non
2721 2531 2820 2586 est
2846 2525 3196 2587 destructio
3239 2523 3442 2606 ipsius

1942 2620 2041 2680 sui
2073 2637 2213 2681 csse
2245 2619 2646 2701 simpliciter,
2665 2621 2774 2682 sed
2807 2621 3120 2703 separatio
3150 2623 3442 2705 quaedam

1942 2718 2172 2780 animae
2219 2736 2256 2778 a
2305 2735 2588 2801 corpore.
2641 2719 2794 2782 Esse
2844 2721 3087 2802 quippe
3136 2721 3439 2795 hominis,

1942 2817 2300 2878 secundum
2339 2817 2509 2898 quod
2557 2816 2637 2879 ab
2689 2817 2828 2900 ipso
2877 2819 3094 2881 fluunt
3143 2822 3444 2902 potentiae

1943 2914 2263 2978 sensitivae
2307 2923 2371 2977 et
2413 2917 2726 2996 organicae
2768 2936 2841 2979 ac
2890 2919 3269 2992 materiales,
3313 2939 3443 2982 ma-

328 3013 863 3095 incorruptibilis,
923 3014 1277 3076 secundum
1344 3016 1827 3078 demonstratio·
1858 3017 1905 3084 C
1943 3022 2052 3075 net
2102 3013 2166 3074 in
2213 3015 2428 3076 anima
2485 3023 2774 3098 separata
2823 3016 2992 3078 sicut
3038 3016 3104 3078 in
3159 3017 3371 3080 radice
3426 3035 3440 3080 :

328 3130 475 3174 nem
505 3112 867 3174 Aristotelis
899 3112 1111 3195 primo
1142 3112 1573 3195 physicorum.
1600 3116 1832 3178 Anima

328 3229 587 3294 quoque
616 3210 897 3273 hominis
930 3211 1311 3274 immortalis
1352 3214 1710 3276 ostenditur
1752 3233 1829 3276 ex

98 3330 163 3368 art.
181 3340 307 3369 sewu-
328 3309 683 3372 rationibus
734 3310 925 3392 primi
977 3310 1143 3372 libri.
1188 3311 1309 3374 Sed
1359 3311 1593 3374 dicitur
1638 3313 1829 3375 homo

82 3402 137 3432 tu.

327 3409 680 3490 corrumpi,
713 3409 863 3492 quia
891 3428 1031 3472 esse
1063 3410 1255 3472 totius
1290 3428 1414 3473 non
1449 3421 1663 3474 manet
1689 3431 1829 3474 6556

327 3507 543 3569 totius,
598 3508 719 3570 Sed
771 3508 837 3568 in
886 3509 1285 3590 separatione
1332 3509 1564 3572 animae
1610 3529 1647 3571 a
1698 3528 1829 3572 cor-

326 3624 503 3688 pore,
536 3605 751 3668 anima
785 3607 943 3688 ipsa,
976 3626 1013 3667 a
1040 3625 1168 3688 qua
1210 3613 1415 3670 totum
1456 3627 1595 3670 esse
1633 3609 1827 3670 totius

325 3704 661 3784 profluxit,
704 3704 875 3766 idem
914 3723 1057 3767 esse
1094 3705 1359 3767 retrahit
1393 3706 1471 3768 ad
1510 3725 1599 3778 se,
1632 3714 1697 3768 et
1736 3707 1831 3788 ip-

326 3821 467 3864 sum
530 3810 819 3864 remanet
875 3802 940 3864 in
1002 3820 1077 3864 ea
1120 3803 1289 3865 sicut
1346 3803 1412 3864 in
1468 3804 1699 3866 radice.
1753 3805 1829 3866 Et

325 3901 591 3981 quidem
644 3900 965 3982 quomodo
1014 3900 1135 3963 hoc
1191 3919 1330 3963 esse
1380 3903 1581 3984 possit
1636 3910 1827 3984 atque

78 3999 599 4079 m.1011‚c,intelligi
650 3998 899 4073 debeat,
952 3999 1019 4060 in
1069 4000 1279 4081 primo
1332 4001 1577 4083 prolixe
1628 4002 1827 4063 mani-

324 4096 631 4160 festatum
674 4105 788 4159 est.

1941 3113 2249 3194 quoniam
2279 3132 2472 3194 quam
2503 3115 2629 3176 cito
2659 3115 2912 3196 corpori
2943 3117 3194 3178 reunita
3225 3116 3439 3191 fuerit,

1942 3211 2168 3273 idonea
2207 3219 2270 3272 et
2313 3220 2536 3293 potens
2577 3213 2698 3274 erit
2734 3231 3032 3276 exercere
3077 3232 3192 3296 per
3229 3215 3441 3296 ipsum

1942 3309 2258 3391 potentias
2305 3311 2642 3392 praedictas
2690 3319 2754 3374 et
2799 3313 3171 3375 earumdem
3223 3331 3441 3395 opera·

1942 3408 2165 3471 tiones.
2220 3410 2520 3472 Potentiae
2566 3429 2800 3492 nempe
2851 3411 3009 3484 istae,
3067 3411 3218 3493 quia
3273 3430 3443 3476 com·

1941 3525 2172 3570 munes
2221 3516 2373 3570 sunt
2418 3508 2647 3571 animae
2703 3515 2768 3571 et
2826 3510 3101 3591 corpori,
3153 3527 3439 3572 corrum-

1942 3613 2183 3687 puntur
2213 3606 2280 3668 in
2315 3613 2533 3669 morte.
2552 3605 2628 3668 Et
2657 3625 2796 3668 esse
2825 3608 3054 3670 animae
3085 3610 3440 3672 secundum

1940 3703 2310 3766 inferiorem
2345 3722 2535 3766 suum
2562 3703 3224 3785 gradum,secundum
3256 3725 3444 3788 quem

1938 3800 2380 3882 hujuscemodi
2412 3801 2710 3883 potentiae
2739 3801 2820 3862 ab
2850 3820 2924 3863 ea
2953 3801 3446 3884 profluunt‚cor-

1940 3900 2156 3982 rumpi
2198 3899 2436 3961 dicitur
2477 3900 2828 3961 secundum
2873 3907 3110 3974 actum,
3153 3901 3304 3982 quia
3347 3920 3441 3963 se-

1940 3998 2222 4059 cundum
2273 3997 2588 4079 potentias
2649 3997 2798 4060 istas
2856 4000 3104 4080 operari
3155 3999 3438 4062 desinit:

1938 4115 2138 4178 quum
2187 4103 2401 4158 tamen
2445 4096 2659 4177 ipsum
2703 4114 2842 4159 esse
2883 4097 3114 4160 animae
3153 4098 3441 4161 substan-

404 4195 701 4259 Secunda
764 4203 979 4258 autem
1050 4197 1353 4259 instantia
1417 4197 1605 4260 facile
1664 4198 1825 4260 solvi
1859 4195 2174 4263 Dtialiter
2222 4201 2493 4268 maneat,
2549 4194 2701 4276 quia
2751 4195 2816 4257 in
2865 4215 2932 4259 se
2985 4196 3258 4280 simplex
3318 4207 3435 4274 est,

326 4301 539 4376 potest
585 4301 775 4376 prout
831 4295 1127 4376 praesenti
1185 4295 1589 4377 inquisitioni
1644 4296 1829 4358 suffi-

327 4395 428 4456 eit.
478 4392 942 4456 Difficultatem
986 4401 1199 4456 tamen
1242 4394 1465 4474 tangit,
1497 4415 1639 4477 quae
1681 4405 1827 4458 ante

75 4523 298 4565 mmm,
326 4494 537 4556 soluta
602 4500 717 4554 est.
788 4491 1125 4554 Ostensum
1184 4500 1281 4555 est
1338 4493 1578 4556 etenim
1636 4495 1827 4576 paulo

326 4601 493 4666 ante,
546 4591 612 4654 in
672 4591 773 4652 his
830 4611 974 4673 quae
1032 4592 1109 4654 de
1167 4592 1575 4656 sacramento
1634 4595 1826 4658 intro-

328 4693 519 4754 ducta
548 4697 721 4764 sunt,
755 4690 1078 4771 quomodo
1106 4698 1170 4753 et
1197 4691 1617 4773 quamobrem
1659 4693 1825 4756 Deus

327 4791 389 4852 id
436 4790 636 4853 etiam
687 4806 829 4850 esse
877 4789 1049 4869 quod
1098 4789 1355 4870 penitus
1413 4809 1553 4851 esse
1612 4791 1822 4863 desiit,

326 4889 497 4951 idem
527 4905 801 4950 numero
830 4887 1131 4950 reiterare
1162 4887 1383 4969 possit,
1406 4904 1482 4950 eo
1512 4889 1681 4970 quod
1713 4907 1828 4970 per

328 4997 574 5050 motum
608 5005 737 5050 non
768 4993 1005 5061 causet,
1038 4995 1101 5049 et
1142 4987 1471 5049 materiam
1512 4988 1718 5069 ipsam
1758 4995 1829 5049 ut

326 5094 422 5148 est
450 5087 631 5168 quid,
656 5104 772 5147 sua
800 5085 1167 5147 causalitate
1198 5086 1567 5166 contingere
1598 5093 1821 5168 queat:

328 5184 599 5266 ideoque
651 5183 925 5245 formam
974 5182 1462 5266 corruptibilem
1506 5191 1571 5246 et
1613 5202 1828 5247 corru-

329 5292 523 5368 ptam,
576 5300 851 5347 numero
904 5283 1195 5346 eamdem
1253 5283 1559 5346 reducere
1616 5283 1825 5363 valet3

1939 4294 2106 4354 sicut
2147 4300 2212 4354 et
2255 4293 2532 4355 essentia
2575 4293 2824 4366 animae,
2861 4294 2940 4356 de
2993 4313 3120 4376 qua
3164 4306 3432 4361 emanat.

1939 4392 2060 4453 Sed
2092 4392 2226 4454 haec
2265 4391 2638 4472 diligentius
2680 4392 2746 4454 in
2788 4393 2998 4474 primo
3041 4403 3436 4476 perscrutata

1938 4498 2105 4552 sunt.

2018 4589 2109 4651 Ad
2142 4595 2432 4671 quartam
2464 4589 2699 4652 solutio
2729 4596 2845 4664 est,
2879 4590 3048 4672 quod
3091 4593 3166 4654 ad
3208 4593 3326 4654 hoc
3369 4602 3438 4656 ut

1939 4687 2134 4750 homo
2193 4695 2504 4768 resurgat,
2567 4706 2695 4750 non
2753 4697 2852 4750 est
2907 4706 3167 4752 necesse
3224 4693 3440 4754 omnia

1940 4787 2049 4848 illa
2080 4786 2318 4848 resumi
2352 4805 2492 4868 quae
2524 4805 2636 4868 per
2675 4794 2879 4848 totum
2919 4787 3066 4849 vitae
3109 4807 3238 4850 suae
3283 4797 3440 4851 tem-

1939 4905 2058 4966 pus
2108 4884 2520 4946 materialiter
2565 4885 2630 4944 in
2677 4885 2818 4966 ipso
2862 4885 3282 4960 exstiterunt3
3328 4886 3436 4948 sed

1936 4991 2184 5045 tantum
2220 4982 2674 5044 resumendum
2717 4992 2814 5045 est
2851 4992 3160 5066 quantum
3207 4985 3284 5046 ad
3331 4985 3437 5048 de·

1938 5083 2085 5145 bitae
2132 5081 2504 5165 quantitatis
2549 5082 3088 5164 complementum
3135 5084 3431 5164 exigitur.

1936 5181 2099 5244 Illud
2145 5181 2422 5262 denique
2472 5181 2794 5262 praecipue
2841 5181 3296 5244 resumendum
3344 5183 3436 5245 vi-

1937 5282 2142 5355 detur,
2176 5281 2346 5365 quod
2385 5279 2507 5343 sub
2546 5279 2760 5362 specie
2797 5286 2862 5341 et
2897 5278 3103 5343 forma
3141 5281 3434 5348 humani-

3121 2426 3446 2509 corruptio
3551 2491 3568 2502 ,
