4300 6259
48 991 84 1030 p.
108 977 223 1020 ⁸:60
252 981 299 1018 et

880 499 959 544 DE
998 497 1226 544 Lunum
1266 497 1647 544 cuuisnANAE.
1684 495 1989 554 THBOROE,
2031 497 2206 544 ultan
2249 499 2310 544 n.
2357 515 2438 528 -···
2477 499 2617 545 Am.
2663 500 2892 546 Lxxvm

3328 481 3443 544 481

328 685 461 730 non
508 667 783 731 debetur
825 667 1003 730 locus
1048 667 1170 730 nisi
1222 685 1337 750 per
1380 666 1834 729 dimensiones.
1866 666 1917 728 A
1949 666 2102 729 dum
2143 667 2401 742 dicitur,
2441 669 2570 732 Hoc
2614 678 2713 732 est
2755 688 2988 752 corpus
3031 687 3266 731 meum.
3302 667 3448 741 Quae

328 765 741 846 Impossibile
799 773 897 828 est
950 773 1163 828 autem
1216 765 1385 828 idem
1443 780 1675 846 corpus
1726 782 1840 846 per

330 864 629 946 proprias
649 863 1077 926 dimensiones
1108 864 1172 925 in
1197 862 1493 946 pluribus
1516 862 1670 926 locis
1698 879 1841 924 con-

328 961 551 1034 tineri,
594 962 1139 1044 quemadmodum
1190 960 1609 1043 suprapositae
1652 961 1839 1022 ratio-

328 1077 447 1121 nes
498 1059 713 1122 lucide
756 1060 1213 1122 demonstrant.
1259 1059 1437 1122 Ratio
1486 1058 1681 1139 igitur
1724 1076 1839 1119 cur

326 1175 567 1240 corpus
590 1157 821 1221 Christi
853 1157 974 1219 sub
994 1155 1329 1239 speciebus
1360 1156 1543 1238 panis
1564 1155 1835 1230 exsistit,

326 1263 428 1318 est
478 1256 725 1320 ratione
775 1255 1214 1319 conversionis
1260 1254 1442 1337 panis
1496 1255 1559 1316 in
1607 1253 1833 1335 ipsum.

326 1354 455 1417 Sed
506 1373 711 1436 quum
766 1372 1001 1436 eorpus
1058 1352 1501 1416 habitudinem
1554 1369 1681 1416 non
1730 1353 1837 1414 ha-

326 1452 480 1516 beat
527 1453 609 1515 ad
667 1452 881 1515 locum
942 1450 1067 1514 nisi
1119 1469 1233 1534 per
1280 1450 1725 1533 quantitatem,
1775 1459 1839 1512 et

326 1571 449 1634 per
492 1551 821 1634 propriam
866 1551 1288 1633 quantitatem
1331 1567 1565 1632 corpus
1603 1549 1835 1612 Christi

325 1668 459 1712 non
502 1650 591 1711 sit
626 1649 747 1712 sub
786 1650 907 1711 hoc
948 1655 1367 1722 sacramento,
1399 1655 1471 1708 ut
1498 1647 1837 1730 probatum

325 1758 469 1828 est3
522 1766 785 1810 necesse
834 1756 931 1810 est
979 1747 1413 1810 dimensiones
1462 1745 1646 1828 panis
1696 1754 1840 1828 post

1948 764 2144 827 verba
2193 776 2346 829 sunt
2393 769 2832 831 conversionis
2892 767 3078 830 istius
3125 765 3449 847 significa-

1950 863 2079 924 tiva
2108 870 2173 924 et
2202 861 2454 926 factiva.
2490 865 2732 928 Divinae
2761 865 2999 928 etenim
3031 864 3252 926 virtuti
3283 881 3451 926 com·

1949 960 2109 1041 petit
2165 961 2439 1025 dicendo
2497 961 2723 1025 facere.
2787 963 3112 1044 Scriptum
3170 981 3448 1044 namque

1948 1067 2044 1120 est
2078 1076 2093 1120 ε
2124 1060 2268 1140 lpse
2298 1060 2482 1134 dixit,
2515 1069 2580 1122 et
2607 1061 2773 1123 faeta
2804 1069 2971 1123 sunt.
2998 1059 3444 1133 conformiter,
3475 1077 3556 1121 ιτα.
3578 1089 3740 1131 exam,

1948 1155 2068 1218 sub
2126 1157 2468 1238 speciebus
2517 1159 2674 1233 vini,
2726 1159 2896 1240 quod
2945 1159 3010 1221 in
3069 1158 3446 1239 sanguinem
3476 1143 3518 1186 ³·

1948 1254 2182 1317 Christi
2233 1256 2474 1319 directe
2520 1257 2937 1331 convertitur,
2979 1257 3145 1319 sicut
3191 1256 3448 1331 dicitur,

1946 1351 2060 1414 Hic
2110 1360 2209 1416 est
2257 1354 2419 1416 calix
2469 1355 2798 1436 sanguinis
2845 1355 2992 1428 mei,
3045 1373 3306 1418 neeesse
3356 1361 3454 1417 est

1947 1459 2011 1513 et
2040 1451 2441 1515 divinitatem
2481 1461 2544 1515 et
2584 1470 2814 1536 corpus
2853 1472 2926 1516 ac
2965 1453 3246 1516 animam
3277 1453 3453 1516 Chri-

1946 1551 2027 1612 sti
2068 1551 2438 1614 consistere.
2475 1550 2822 1634 Utrobique
2861 1551 3036 1614 enim
3075 1559 3172 1614 est
3211 1551 3456 1632 integer

1949 1648 2254 1712 Christus.
2306 1685 2385 1695 —
2446 1649 2536 1712 Ex
2597 1649 2836 1732 quibus
2893 1651 3223 1725 elucescit,
3283 1650 3452 1731 quod

1948 1747 2000 1808 si
2046 1747 2110 1809 in
2153 1749 2366 1811 triduo
2407 1749 2631 1811 mortis
2674 1749 2795 1811 hoc
2841 1756 3312 1812 sacramentum
3357 1767 3455 1810 ce-

326 1847 823 1910 conversionem
880 1863 1211 1908 remanere
1276 1863 1288 1906 :
1350 1850 1665 1926 quatenus
1724 1863 1837 1926 per
1864 1848 1911 1910 B
1949 1845 2266 1909 lebratum
2299 1847 2547 1920 fuisset,
2581 1848 2671 1909 nil
2705 1847 3140 1930 prohibuisset
3177 1847 3298 1909 sub
3327 1847 3454 1910 for-

328 1965 437 2009 eas
482 1946 785 2007 sortiatur
825 1945 997 2008 hunc
1037 1944 1251 2008 locum
1290 1943 1399 2025 qui
1441 1940 1651 2027 primo
1690 1942 1837 2004 sub-

328 2044 585 2107 stantiae
635 2044 819 2126 panis
866 2042 1238 2106 debebatur.
1284 2041 1472 2105 Nulla
1517 2041 1691 2104 enim
1744 2061 1836 2104 re-

328 2144 737 2224 linqueretur
792 2140 1100 2205 habitudo
1157 2141 1407 2224 corpori
1467 2140 1701 2204 Christi
1758 2141 1837 2203 ad

328 2241 713 2324 praedictum
774 2241 1009 2312 locum,
1060 2239 1185 2302 nisi
1247 2239 1429 2320 panis
1484 2237 1840 2300 accidentia

326 2346 755 2402 remanerent.
810 2337 931 2400 Sed
991 2355 1192 2420 quum
1240 2337 1351 2399 illa
1398 2343 1834 2418 permaneant,

325 2437 691 2500 substantia
750 2435 933 2518 panis
992 2436 1057 2497 in
1117 2453 1349 2518 corpus
1400 2435 1633 2498 Christi
1693 2453 1837 2498 con-

323 2556 535 2610 versa,
588 2535 669 2597 fit
727 2552 959 2616 corpus
1021 2533 1255 2596 Christi
1314 2531 1435 2596 suh
1486 2533 1837 2616 quantitate

322 2635 690 2698 dimensiva
748 2633 953 2715 paniS.
1007 2632 1084 2694 Et
1132 2631 1547 2695 conformiter
1594 2633 1675 2694 de
1732 2651 1837 2696 ex·

323 2732 624 2796 sistentia
670 2730 1002 2812 sanguinis
1051 2729 1283 2793 Christi
1334 2729 1455 2792 sub
1500 2729 1837 2812 speciebus

323 2831 463 2892 vini
508 2828 1001 2910 intelligendum
1046 2835 1163 2890 est.
1198 2827 1307 2890 Est
1343 2835 1558 2889 autem
1600 2828 1837 2910 duplex

324 2929 677 3012 quantitas,
730 2927 984 2989 virtutis
1033 2925 1283 2989 scilicet
1338 2933 1403 2988 et
1462 2925 1670 2989 molis.
1722 2927 1839 2989 Per

1950 1945 2071 2008 mis
2116 1946 2302 2028 panis
2343 1965 2418 2008 ae
2461 1946 2596 2010 vini
2644 1965 2876 2029 corpus
2922 1946 3156 2009 Christi
3207 1953 3270 2008 et
3313 1965 3454 2008 san·

1946 2044 2210 2123 guinem
2257 2045 2600 2126 separatim
2647 2045 2988 2118 exstitisse,
3039 2044 3161 2107 sub
3211 2045 3453 2107 nullius

1948 2139 2206 2205 illorum
2245 2143 2584 2225 speciebus
2623 2144 2838 2206 anima
2869 2143 3101 2206 Christi
3147 2143 3454 2206 exsisten-

1946 2251 2009 2305 te
2046 2243 2370 2323 (separata
2407 2260 2640 2323 nempe
2681 2249 2834 2304 tunc
2873 2241 3157 2315 fuerunt,
3197 2259 3453 2324 corpus,

1948 2341 2208 2421 sanguis
2237 2347 2302 2402 et
2331 2341 2575 2420 anima)
2598 2357 2612 2402 :
2637 2339 2870 2402 nullibi
2903 2347 3116 2402 tamen
3148 2339 3460 2402 defuisset

1948 2439 2270 2503 divinitas

2028 2539 2291 2612 Rursus,
2339 2556 2540 2620 quum
2587 2537 2874 2600 Christus
2918 2536 3057 2600 sine
3101 2537 3456 2618 quantitate

1950 2637 2209 2720 propria
2259 2634 2584 2718 perfectus
2639 2653 2714 2696 ae
2771 2635 3018 2716 integer
3075 2635 3268 2697 homo
3325 2651 3455 2697 non

1950 2736 2053 2808 sit,
2115 2752 2376 2796 necesse
2449 2741 2546 2795 est
2611 2740 2677 2794 et
2741 2732 3176 2795 dimensiones
3250 2733 3456 2814 ipsius

1949 2842 2077 2896 tam
2118 2832 2240 2894 sub
2285 2829 2623 2913 speciebus
2666 2830 2850 2912 panis
2890 2848 3084 2912 quam
3129 2831 3262 2894 vini
3309 2848 3456 2893 con-

1950 2932 2160 2994 tineri.
2209 2931 2278 2993 In
2323 2930 2444 2992 hoc
2491 2935 2705 2992 tamen
2751 2936 2848 2992 est
2890 2929 3180 2992 diversus
3225 2928 3452 2992 modus

324 3027 751 3109 quantitatem
782 3025 1061 3100 virtutis,
1096 3024 1452 3108 spiritualis
1481 3024 1837 3087 substantia
1868 3027 1911 3090 C
1949 3049 1986 3092 a
2016 3029 2246 3092 ceteris
2285 3027 2678 3110 corporibus.
2714 3028 2933 3090 Cetera
2971 3028 3143 3090 enim
3189 3044 3454 3110 corpora

324 3125 795 3188 determinatur
820 3124 899 3186 ad
930 3123 1163 3187 locum.
1188 3123 1345 3186 Nam
1376 3123 1485 3185 ubi
1519 3132 1835 3207 operatur,

324 3224 463 3286 illie
496 3231 595 3286 est
628 3241 643 3285 :
676 3231 740 3286 et
772 3222 913 3286 ideo
952 3221 1287 3286 definitive
1328 3222 1565 3285 dicitur
1593 3241 1732 3284 esse
1774 3223 1838 3284 in

326 3323 489 3385 loco.
519 3322 765 3405 Corpus
801 3329 1017 3384 autem
1050 3321 1283 3386 Christi
1316 3321 1381 3384 in
1412 3321 1535 3383 hoe
1566 3320 1704 3384 loco
1733 3321 1837 3384 de-

325 3421 589 3484 finitive
620 3438 747 3483 non
778 3428 875 3483 est
901 3421 1060 3501 (non
1091 3420 1265 3484 enim
1294 3427 1391 3482 est
1430 3419 1523 3482 sic
1567 3418 1688 3481 sub
1719 3418 1837 3481 hae

326 3520 563 3592 hostia,
598 3525 669 3580 ut
698 3517 893 3582 simul
932 3517 1051 3580 sub
1082 3517 1207 3579 alia
1240 3535 1367 3580 non
1399 3517 1546 3596 sit);
1580 3524 1646 3578 et
1674 3517 1838 3578 mul-

326 3625 393 3681 to
436 3617 699 3690 clarius,
744 3616 915 3698 quod
965 3617 1175 3697 neque
1220 3615 1791 3696 circumscriptive.

408 3716 720 3778 Praeterea
764 3713 1329 3796 contemplandum
1377 3721 1495 3788 est,
1546 3713 1667 3776 sub
1716 3714 1837 3776 hoc

326 3821 735 3878 sacramento
770 3813 991 3876 adesse
1030 3831 1109 3874 ex
1147 3811 1210 3875 vi
1250 3812 1687 3875 conversionis
1724 3812 1836 3874 ali·

326 3912 513 3994 quid,
560 3918 671 3973 aut
717 3929 796 3973 ex
859 3909 1133 3973 naturali
1198 3910 1707 3972 concomitantia.
1768 3909 1835 3972 Id

327 4011 509 4074 enim
568 4017 667 4072 est
724 4007 845 4072 sub
893 4025 971 4070 eo
1018 4026 1095 4071 ex
1142 4009 1206 4069 vi
1258 4007 1717 4082 conversioniS,
1770 4008 1837 4070 in

327 4109 505 4193 quod
554 4107 887 4170 conversio
934 4107 1173 4168 directe
1222 4106 1603 4168 terminatur
1654 4124 1667 4168 :
1714 4106 1835 4170 sub

1950 3134 2403 3210 comparantur
2463 3126 2543 3189 ad
2603 3127 2817 3189 locum
2875 3125 3307 3188 mediantibus
3365 3126 3456 3187 di·

1950 3225 2394 3289 mensionibus
2453 3223 2734 3307 propriis
2796 3242 2810 3286 :
2874 3223 3042 3285 unde
3111 3241 3320 3305 neque
3387 3223 3453 3285 in

1948 3323 2246 3407 pluribus
2286 3323 2444 3386 loeis
2491 3322 2684 3385 simul
2730 3341 2870 3384 esse
2914 3328 3185 3403 possunt
3227 3339 3452 3383 secun·

1948 3422 2101 3485 dum
2163 3423 2335 3485 hune
2395 3422 2700 3500 modum3
2761 3439 2970 3503 neque
3029 3419 3314 3501 perfecte
3379 3437 3454 3481 ac

1949 3521 2194 3602 integre
2225 3520 2541 3584 contineri
2571 3525 2814 3601 queunt
2844 3517 2965 3580 sub
2997 3517 3282 3601 qualibet
3313 3537 3453 3599 par-

1946 3626 2009 3680 te
2066 3619 2569 3691 dimensionum,
2623 3635 2736 3699 per
2790 3634 2950 3698 quas
3008 3613 3452 3678 habitudinem

1946 3716 2025 3779 ad
2058 3716 2272 3779 locum
2303 3715 2524 3779 sortita
2565 3722 2731 3776 sunt.
2767 3713 2888 3776 Sed
2929 3731 3160 3796 eorpus
3193 3712 3447 3788 Christi,

1945 3815 2302 3878 secundum
2363 3813 2788 3875 substantiam
2847 3830 3029 3873 suam
3085 3811 3165 3872 ad
3232 3810 3446 3872 locum

1948 3913 2011 3974 in
2058 3931 2188 3994 quo
2233 3910 2599 3982 conficitur,
2635 3908 2841 3991 prime
2889 3917 2952 3970 et
2994 3908 3234 3971 directe
3279 3926 3448 3970 com-

1943 4019 2224 4095 paratur,
2285 4007 2716 4072 mediantibus
2773 4006 3148 4068 extrinsecis
3205 4005 3448 4068 dimen-

1944 4109 2236 4172 sionibus
2283 4107 2405 4169 sub
2453 4105 2690 4189 quibus
2739 4105 3122 4167 continetur.
3171 4105 3448 4186 Propriae

326 4206 673 4292 speciebus
723 4204 972 4268 scilicet
1029 4205 1236 4288 panis,
1288 4205 1543 4287 corpu's,
1596 4214 1661 4268 et
1714 4205 1835 4268 sub
1864 4209 1915 4272 D
1948 4226 2097 4273 vero
2140 4207 2342 4291 ipsius
2384 4204 2838 4277 dimensiones,
2872 4221 2988 4287 per
3024 4202 3446 4266 substantiam

326 4304 675 4391 speciebus
735 4303 893 4378 vini,
956 4304 1215 4385 sanguis
1273 4303 1525 4368 Christi.
1580 4304 1700 4368 Sed
1758 4323 1834 4367 ex

325 4403 610 4468 naturali
670 4403 1189 4476 concomitantia,
1242 4411 1369 4465 tam
1426 4402 1547 4464 sub
1595 4404 1835 4486 specie·

326 4505 455 4568 bus
492 4503 675 4586 panis
704 4521 899 4585 quam
930 4502 1087 4576 vini,
1122 4510 1271 4564 sunt
1298 4521 1373 4564 ea
1410 4521 1551 4583 quae
1582 4503 1837 4566 realiter

326 4603 683 4683 conjuncta
741 4607 893 4664 sunt
950 4599 1045 4662 illi
1104 4601 1168 4663 in
1228 4600 1397 4683 quod
1455 4600 1835 4662 terminatur

327 4699 691 4763 conversio.
728 4699 905 4762 Unde
942 4717 1143 4779 quum
1174 4698 1461 4761 Christus
1500 4699 1691 4761 modo
1720 4718 1836 4781 per

329 4807 551 4881 partes
598 4799 879 4881 separari
926 4796 1203 4880 amplius
1251 4815 1377 4860 non
1437 4797 1661 4879 possit,
1712 4798 1833 4860 sub

328 4895 677 4980 speciebus
709 4895 891 4978 panis
922 4912 1000 4957 ex
1031 4894 1302 4957 naturali
1342 4896 1835 4958 concomitantia

328 5003 487 5058 sunt
535 4995 770 5066 anima,
822 4993 1123 5056 divinitas
1171 5000 1235 5055 et
1282 4994 1582 5074 sanguis3
1634 5014 1834 5076 quum

328 5103 551 5156 tamen
598 5092 807 5154 solum
856 5110 1089 5175 corpus
1132 5092 1215 5154 sit
1258 5112 1373 5175 per
1413 5111 1481 5156 se
1525 5094 1837 5156 terminus

330 5190 1067 5254 transsubstantiationis
1126 5191 1311 5272 panis
1360 5208 1375 5252 ε
1424 5192 1837 5272 quemadmo-

332 5291 496 5354 dum
540 5308 657 5374 per
700 5287 893 5352 verba
934 5289 1430 5353 consecrationis
1474 5290 1835 5367 innotescit,

590 5423 655 5476 T.
692 5425 771 5474 33.

1943 4306 2021 4368 ad
2066 4305 2282 4367 locum
2330 4300 2569 4364 babent
2616 4298 3082 4363 habitudinem.
3130 4299 3289 4363 Hine
3335 4299 3450 4382 igi·

1946 4413 2049 4466 tur
2098 4402 2219 4466 sub
2271 4399 2567 4484 pluribus
2615 4398 2954 4483 speciebus
3003 4398 3142 4462 loco
3197 4405 3262 4462 et
3318 4399 3448 4462 situ

1944 4501 2356 4576 distantibus,
2389 4501 2559 4564 idem
2605 4517 2838 4581 corpus
2883 4498 3117 4561 Christi
3160 4498 3445 4560 contine-

1945 4611 2069 4676 tur,
2121 4609 2184 4663 et
2243 4599 2364 4662 sub
2423 4598 2710 4682 qualibet
2768 4606 2947 4680 parte
3005 4597 3227 4660 hostiae
3285 4597 3444 4660 inte-

1942 4719 2129 4782 grum
2169 4707 2360 4781 atque
2399 4697 2754 4780 perfectum
2795 4697 3044 4759 exsistit
3077 4713 3090 4758 :
3127 4705 3262 4758 tum
3293 4697 3444 4779 quia

1945 4800 2127 4882 panis
2175 4798 2552 4871 substantia,
2599 4815 2800 4878 quum
2847 4795 3202 4858 secundum
3244 4815 3312 4857 se
3361 4796 3446 4858 sit

1944 4896 2380 4970 indivisibilis,
2405 4895 2526 4958 sub
2556 4913 2936 4977 unaquaque
2965 4894 3440 4957 dimensionum

1943 5015 2204 5059 suarum
2238 5003 2412 5078 parte
2443 4994 2924 5073 continebatur3
2957 5001 3094 5055 tum
3124 4993 3275 5077 quia
3305 5011 3440 5056 cor-

1947 5117 2067 5180 pus
2126 5095 2383 5169 Christi,
2435 5095 2790 5156 secundum
2848 5093 3268 5156 substantiam
3321 5094 3440 5157 im-

1947 5194 2221 5258 mediate
2287 5192 2668 5270 (secundum
2738 5210 2932 5273 quam
3003 5191 3438 5254 extensionem

1948 5313 2077 5357 non
2106 5292 2327 5374 habet)
2354 5292 2430 5354 ad
2463 5291 2674 5354 locum
2707 5292 2878 5353 hune
2907 5297 3330 5375 comparatur.

3131 5426 3187 5476 31
