<?xml version="1.0" encoding="UTF-8"?>
<!DOCTYPE html PUBLIC "-//W3C//DTD XHTML 1.0 Transitional//EN"
    "http://www.w3.org/TR/xhtml1/DTD/xhtml1-transitional.dtd">
<html xmlns="http://www.w3.org/1999/xhtml" xml:lang="en" lang="en">
 <head>
  <title>
</title>
<meta http-equiv="Content-Type" content="text/html;charset=utf-8" />
  <meta name='ocr-system' content='tesseract 3.04.00' />
  <meta name='ocr-capabilities' content='ocr_page ocr_carea ocr_par ocr_line ocrx_word'/>
</head>
<body>
  <div class='ocr_page' id='page_1' title='image "./doctorisecstati05unkngoog_0285.png"; bbox 0 0 4300 6259; ppageno 0'>
   <div class='ocr_carea' id='block_1_1' title="bbox 887 516 2810 576">
    <p class='ocr_par' dir='ltr' id='par_1_1' title="bbox 887 516 2810 576">
     <span class='ocr_line' id='line_1_1' title="bbox 887 516 2810 576; baseline 0.001 -12"><span class='ocrx_word' id='word_1_1' title='bbox 887 517 966 564; x_wconf 68' lang='lat' dir='ltr'>Du</span> <span class='ocrx_word' id='word_1_2' title='bbox 1007 517 1234 564; x_wconf 58' lang='lat' dir='ltr'>nummi·</span> <span class='ocrx_word' id='word_1_3' title='bbox 1277 516 1660 564; x_wconf 69' lang='lat' dir='ltr'>cnnls‘rmNAE</span> <span class='ocrx_word' id='word_1_4' title='bbox 1702 517 2004 576; x_wconf 73' lang='lat' dir='ltr'>TREORIAE,</span> <span class='ocrx_word' id='word_1_5' title='bbox 2051 517 2227 566; x_wconf 78' lang='lat' dir='ltr'>LIBER</span> <span class='ocrx_word' id='word_1_6' title='bbox 2268 519 2308 566; x_wconf 88' lang='lat'>1.</span> <span class='ocrx_word' id='word_1_7' title='bbox 2354 537 2435 548; x_wconf 91' lang='grc'>--</span> <span class='ocrx_word' id='word_1_8' title='bbox 2475 518 2613 565; x_wconf 75' lang='lat' dir='ltr'>Am.</span> <span class='ocrx_word' id='word_1_9' title='bbox 2662 520 2810 566; x_wconf 71' lang='lat'>1111</span> 
     </span>
    </p>
   </div>
   <div class='ocr_carea' id='block_1_2' title="bbox 312 685 1873 770">
    <p class='ocr_par' dir='ltr' id='par_1_2' title="bbox 312 685 1873 770">
     <span class='ocr_line' id='line_1_2' title="bbox 312 685 1873 770; baseline 0.001 -21"><span class='ocrx_word' id='word_1_10' title='bbox 312 686 624 770; x_wconf 88' lang='lat' dir='ltr'>ponebant</span> <span class='ocrx_word' id='word_1_11' title='bbox 669 685 814 749; x_wconf 85' lang='lat' dir='ltr'>fieri</span> <span class='ocrx_word' id='word_1_12' title='bbox 865 687 1349 767; x_wconf 80' lang='lat' dir='ltr'>intelligentem.</span> <span class='ocrx_word' id='word_1_13' title='bbox 1407 688 1682 770; x_wconf 84' lang='lat' dir='ltr'>Ideoque</span> <span class='ocrx_word' id='word_1_14' title='bbox 1731 695 1794 750; x_wconf 88' lang='lat' dir='ltr'>et</span> <span class='ocrx_word' id='word_1_15' title='bbox 1821 687 1873 751; x_wconf 88' lang='lat' dir='ltr'><strong>A</strong></span> 
     </span>
    </p>
   </div>
   <div class='ocr_carea' id='block_1_3' title="bbox 302 785 1796 1248">
    <p class='ocr_par' dir='ltr' id='par_1_3' title="bbox 302 785 1796 1248">
     <span class='ocr_line' id='line_1_3' title="bbox 311 785 1796 848; baseline 0.001 -1"><span class='ocrx_word' id='word_1_16' title='bbox 311 792 530 848; x_wconf 66' lang='lat' dir='ltr'>nostrae</span> <span class='ocrx_word' id='word_1_17' title='bbox 562 785 759 846; x_wconf 89' lang='lat' dir='ltr'>menti</span> <span class='ocrx_word' id='word_1_18' title='bbox 791 785 1120 848; x_wconf 89' lang='lat' dir='ltr'>scientiam</span> <span class='ocrx_word' id='word_1_19' title='bbox 1151 785 1452 848; x_wconf 86' lang='lat' dir='ltr'>volebant</span> <span class='ocrx_word' id='word_1_20' title='bbox 1479 804 1619 848; x_wconf 90' lang='lat' dir='ltr'>esse</span> <span class='ocrx_word' id='word_1_21' title='bbox 1649 803 1796 848; x_wconf 89' lang='lat' dir='ltr'>con·</span> 
     </span>
     <span class='ocr_line' id='line_1_4' title="bbox 311 883 1795 966; baseline -0.001 -20"><span class='ocrx_word' id='word_1_22' title='bbox 311 889 597 954; x_wconf 88' lang='lat' dir='ltr'>creatam,</span> <span class='ocrx_word' id='word_1_23' title='bbox 637 883 705 944; x_wconf 91' lang='lat' dir='ltr'>in</span> <span class='ocrx_word' id='word_1_24' title='bbox 743 901 821 946; x_wconf 90' lang='lat' dir='ltr'>eo</span> <span class='ocrx_word' id='word_1_25' title='bbox 868 883 1040 966; x_wconf 92' lang='lat' dir='ltr'>quod</span> <span class='ocrx_word' id='word_1_26' title='bbox 1091 883 1155 947; x_wconf 88' lang='lat' dir='ltr'>in</span> <span class='ocrx_word' id='word_1_27' title='bbox 1209 883 1414 966; x_wconf 81' lang='lat' dir='ltr'><strong>ipsam</strong></span> <span class='ocrx_word' id='word_1_28' title='bbox 1457 904 1493 945; x_wconf 91' lang='lat' dir='ltr'>a</span> <span class='ocrx_word' id='word_1_29' title='bbox 1533 884 1632 946; x_wconf 91' lang='lat' dir='ltr'>sui</span> <span class='ocrx_word' id='word_1_30' title='bbox 1673 883 1795 946; x_wconf 90' lang='lat' dir='ltr'>ori-</span> 
     </span>
     <span class='ocr_line' id='line_1_5' title="bbox 309 981 1794 1064; baseline 0.001 -21"><span class='ocrx_word' id='word_1_31' title='bbox 309 982 448 1064; x_wconf 88' lang='lat' dir='ltr'>gine</span> <span class='ocrx_word' id='word_1_32' title='bbox 477 982 800 1064; x_wconf 82' lang='lat' dir='ltr'>profluant</span> <span class='ocrx_word' id='word_1_33' title='bbox 837 982 916 1044; x_wconf 92' lang='lat' dir='ltr'>ab</span> <span class='ocrx_word' id='word_1_34' title='bbox 957 983 1118 1046; x_wconf 89' lang='lat' dir='ltr'>ideis</span> <span class='ocrx_word' id='word_1_35' title='bbox 1163 982 1628 1046; x_wconf 80' lang='lat' dir='ltr'>intellectuales</span> <span class='ocrx_word' id='word_1_36' title='bbox 1671 981 1794 1045; x_wconf 89' lang='lat' dir='ltr'>for-</span> 
     </span>
     <span class='ocr_line' id='line_1_6' title="bbox 315 1081 1796 1164; baseline 0.001 -22"><span class='ocrx_word' id='word_1_37' title='bbox 315 1099 444 1152; x_wconf 81' lang='lat' dir='ltr'>mae,</span> <span class='ocrx_word' id='word_1_38' title='bbox 475 1081 828 1143; x_wconf 87' lang='lat' dir='ltr'>secundum</span> <span class='ocrx_word' id='word_1_39' title='bbox 897 1081 1092 1164; x_wconf 79' lang='lat' dir='ltr'>ipsoS‚</span> <span class='ocrx_word' id='word_1_40' title='bbox 1153 1081 1322 1143; x_wconf 90' lang='lat' dir='ltr'>sicut</span> <span class='ocrx_word' id='word_1_41' title='bbox 1389 1081 1458 1142; x_wconf 92' lang='lat' dir='ltr'>in</span> <span class='ocrx_word' id='word_1_42' title='bbox 1531 1081 1796 1144; x_wconf 80' lang='lat' dir='ltr'>Menone</span> 
     </span>
     <span class='ocr_line' id='line_1_7' title="bbox 302 1177 616 1248; baseline 0.003 -9"><span class='ocrx_word' id='word_1_43' title='bbox 302 1179 392 1248; x_wconf 73' lang='lat' dir='ltr'>,ait</span> <span class='ocrx_word' id='word_1_44' title='bbox 430 1177 616 1240; x_wconf 90' lang='lat' dir='ltr'>Plat0.</span> 
     </span>
    </p>
   </div>
   <div class='ocr_carea' id='block_1_4' title="bbox 385 1253 1856 1340">
    <p class='ocr_par' dir='ltr' id='par_1_4' title="bbox 385 1253 1856 1340">
     <span class='ocr_line' id='line_1_8' title="bbox 385 1253 1856 1340; baseline 0 -2"><span class='ocrx_word' id='word_1_45' title='bbox 385 1277 566 1338; x_wconf 90' lang='lat' dir='ltr'>Porro</span> <span class='ocrx_word' id='word_1_46' title='bbox 593 1275 906 1340; x_wconf 87' lang='lat' dir='ltr'>coelorum</span> <span class='ocrx_word' id='word_1_47' title='bbox 952 1284 1160 1340; x_wconf 91' lang='lat' dir='ltr'>motus</span> <span class='ocrx_word' id='word_1_48' title='bbox 1197 1285 1262 1340; x_wconf 91' lang='lat' dir='ltr'>et</span> <span class='ocrx_word' id='word_1_49' title='bbox 1301 1283 1578 1340; x_wconf 80' lang='lat' dir='ltr'>motor-es</span> <span class='ocrx_word' id='word_1_50' title='bbox 1622 1277 1794 1339; x_wconf 89' lang='lat' dir='ltr'>aliud</span> <span class='ocrx_word' id='word_1_51' title='bbox 1847 1253 1856 1258; x_wconf 34' lang='lat'><strong>³</strong></span> 
     </span>
    </p>
   </div>
   <div class='ocr_carea' id='block_1_5' title="bbox 312 1374 1794 1842">
    <p class='ocr_par' dir='ltr' id='par_1_5' title="bbox 312 1374 1794 1842">
     <span class='ocr_line' id='line_1_9' title="bbox 312 1374 1794 1456; baseline 0.001 -20"><span class='ocrx_word' id='word_1_52' title='bbox 312 1391 484 1454; x_wconf 81' lang='lat' dir='ltr'>agere</span> <span class='ocrx_word' id='word_1_53' title='bbox 513 1391 641 1436; x_wconf 87' lang='lat' dir='ltr'>non</span> <span class='ocrx_word' id='word_1_54' title='bbox 671 1374 993 1449; x_wconf 87' lang='lat' dir='ltr'>dicebant,</span> <span class='ocrx_word' id='word_1_55' title='bbox 1025 1375 1150 1438; x_wconf 86' lang='lat' dir='ltr'>nisi</span> <span class='ocrx_word' id='word_1_56' title='bbox 1182 1375 1376 1456; x_wconf 90' lang='lat' dir='ltr'>hujus</span> <span class='ocrx_word' id='word_1_57' title='bbox 1407 1375 1634 1437; x_wconf 90' lang='lat' dir='ltr'>mundi</span> <span class='ocrx_word' id='word_1_58' title='bbox 1667 1394 1794 1437; x_wconf 92' lang='lat' dir='ltr'>ma-</span> 
     </span>
     <span class='ocr_line' id='line_1_10' title="bbox 313 1472 1794 1554; baseline 0.001 -21"><span class='ocrx_word' id='word_1_59' title='bbox 313 1472 522 1534; x_wconf 80' lang='lat' dir='ltr'>teriam</span> <span class='ocrx_word' id='word_1_60' title='bbox 571 1490 928 1554; x_wconf 83' lang='lat' dir='ltr'>praeparare</span> <span class='ocrx_word' id='word_1_61' title='bbox 971 1472 1048 1535; x_wconf 88' lang='lat' dir='ltr'>ad</span> <span class='ocrx_word' id='word_1_62' title='bbox 1093 1472 1396 1536; x_wconf 87' lang='lat' dir='ltr'>idealium</span> <span class='ocrx_word' id='word_1_63' title='bbox 1440 1473 1794 1536; x_wconf 87' lang='lat' dir='ltr'>formarum</span> 
     </span>
     <span class='ocr_line' id='line_1_11' title="bbox 315 1568 1794 1652; baseline 0.001 -22"><span class='ocrx_word' id='word_1_64' title='bbox 315 1568 652 1630; x_wconf 81' lang='lat' dir='ltr'>naturalem</span> <span class='ocrx_word' id='word_1_65' title='bbox 683 1569 1240 1652; x_wconf 82' lang='lat' dir='ltr'>participationem</span> <span class='ocrx_word' id='word_1_66' title='bbox 1288 1588 1302 1633; x_wconf 89' lang='lat'>:</span> <span class='ocrx_word' id='word_1_67' title='bbox 1343 1569 1581 1633; x_wconf 85' lang='lat' dir='ltr'>formas</span> <span class='ocrx_word' id='word_1_68' title='bbox 1619 1569 1794 1634; x_wconf 88' lang='lat' dir='ltr'>enim</span> 
     </span>
     <span class='ocr_line' id='line_1_12' title="bbox 315 1667 1792 1750; baseline 0.001 -21"><span class='ocrx_word' id='word_1_69' title='bbox 315 1675 544 1748; x_wconf 88' lang='lat' dir='ltr'>ponunt</span> <span class='ocrx_word' id='word_1_70' title='bbox 590 1685 732 1730; x_wconf 79' lang='lat' dir='ltr'>esse</span> <span class='ocrx_word' id='word_1_71' title='bbox 779 1668 1044 1730; x_wconf 90' lang='lat' dir='ltr'>omnino</span> <span class='ocrx_word' id='word_1_72' title='bbox 1091 1667 1172 1730; x_wconf 87' lang='lat' dir='ltr'>ab</span> <span class='ocrx_word' id='word_1_73' title='bbox 1229 1676 1425 1731; x_wconf 85' lang='lat' dir='ltr'>extra.</span> <span class='ocrx_word' id='word_1_74' title='bbox 1482 1668 1792 1750; x_wconf 88' lang='lat' dir='ltr'>Equidem</span> 
     </span>
     <span class='ocr_line' id='line_1_13' title="bbox 315 1765 1791 1842; baseline 0.003 -18"><span class='ocrx_word' id='word_1_75' title='bbox 315 1765 744 1827; x_wconf 80' lang='lat' dir='ltr'>universorum</span> <span class='ocrx_word' id='word_1_76' title='bbox 774 1765 1068 1828; x_wconf 87' lang='lat' dir='ltr'>ordinem</span> <span class='ocrx_word' id='word_1_77' title='bbox 1099 1766 1176 1828; x_wconf 92' lang='lat' dir='ltr'>ad</span> <span class='ocrx_word' id='word_1_78' title='bbox 1209 1767 1360 1830; x_wconf 88' lang='lat' dir='ltr'>deos</span> <span class='ocrx_word' id='word_1_79' title='bbox 1391 1765 1791 1842; x_wconf 88' lang='lat' dir='ltr'>referebant;</span> 
     </span>
    </p>
   </div>
   <div class='ocr_carea' id='block_1_6' title="bbox 3276 500 3395 566">
    <p class='ocr_par' dir='ltr' id='par_1_6' title="bbox 3276 500 3395 566">
     <span class='ocr_line' id='line_1_14' title="bbox 3276 500 3395 566; baseline -0.017 0"><span class='ocrx_word' id='word_1_80' title='bbox 3276 500 3395 566; x_wconf 80' lang='lat'>267</span> 
     </span>
    </p>
   </div>
   <div class='ocr_carea' id='block_1_7' title="bbox 2256 737 3046 803">
    <p class='ocr_par' dir='ltr' id='par_1_7' title="bbox 2256 737 3046 803">
     <span class='ocr_line' id='line_1_15' title="bbox 2256 737 3046 803; baseline -0.001 -1"><span class='ocrx_word' id='word_1_81' title='bbox 2256 737 2745 803; x_wconf 88' lang='lat' dir='ltr'><strong>ARTICULUS</strong></span> <span class='ocrx_word' id='word_1_82' title='bbox 2790 737 3046 801; x_wconf 88' lang='lat' dir='ltr'>XXIX.</span> 
     </span>
    </p>
   </div>
   <div class='ocr_carea' id='block_1_8' title="bbox 1903 897 3409 1136">
    <p class='ocr_par' dir='ltr' id='par_1_8' title="bbox 1903 897 3409 1136">
     <span class='ocr_line' id='line_1_16' title="bbox 1903 897 3409 973; baseline -0.001 -17"><span class='ocrx_word' id='word_1_83' title='bbox 1903 897 1990 956; x_wconf 77' lang='lat' dir='ltr'>Et</span> <span class='ocrx_word' id='word_1_84' title='bbox 2028 904 2118 956; x_wconf 74' lang='lat' dir='ltr'>cst</span> <span class='ocrx_word' id='word_1_85' title='bbox 2158 897 2459 956; x_wconf 82' lang='lat' dir='ltr'>deductio</span> <span class='ocrx_word' id='word_1_86' title='bbox 2498 899 2835 956; x_wconf 81' lang='lat' dir='ltr'>ostendens</span> <span class='ocrx_word' id='word_1_87' title='bbox 2872 897 3242 973; x_wconf 75' lang='lat' dir='ltr'>proehabita</span> <span class='ocrx_word' id='word_1_88' title='bbox 3278 915 3409 956; x_wconf 76' lang='lat' dir='ltr'>esse</span> 
     </span>
     <span class='ocr_line' id='line_1_17' title="bbox 1982 985 3407 1056; baseline 0.001 -14"><span class='ocrx_word' id='word_1_89' title='bbox 1982 987 2062 1042; x_wconf 84' lang='lat' dir='ltr'>de</span> <span class='ocrx_word' id='word_1_90' title='bbox 2092 993 2304 1043; x_wconf 81' lang='lat' dir='ltr'>mente</span> <span class='ocrx_word' id='word_1_91' title='bbox 2331 987 2658 1056; x_wconf 50' lang='lat' dir='ltr'>Platoni&amp;</span> <span class='ocrx_word' id='word_1_92' title='bbox 2686 1005 2771 1045; x_wconf 78' lang='lat' dir='ltr'>eoe</span> <span class='ocrx_word' id='word_1_93' title='bbox 2802 986 3015 1045; x_wconf 80' lang='lat' dir='ltr'>verbis</span> <span class='ocrx_word' id='word_1_94' title='bbox 3058 994 3119 1044; x_wconf 79' lang='lat' dir='ltr'>ec</span> <span class='ocrx_word' id='word_1_95' title='bbox 3164 985 3407 1044; x_wconf 74' lang='lat' dir='ltr'>theore-</span> 
     </span>
     <span class='ocr_line' id='line_1_18' title="bbox 1984 1074 2555 1136; baseline 0.007 -6"><span class='ocrx_word' id='word_1_96' title='bbox 1984 1074 2271 1132; x_wconf 77' lang='lat' dir='ltr'>matibus</span> <span class='ocrx_word' id='word_1_97' title='bbox 2306 1075 2555 1136; x_wconf 81' lang='lat' dir='ltr'>Procli.</span> 
     </span>
    </p>
   </div>
   <div class='ocr_carea' id='block_1_9' title="bbox 1903 1278 3407 1850">
    <p class='ocr_par' dir='ltr' id='par_1_9' title="bbox 1903 1278 3407 1850">
     <span class='ocr_line' id='line_1_19' title="bbox 2049 1278 3407 1361; baseline 0.001 -21"><span class='ocrx_word' id='word_1_98' title='bbox 2049 1278 2203 1341; x_wconf 89' lang='lat' dir='ltr'>UOD</span> <span class='ocrx_word' id='word_1_99' title='bbox 2278 1279 2557 1361; x_wconf 90' lang='lat' dir='ltr'>denique</span> <span class='ocrx_word' id='word_1_100' title='bbox 2635 1279 3086 1343; x_wconf 88' lang='lat' dir='ltr'>universorum</span> <span class='ocrx_word' id='word_1_101' title='bbox 3168 1279 3407 1343; x_wconf 84' lang='lat' dir='ltr'>fontale</span> 
     </span>
     <span class='ocr_line' id='line_1_20' title="bbox 2077 1376 3406 1459; baseline 0.002 -21"><span class='ocrx_word' id='word_1_102' title='bbox 2077 1376 2472 1459; x_wconf 89' lang='lat' dir='ltr'>principium</span> <span class='ocrx_word' id='word_1_103' title='bbox 2506 1377 2588 1438; x_wconf 88' lang='lat' dir='ltr'>sit</span> <span class='ocrx_word' id='word_1_104' title='bbox 2618 1396 2733 1459; x_wconf 90' lang='lat' dir='ltr'>per</span> <span class='ocrx_word' id='word_1_105' title='bbox 2763 1395 2831 1440; x_wconf 89' lang='lat' dir='ltr'>se</span> <span class='ocrx_word' id='word_1_106' title='bbox 2862 1377 3127 1452; x_wconf 86' lang='lat' dir='ltr'>bonum,</span> <span class='ocrx_word' id='word_1_107' title='bbox 3160 1378 3406 1441; x_wconf 79' lang='lat' dir='ltr'>inducit</span> 
     </span>
     <span class='ocr_line' id='line_1_21' title="bbox 1903 1474 3401 1551; baseline 0.001 -14"><span class='ocrx_word' id='word_1_108' title='bbox 1903 1474 2162 1537; x_wconf 84' lang='lat' dir='ltr'>Procius</span> <span class='ocrx_word' id='word_1_109' title='bbox 2190 1475 2573 1539; x_wconf 89' lang='lat' dir='ltr'>duodecimo</span> <span class='ocrx_word' id='word_1_110' title='bbox 2612 1476 3029 1551; x_wconf 84' lang='lat' dir='ltr'>theoremate,</span> <span class='ocrx_word' id='word_1_111' title='bbox 3063 1477 3217 1538; x_wconf 90' lang='lat' dir='ltr'>dum</span> <span class='ocrx_word' id='word_1_112' title='bbox 3256 1476 3346 1538; x_wconf 90' lang='lat' dir='ltr'>ait</span> <span class='ocrx_word' id='word_1_113' title='bbox 3386 1493 3401 1538; x_wconf 74' lang='grc' dir='ltr'><strong>ε</strong></span> 
     </span>
     <span class='ocr_line' id='line_1_22' title="bbox 1903 1571 3406 1657; baseline 0.001 -22"><span class='ocrx_word' id='word_1_114' title='bbox 1903 1571 2205 1635; x_wconf 87' lang='lat' dir='ltr'>Omnium</span> <span class='ocrx_word' id='word_1_115' title='bbox 2236 1573 2483 1636; x_wconf 90' lang='lat' dir='ltr'>entium</span> <span class='ocrx_word' id='word_1_116' title='bbox 2516 1573 2907 1657; x_wconf 90' lang='lat' dir='ltr'>principium</span> <span class='ocrx_word' id='word_1_117' title='bbox 2950 1582 3016 1636; x_wconf 89' lang='lat' dir='ltr'>et</span> <span class='ocrx_word' id='word_1_118' title='bbox 3052 1593 3241 1636; x_wconf 87' lang='lat' dir='ltr'>causa</span> <span class='ocrx_word' id='word_1_119' title='bbox 3282 1574 3406 1656; x_wconf 92' lang='lat' dir='ltr'>pri-</span> 
     </span>
     <span class='ocr_line' id='line_1_23' title="bbox 1907 1669 3404 1745; baseline 0.001 -14"><span class='ocrx_word' id='word_1_120' title='bbox 1907 1689 2010 1732; x_wconf 89' lang='lat' dir='ltr'>ma</span> <span class='ocrx_word' id='word_1_121' title='bbox 2039 1669 2279 1733; x_wconf 91' lang='lat' dir='ltr'>bonum</span> <span class='ocrx_word' id='word_1_122' title='bbox 2315 1680 2430 1735; x_wconf 90' lang='lat' dir='ltr'>est.</span> <span class='ocrx_word' id='word_1_123' title='bbox 2466 1671 2643 1745; x_wconf 87' lang='lat' dir='ltr'>Quod</span> <span class='ocrx_word' id='word_1_124' title='bbox 2678 1679 2893 1735; x_wconf 90' lang='lat' dir='ltr'>autem</span> <span class='ocrx_word' id='word_1_125' title='bbox 2924 1673 3140 1735; x_wconf 89' lang='lat' dir='ltr'>omnia</span> <span class='ocrx_word' id='word_1_126' title='bbox 3169 1671 3298 1734; x_wconf 90' lang='lat' dir='ltr'>sint</span> <span class='ocrx_word' id='word_1_127' title='bbox 3324 1671 3404 1734; x_wconf 91' lang='lat' dir='ltr'>ab</span> 
     </span>
     <span class='ocr_line' id='line_1_24' title="bbox 1907 1769 3405 1850; baseline 0.003 -22"><span class='ocrx_word' id='word_1_128' title='bbox 1907 1787 2030 1830; x_wconf 87' lang='lat' dir='ltr'>una</span> <span class='ocrx_word' id='word_1_129' title='bbox 2078 1769 2283 1850; x_wconf 87' lang='lat' dir='ltr'>prima</span> <span class='ocrx_word' id='word_1_130' title='bbox 2328 1787 2539 1842; x_wconf 89' lang='lat' dir='ltr'>causa,</span> <span class='ocrx_word' id='word_1_131' title='bbox 2582 1770 2861 1833; x_wconf 89' lang='lat' dir='ltr'>ostendit</span> <span class='ocrx_word' id='word_1_132' title='bbox 2902 1770 3160 1833; x_wconf 91' lang='lat' dir='ltr'>Proclus</span> <span class='ocrx_word' id='word_1_133' title='bbox 3204 1769 3405 1833; x_wconf 86' lang='lat' dir='ltr'>unde-</span> 
     </span>
    </p>
   </div>
   <div class='ocr_carea' id='block_1_10' title="bbox 311 1862 3406 1941">
    <p class='ocr_par' dir='ltr' id='par_1_10' title="bbox 311 1862 3406 1941">
     <span class='ocr_line' id='line_1_25' title="bbox 311 1862 3406 1941; baseline 0.003 -19"><span class='ocrx_word' id='word_1_134' title='bbox 311 1863 410 1924; x_wconf 85' lang='lat' dir='ltr'>sed</span> <span class='ocrx_word' id='word_1_135' title='bbox 439 1869 498 1924; x_wconf 88' lang='lat' dir='ltr'>et</span> <span class='ocrx_word' id='word_1_136' title='bbox 525 1862 794 1924; x_wconf 89' lang='lat' dir='ltr'>deorum</span> <span class='ocrx_word' id='word_1_137' title='bbox 824 1863 1114 1926; x_wconf 87' lang='lat' dir='ltr'>ordinem</span> <span class='ocrx_word' id='word_1_138' title='bbox 1144 1864 1222 1926; x_wconf 88' lang='lat' dir='ltr'>ad</span> <span class='ocrx_word' id='word_1_139' title='bbox 1253 1882 1570 1926; x_wconf 92' lang='lat' dir='ltr'>summum</span> <span class='ocrx_word' id='word_1_140' title='bbox 1595 1865 1792 1926; x_wconf 91' lang='lat' dir='ltr'>Deum</span> <span class='ocrx_word' id='word_1_141' title='bbox 1826 1867 1872 1928; x_wconf 88' lang='lat' dir='ltr'>B</span> <span class='ocrx_word' id='word_1_142' title='bbox 1907 1866 2076 1928; x_wconf 91' lang='lat' dir='ltr'>cimo</span> <span class='ocrx_word' id='word_1_143' title='bbox 2117 1867 2530 1941; x_wconf 88' lang='lat' dir='ltr'>theoremate,</span> <span class='ocrx_word' id='word_1_144' title='bbox 2572 1868 2727 1930; x_wconf 90' lang='lat' dir='ltr'>dum</span> <span class='ocrx_word' id='word_1_145' title='bbox 2769 1868 2858 1930; x_wconf 87' lang='lat' dir='ltr'>ait</span> <span class='ocrx_word' id='word_1_146' title='bbox 2905 1885 2919 1930; x_wconf 90' lang='lat'><strong>:</strong></span> <span class='ocrx_word' id='word_1_147' title='bbox 2966 1867 3192 1931; x_wconf 92' lang='lat' dir='ltr'>Omnia</span> <span class='ocrx_word' id='word_1_148' title='bbox 3234 1868 3406 1930; x_wconf 89' lang='lat' dir='ltr'>entia</span> 
     </span>
    </p>
   </div>
   <div class='ocr_carea' id='block_1_11' title="bbox 313 1959 1798 3019">
    <p class='ocr_par' dir='ltr' id='par_1_11' title="bbox 313 1959 1798 3019">
     <span class='ocr_line' id='line_1_26' title="bbox 314 1959 1792 2043; baseline 0.001 -22"><span class='ocrx_word' id='word_1_149' title='bbox 314 1976 410 2021; x_wconf 88' lang='lat' dir='ltr'>eos</span> <span class='ocrx_word' id='word_1_150' title='bbox 438 1959 674 2024; x_wconf 88' lang='lat' dir='ltr'>referre</span> <span class='ocrx_word' id='word_1_151' title='bbox 703 1962 986 2043; x_wconf 90' lang='lat' dir='ltr'>oportuit</span> <span class='ocrx_word' id='word_1_152' title='bbox 1026 1961 1222 2043; x_wconf 81' lang='lat' dir='ltr'>:ipse</span> <span class='ocrx_word' id='word_1_153' title='bbox 1261 1962 1434 2025; x_wconf 90' lang='lat' dir='ltr'>enim</span> <span class='ocrx_word' id='word_1_154' title='bbox 1477 1961 1792 2025; x_wconf 85' lang='lat' dir='ltr'>bonitates</span> 
     </span>
     <span class='ocr_line' id='line_1_27' title="bbox 313 2059 1796 2142; baseline 0.001 -22"><span class='ocrx_word' id='word_1_155' title='bbox 313 2067 368 2120; x_wconf 88' lang='lat' dir='ltr'>et</span> <span class='ocrx_word' id='word_1_156' title='bbox 395 2059 551 2120; x_wconf 91' lang='lat' dir='ltr'>dona</span> <span class='ocrx_word' id='word_1_157' title='bbox 587 2059 1022 2121; x_wconf 89' lang='lat' dir='ltr'>secundorum</span> <span class='ocrx_word' id='word_1_158' title='bbox 1067 2059 1422 2141; x_wconf 87' lang='lat' dir='ltr'>distinguit.</span> <span class='ocrx_word' id='word_1_159' title='bbox 1461 2061 1535 2122; x_wconf 90' lang='lat' dir='ltr'>Et</span> <span class='ocrx_word' id='word_1_160' title='bbox 1574 2079 1796 2142; x_wconf 87' lang='lat' dir='ltr'>quam-</span> 
     </span>
     <span class='ocr_line' id='line_1_28' title="bbox 313 2154 1791 2221; baseline 0.004 -7"><span class='ocrx_word' id='word_1_161' title='bbox 313 2154 400 2215; x_wconf 81' lang='lat' dir='ltr'>vis</span> <span class='ocrx_word' id='word_1_162' title='bbox 461 2155 618 2218; x_wconf 81' lang='lat' dir='ltr'>ideae</span> <span class='ocrx_word' id='word_1_163' title='bbox 685 2175 950 2220; x_wconf 89' lang='lat' dir='ltr'>suorum</span> <span class='ocrx_word' id='word_1_164' title='bbox 1017 2158 1314 2220; x_wconf 86' lang='lat' dir='ltr'>ordinum</span> <span class='ocrx_word' id='word_1_165' title='bbox 1387 2157 1791 2221; x_wconf 88' lang='lat' dir='ltr'>essentialem</span> 
     </span>
     <span class='ocr_line' id='line_1_29' title="bbox 315 2253 1797 2338; baseline 0.003 -25"><span class='ocrx_word' id='word_1_166' title='bbox 315 2253 748 2334; x_wconf 84' lang='lat' dir='ltr'>proprietatem</span> <span class='ocrx_word' id='word_1_167' title='bbox 797 2273 836 2314; x_wconf 86' lang='lat' dir='ltr'>a</span> <span class='ocrx_word' id='word_1_168' title='bbox 882 2253 1062 2317; x_wconf 87' lang='lat' dir='ltr'>nullo</span> <span class='ocrx_word' id='word_1_169' title='bbox 1110 2255 1513 2338; x_wconf 88' lang='lat' dir='ltr'>participent,</span> <span class='ocrx_word' id='word_1_170' title='bbox 1557 2271 1672 2338; x_wconf 93' lang='lat' dir='ltr'>pro</span> <span class='ocrx_word' id='word_1_171' title='bbox 1721 2273 1797 2317; x_wconf 92' lang='lat' dir='ltr'>eo</span> 
     </span>
     <span class='ocr_line' id='line_1_30' title="bbox 313 2351 1793 2435; baseline 0.002 -24"><span class='ocrx_word' id='word_1_172' title='bbox 313 2351 465 2432; x_wconf 89' lang='lat' dir='ltr'>quod</span> <span class='ocrx_word' id='word_1_173' title='bbox 497 2351 559 2413; x_wconf 91' lang='lat' dir='ltr'>in</span> <span class='ocrx_word' id='word_1_174' title='bbox 591 2351 774 2414; x_wconf 89' lang='lat' dir='ltr'>nullo</span> <span class='ocrx_word' id='word_1_175' title='bbox 805 2352 1000 2434; x_wconf 90' lang='lat' dir='ltr'>priori</span> <span class='ocrx_word' id='word_1_176' title='bbox 1043 2353 1124 2415; x_wconf 91' lang='lat' dir='ltr'>sit</span> <span class='ocrx_word' id='word_1_177' title='bbox 1162 2353 1296 2416; x_wconf 82' lang='lat' dir='ltr'>haec</span> <span class='ocrx_word' id='word_1_178' title='bbox 1335 2353 1472 2434; x_wconf 89' lang='lat' dir='ltr'>ipsa</span> <span class='ocrx_word' id='word_1_179' title='bbox 1509 2354 1793 2435; x_wconf 87' lang='lat' dir='ltr'>ipsarum</span> 
     </span>
     <span class='ocr_line' id='line_1_31' title="bbox 317 2449 1798 2532; baseline 0.002 -24"><span class='ocrx_word' id='word_1_180' title='bbox 317 2449 654 2530; x_wconf 86' lang='lat' dir='ltr'>proprietas</span> <span class='ocrx_word' id='word_1_181' title='bbox 683 2451 1040 2512; x_wconf 89' lang='lat' dir='ltr'>secundum</span> <span class='ocrx_word' id='word_1_182' title='bbox 1071 2469 1252 2512; x_wconf 87' lang='lat' dir='ltr'>suam</span> <span class='ocrx_word' id='word_1_183' title='bbox 1285 2451 1608 2532; x_wconf 89' lang='lat' dir='ltr'>propriam</span> <span class='ocrx_word' id='word_1_184' title='bbox 1649 2451 1798 2511; x_wconf 86' lang='lat' dir='ltr'>rati-</span> 
     </span>
     <span class='ocr_line' id='line_1_32' title="bbox 317 2554 1796 2630; baseline 0.003 -24"><span class='ocrx_word' id='word_1_185' title='bbox 317 2563 526 2624; x_wconf 82' lang='lat' dir='ltr'>onem3</span> <span class='ocrx_word' id='word_1_186' title='bbox 575 2554 1024 2610; x_wconf 87' lang='lat' dir='ltr'>verumtamen</span> <span class='ocrx_word' id='word_1_187' title='bbox 1071 2566 1330 2610; x_wconf 87' lang='lat' dir='ltr'>necesse</span> <span class='ocrx_word' id='word_1_188' title='bbox 1393 2566 1650 2630; x_wconf 90' lang='lat' dir='ltr'>prorsus</span> <span class='ocrx_word' id='word_1_189' title='bbox 1700 2555 1796 2610; x_wconf 91' lang='lat' dir='ltr'>est</span> 
     </span>
     <span class='ocr_line' id='line_1_33' title="bbox 317 2644 1794 2718; baseline 0.002 -14"><span class='ocrx_word' id='word_1_190' title='bbox 317 2651 376 2704; x_wconf 90' lang='lat' dir='ltr'>ut</span> <span class='ocrx_word' id='word_1_191' title='bbox 404 2645 604 2706; x_wconf 91' lang='lat' dir='ltr'>omnis</span> <span class='ocrx_word' id='word_1_192' title='bbox 637 2644 890 2708; x_wconf 86' lang='lat' dir='ltr'>bonitas</span> <span class='ocrx_word' id='word_1_193' title='bbox 929 2653 992 2708; x_wconf 88' lang='lat' dir='ltr'>et</span> <span class='ocrx_word' id='word_1_194' title='bbox 1029 2653 1250 2708; x_wconf 87' lang='lat' dir='ltr'>natura</span> <span class='ocrx_word' id='word_1_195' title='bbox 1281 2663 1524 2718; x_wconf 90' lang='lat' dir='ltr'>earum,</span> <span class='ocrx_word' id='word_1_196' title='bbox 1555 2663 1592 2707; x_wconf 89' lang='lat' dir='ltr'>a</span> <span class='ocrx_word' id='word_1_197' title='bbox 1623 2664 1794 2707; x_wconf 90' lang='lat' dir='ltr'>sum·</span> 
     </span>
     <span class='ocr_line' id='line_1_34' title="bbox 319 2742 1796 2826; baseline 0.003 -24"><span class='ocrx_word' id='word_1_198' title='bbox 319 2759 408 2803; x_wconf 89' lang='lat' dir='ltr'>mo</span> <span class='ocrx_word' id='word_1_199' title='bbox 445 2742 566 2806; x_wconf 91' lang='lat' dir='ltr'>Deo</span> <span class='ocrx_word' id='word_1_200' title='bbox 613 2751 918 2806; x_wconf 89' lang='lat' dir='ltr'>emanent</span> <span class='ocrx_word' id='word_1_201' title='bbox 969 2761 982 2804; x_wconf 90' lang='lat'><strong>:</strong></span> <span class='ocrx_word' id='word_1_202' title='bbox 1034 2744 1335 2826; x_wconf 90' lang='lat' dir='ltr'>quoniam</span> <span class='ocrx_word' id='word_1_203' title='bbox 1386 2763 1502 2826; x_wconf 89' lang='lat' dir='ltr'>per</span> <span class='ocrx_word' id='word_1_204' title='bbox 1549 2762 1616 2805; x_wconf 89' lang='lat' dir='ltr'>se</span> <span class='ocrx_word' id='word_1_205' title='bbox 1666 2743 1796 2806; x_wconf 86' lang='lat' dir='ltr'>vita</span> 
     </span>
     <span class='ocr_line' id='line_1_35' title="bbox 314 2841 1794 2924; baseline 0.003 -24"><span class='ocrx_word' id='word_1_206' title='bbox 314 2847 370 2901; x_wconf 89' lang='lat' dir='ltr'>et</span> <span class='ocrx_word' id='word_1_207' title='bbox 395 2841 606 2903; x_wconf 85' lang='lat' dir='ltr'>idealis</span> <span class='ocrx_word' id='word_1_208' title='bbox 639 2841 1020 2914; x_wconf 82' lang='lat' dir='ltr'>intellectus,</span> <span class='ocrx_word' id='word_1_209' title='bbox 1045 2843 1402 2904; x_wconf 87' lang='lat' dir='ltr'>necessario</span> <span class='ocrx_word' id='word_1_210' title='bbox 1433 2843 1494 2904; x_wconf 90' lang='lat' dir='ltr'>id</span> <span class='ocrx_word' id='word_1_211' title='bbox 1526 2842 1698 2924; x_wconf 91' lang='lat' dir='ltr'>quod</span> <span class='ocrx_word' id='word_1_212' title='bbox 1729 2842 1794 2904; x_wconf 92' lang='lat' dir='ltr'>in</span> 
     </span>
     <span class='ocr_line' id='line_1_36' title="bbox 317 2936 1794 3019; baseline 0.005 -22"><span class='ocrx_word' id='word_1_213' title='bbox 317 2936 456 3019; x_wconf 88' lang='lat' dir='ltr'>ipsis</span> <span class='ocrx_word' id='word_1_214' title='bbox 497 2947 591 3001; x_wconf 89' lang='lat' dir='ltr'>est</span> <span class='ocrx_word' id='word_1_215' title='bbox 633 2939 766 3000; x_wconf 79' lang='lat' dir='ltr'>vita</span> <span class='ocrx_word' id='word_1_216' title='bbox 815 2947 880 3001; x_wconf 92' lang='lat' dir='ltr'>et</span> <span class='ocrx_word' id='word_1_217' title='bbox 933 2939 1292 3002; x_wconf 87' lang='lat' dir='ltr'>intellectus</span> <span class='ocrx_word' id='word_1_218' title='bbox 1345 2940 1425 3002; x_wconf 93' lang='lat' dir='ltr'>ab</span> <span class='ocrx_word' id='word_1_219' title='bbox 1473 2940 1794 3005; x_wconf 91' lang='lat' dir='ltr'>autobono</span> 
     </span>
    </p>
   </div>
   <div class='ocr_carea' id='block_1_12' title="bbox 1901 1965 3407 3024">
    <p class='ocr_par' dir='ltr' id='par_1_12' title="bbox 1901 1965 3407 3024">
     <span class='ocr_line' id='line_1_37' title="bbox 1905 1965 3405 2049; baseline 0.001 -23"><span class='ocrx_word' id='word_1_220' title='bbox 1905 1965 2259 2046; x_wconf 88' lang='lat' dir='ltr'>procedunt</span> <span class='ocrx_word' id='word_1_221' title='bbox 2300 1965 2380 2028; x_wconf 90' lang='lat' dir='ltr'>ab</span> <span class='ocrx_word' id='word_1_222' title='bbox 2426 1985 2551 2028; x_wconf 89' lang='lat' dir='ltr'>una</span> <span class='ocrx_word' id='word_1_223' title='bbox 2594 1985 2783 2030; x_wconf 91' lang='lat' dir='ltr'>causa</span> <span class='ocrx_word' id='word_1_224' title='bbox 2821 1966 3046 2049; x_wconf 89' lang='lat' dir='ltr'>prima.</span> <span class='ocrx_word' id='word_1_225' title='bbox 3081 1966 3257 2040; x_wconf 87' lang='lat' dir='ltr'>Quod</span> <span class='ocrx_word' id='word_1_226' title='bbox 3296 1985 3405 2028; x_wconf 92' lang='lat' dir='ltr'>au-</span> 
     </span>
     <span class='ocr_line' id='line_1_38' title="bbox 1903 2062 3406 2146; baseline 0.001 -23"><span class='ocrx_word' id='word_1_227' title='bbox 1903 2070 2032 2124; x_wconf 90' lang='lat' dir='ltr'>tem</span> <span class='ocrx_word' id='word_1_228' title='bbox 2092 2063 2213 2124; x_wconf 92' lang='lat' dir='ltr'>hoc</span> <span class='ocrx_word' id='word_1_229' title='bbox 2262 2062 2505 2126; x_wconf 91' lang='lat' dir='ltr'>bonum</span> <span class='ocrx_word' id='word_1_230' title='bbox 2554 2071 2618 2126; x_wconf 89' lang='lat' dir='ltr'>et</span> <span class='ocrx_word' id='word_1_231' title='bbox 2665 2064 2945 2146; x_wconf 91' lang='lat' dir='ltr'>primum</span> <span class='ocrx_word' id='word_1_232' title='bbox 2998 2082 3265 2127; x_wconf 90' lang='lat' dir='ltr'>causans</span> <span class='ocrx_word' id='word_1_233' title='bbox 3322 2063 3406 2126; x_wconf 92' lang='lat' dir='ltr'>sit</span> 
     </span>
     <span class='ocr_line' id='line_1_39' title="bbox 1903 2161 3407 2242; baseline 0.002 -21"><span class='ocrx_word' id='word_1_234' title='bbox 1903 2161 2397 2242; x_wconf 88' lang='lat' dir='ltr'>supersimplex,</span> <span class='ocrx_word' id='word_1_235' title='bbox 2450 2169 2514 2224; x_wconf 91' lang='lat' dir='ltr'>et</span> <span class='ocrx_word' id='word_1_236' title='bbox 2564 2162 2627 2224; x_wconf 90' lang='lat' dir='ltr'>in</span> <span class='ocrx_word' id='word_1_237' title='bbox 2678 2181 2745 2224; x_wconf 90' lang='lat' dir='ltr'>se</span> <span class='ocrx_word' id='word_1_238' title='bbox 2794 2161 3151 2224; x_wconf 89' lang='lat' dir='ltr'>subsistens</span> <span class='ocrx_word' id='word_1_239' title='bbox 3195 2180 3271 2224; x_wconf 91' lang='lat' dir='ltr'>ac</span> <span class='ocrx_word' id='word_1_240' title='bbox 3319 2169 3407 2224; x_wconf 91' lang='lat' dir='ltr'>to-</span> 
     </span>
     <span class='ocr_line' id='line_1_40' title="bbox 1903 2257 3405 2332; baseline 0.003 -14"><span class='ocrx_word' id='word_1_241' title='bbox 1903 2257 2114 2320; x_wconf 87' lang='lat' dir='ltr'>taliter</span> <span class='ocrx_word' id='word_1_242' title='bbox 2172 2257 2437 2332; x_wconf 90' lang='lat' dir='ltr'>bonum,</span> <span class='ocrx_word' id='word_1_243' title='bbox 2490 2259 2767 2322; x_wconf 91' lang='lat' dir='ltr'>ostendit</span> <span class='ocrx_word' id='word_1_244' title='bbox 2824 2260 2977 2321; x_wconf 92' lang='lat' dir='ltr'>dum</span> <span class='ocrx_word' id='word_1_245' title='bbox 3038 2259 3127 2321; x_wconf 87' lang='lat' dir='ltr'>ait</span> <span class='ocrx_word' id='word_1_246' title='bbox 3182 2266 3405 2323; x_wconf 85' lang='lat' dir='ltr'>octavo</span> 
     </span>
     <span class='ocr_line' id='line_1_41' title="bbox 1902 2355 3403 2437; baseline 0 -20"><span class='ocrx_word' id='word_1_247' title='bbox 1902 2356 2295 2418; x_wconf 89' lang='lat' dir='ltr'>theoremate</span> <span class='ocrx_word' id='word_1_248' title='bbox 2330 2371 2344 2416; x_wconf 68' lang='grc' dir='ltr'><em>τ</em></span> <span class='ocrx_word' id='word_1_249' title='bbox 2380 2355 2607 2418; x_wconf 90' lang='lat' dir='ltr'>Omnia</span> <span class='ocrx_word' id='word_1_250' title='bbox 2636 2355 2809 2418; x_wconf 91' lang='lat' dir='ltr'>enim</span> <span class='ocrx_word' id='word_1_251' title='bbox 2850 2355 3403 2437; x_wconf 88' lang='lat' dir='ltr'>qualitercumque</span> 
     </span>
     <span class='ocr_line' id='line_1_42' title="bbox 1904 2451 3402 2535; baseline 0 -20"><span class='ocrx_word' id='word_1_252' title='bbox 1904 2452 2349 2535; x_wconf 86' lang='lat' dir='ltr'>participantia</span> <span class='ocrx_word' id='word_1_253' title='bbox 2392 2451 2581 2524; x_wconf 89' lang='lat' dir='ltr'>bon0,</span> <span class='ocrx_word' id='word_1_254' title='bbox 2615 2452 2917 2534; x_wconf 67' lang='lat' dir='ltr'>praecedit</span> <span class='ocrx_word' id='word_1_255' title='bbox 2963 2453 3129 2534; x_wconf 92' lang='lat' dir='ltr'>quod</span> <span class='ocrx_word' id='word_1_256' title='bbox 3174 2470 3289 2534; x_wconf 91' lang='lat' dir='ltr'>per</span> <span class='ocrx_word' id='word_1_257' title='bbox 3336 2471 3402 2515; x_wconf 90' lang='lat' dir='ltr'>se</span> 
     </span>
     <span class='ocr_line' id='line_1_43' title="bbox 1902 2548 3401 2633; baseline 0 -21"><span class='ocrx_word' id='word_1_258' title='bbox 1902 2549 2167 2624; x_wconf 88' lang='lat' dir='ltr'>bonum,</span> <span class='ocrx_word' id='word_1_259' title='bbox 2200 2557 2263 2611; x_wconf 90' lang='lat' dir='ltr'>et</span> <span class='ocrx_word' id='word_1_260' title='bbox 2302 2548 2472 2631; x_wconf 90' lang='lat' dir='ltr'>quod</span> <span class='ocrx_word' id='word_1_261' title='bbox 2516 2549 2677 2611; x_wconf 91' lang='lat' dir='ltr'>nihil</span> <span class='ocrx_word' id='word_1_262' title='bbox 2716 2558 2813 2612; x_wconf 90' lang='lat' dir='ltr'>est</span> <span class='ocrx_word' id='word_1_263' title='bbox 2848 2550 3021 2612; x_wconf 93' lang='lat' dir='ltr'>aliud</span> <span class='ocrx_word' id='word_1_264' title='bbox 3062 2569 3253 2633; x_wconf 87' lang='lat' dir='ltr'>quam</span> <span class='ocrx_word' id='word_1_265' title='bbox 3292 2549 3401 2612; x_wconf 88' lang='lat' dir='ltr'>bo-</span> 
     </span>
     <span class='ocr_line' id='line_1_44' title="bbox 1903 2647 3398 2722; baseline 0.001 -14"><span class='ocrx_word' id='word_1_266' title='bbox 1903 2665 2078 2709; x_wconf 89' lang='lat' dir='ltr'>num.</span> <span class='ocrx_word' id='word_1_267' title='bbox 2140 2647 2317 2721; x_wconf 86' lang='lat' dir='ltr'>Quod</span> <span class='ocrx_word' id='word_1_268' title='bbox 2378 2664 2529 2710; x_wconf 83' lang='lat' dir='ltr'>vero</span> <span class='ocrx_word' id='word_1_269' title='bbox 2598 2647 2839 2710; x_wconf 89' lang='lat' dir='ltr'>bonum</span> <span class='ocrx_word' id='word_1_270' title='bbox 2900 2648 2981 2710; x_wconf 89' lang='lat' dir='ltr'>sit</span> <span class='ocrx_word' id='word_1_271' title='bbox 3047 2655 3194 2710; x_wconf 87' lang='lat' dir='ltr'>ante</span> <span class='ocrx_word' id='word_1_272' title='bbox 3262 2665 3398 2722; x_wconf 88' lang='lat' dir='ltr'>ens,</span> 
     </span>
     <span class='ocr_line' id='line_1_45' title="bbox 1901 2745 3401 2809; baseline 0 -2"><span class='ocrx_word' id='word_1_273' title='bbox 1901 2745 2181 2807; x_wconf 83' lang='lat' dir='ltr'>ostendit</span> <span class='ocrx_word' id='word_1_274' title='bbox 2208 2745 2357 2806; x_wconf 91' lang='lat' dir='ltr'>dum</span> <span class='ocrx_word' id='word_1_275' title='bbox 2387 2745 2478 2806; x_wconf 90' lang='lat' dir='ltr'>ait</span> <span class='ocrx_word' id='word_1_276' title='bbox 2504 2745 2853 2809; x_wconf 89' lang='lat' dir='ltr'>centesimo</span> <span class='ocrx_word' id='word_1_277' title='bbox 2882 2745 3208 2809; x_wconf 89' lang='lat' dir='ltr'>tricesimo</span> <span class='ocrx_word' id='word_1_278' title='bbox 3236 2753 3401 2808; x_wconf 90' lang='lat' dir='ltr'>octa-</span> 
     </span>
     <span class='ocr_line' id='line_1_46' title="bbox 1903 2842 3401 2926; baseline 0 -21"><span class='ocrx_word' id='word_1_279' title='bbox 1903 2861 1982 2906; x_wconf 91' lang='lat' dir='ltr'>vo</span> <span class='ocrx_word' id='word_1_280' title='bbox 2030 2844 2419 2905; x_wconf 86' lang='lat' dir='ltr'>theoremate</span> <span class='ocrx_word' id='word_1_281' title='bbox 2468 2861 2482 2904; x_wconf 78' lang='grc' dir='ltr'><em>τ</em></span> <span class='ocrx_word' id='word_1_282' title='bbox 2531 2842 2829 2906; x_wconf 89' lang='lat' dir='ltr'>Omnium</span> <span class='ocrx_word' id='word_1_283' title='bbox 2878 2843 3401 2926; x_wconf 88' lang='lat' dir='ltr'>participantium</span> 
     </span>
     <span class='ocr_line' id='line_1_47' title="bbox 1903 2941 3404 3024; baseline 0.001 -21"><span class='ocrx_word' id='word_1_284' title='bbox 1903 2941 2121 3004; x_wconf 86' lang='lat' dir='ltr'>divina</span> <span class='ocrx_word' id='word_1_285' title='bbox 2180 2941 2569 3022; x_wconf 88' lang='lat' dir='ltr'>proprietate</span> <span class='ocrx_word' id='word_1_286' title='bbox 2629 2949 2693 3003; x_wconf 93' lang='lat' dir='ltr'>et</span> <span class='ocrx_word' id='word_1_287' title='bbox 2748 2941 3217 3014; x_wconf 81' lang='lat' dir='ltr'>deificatorum,</span> <span class='ocrx_word' id='word_1_288' title='bbox 3280 2941 3404 3024; x_wconf 92' lang='lat' dir='ltr'>pri-</span> 
     </span>
    </p>
   </div>
   <div class='ocr_carea' id='block_1_13' title="bbox 313 3036 3403 3121">
    <p class='ocr_par' dir='ltr' id='par_1_13' title="bbox 313 3036 3403 3121">
     <span class='ocr_line' id='line_1_48' title="bbox 313 3036 3403 3121; baseline 0.002 -26"><span class='ocrx_word' id='word_1_289' title='bbox 313 3036 664 3118; x_wconf 89' lang='lat' dir='ltr'>suscipiunt.</span> <span class='ocrx_word' id='word_1_290' title='bbox 695 3036 830 3099; x_wconf 90' lang='lat' dir='ltr'>Non</span> <span class='ocrx_word' id='word_1_291' title='bbox 862 3037 1032 3100; x_wconf 88' lang='lat' dir='ltr'>enim</span> <span class='ocrx_word' id='word_1_292' title='bbox 1065 3037 1332 3118; x_wconf 85' lang='lat' dir='ltr'>intelligi</span> <span class='ocrx_word' id='word_1_293' title='bbox 1366 3045 1594 3120; x_wconf 88' lang='lat' dir='ltr'>potest,</span> <span class='ocrx_word' id='word_1_294' title='bbox 1627 3039 1792 3121; x_wconf 92' lang='lat' dir='ltr'>quod</span> <span class='ocrx_word' id='word_1_295' title='bbox 1829 3043 1872 3108; x_wconf 86' lang='lat' dir='ltr'>C</span> <span class='ocrx_word' id='word_1_296' title='bbox 1907 3058 2080 3101; x_wconf 91' lang='lat' dir='ltr'>mum</span> <span class='ocrx_word' id='word_1_297' title='bbox 2111 3047 2208 3101; x_wconf 92' lang='lat' dir='ltr'>est</span> <span class='ocrx_word' id='word_1_298' title='bbox 2246 3048 2310 3100; x_wconf 89' lang='lat' dir='ltr'>et</span> <span class='ocrx_word' id='word_1_299' title='bbox 2347 3058 2722 3121; x_wconf 87' lang='lat' dir='ltr'>supremum</span> <span class='ocrx_word' id='word_1_300' title='bbox 2770 3057 2903 3102; x_wconf 91' lang='lat' dir='ltr'>ens.</span> <span class='ocrx_word' id='word_1_301' title='bbox 2936 3039 3066 3102; x_wconf 88' lang='lat' dir='ltr'>Hoc</span> <span class='ocrx_word' id='word_1_302' title='bbox 3109 3041 3281 3102; x_wconf 89' lang='lat' dir='ltr'>enim</span> <span class='ocrx_word' id='word_1_303' title='bbox 3323 3039 3403 3103; x_wconf 91' lang='lat' dir='ltr'>de</span> 
     </span>
    </p>
   </div>
   <div class='ocr_carea' id='block_1_14' title="bbox 312 3131 1794 4198">
    <p class='ocr_par' dir='ltr' id='par_1_14' title="bbox 312 3131 1794 4198">
     <span class='ocr_line' id='line_1_49' title="bbox 315 3131 1794 3219; baseline 0.004 -26"><span class='ocrx_word' id='word_1_304' title='bbox 315 3131 642 3196; x_wconf 87' lang='lat' dir='ltr'>bonitatem</span> <span class='ocrx_word' id='word_1_305' title='bbox 675 3135 1083 3218; x_wconf 87' lang='lat' dir='ltr'>participent,</span> <span class='ocrx_word' id='word_1_306' title='bbox 1117 3143 1180 3198; x_wconf 90' lang='lat' dir='ltr'>et</span> <span class='ocrx_word' id='word_1_307' title='bbox 1209 3144 1497 3199; x_wconf 87' lang='lat' dir='ltr'>naturam</span> <span class='ocrx_word' id='word_1_308' title='bbox 1531 3139 1794 3219; x_wconf 90' lang='lat' dir='ltr'>posteri-</span> 
     </span>
     <span class='ocr_line' id='line_1_50' title="bbox 315 3231 1790 3317; baseline 0.005 -26"><span class='ocrx_word' id='word_1_309' title='bbox 315 3247 470 3292; x_wconf 86' lang='lat' dir='ltr'>orem</span> <span class='ocrx_word' id='word_1_310' title='bbox 519 3231 802 3295; x_wconf 88' lang='lat' dir='ltr'>bonitate</span> <span class='ocrx_word' id='word_1_311' title='bbox 850 3251 976 3295; x_wconf 92' lang='lat' dir='ltr'>non</span> <span class='ocrx_word' id='word_1_312' title='bbox 1027 3234 1380 3317; x_wconf 88' lang='lat' dir='ltr'>suscipiant</span> <span class='ocrx_word' id='word_1_313' title='bbox 1427 3253 1440 3297; x_wconf 90' lang='lat'>:</span> <span class='ocrx_word' id='word_1_314' title='bbox 1488 3236 1790 3317; x_wconf 88' lang='lat' dir='ltr'>quoniam</span> 
     </span>
     <span class='ocr_line' id='line_1_51' title="bbox 315 3326 1794 3415; baseline 0.006 -29"><span class='ocrx_word' id='word_1_315' title='bbox 315 3326 394 3388; x_wconf 89' lang='lat' dir='ltr'>sic</span> <span class='ocrx_word' id='word_1_316' title='bbox 435 3329 606 3409; x_wconf 89' lang='lat' dir='ltr'>prius</span> <span class='ocrx_word' id='word_1_317' title='bbox 655 3331 914 3402; x_wconf 89' lang='lat' dir='ltr'>inesset,</span> <span class='ocrx_word' id='word_1_318' title='bbox 961 3331 1131 3413; x_wconf 90' lang='lat' dir='ltr'>quod</span> <span class='ocrx_word' id='word_1_319' title='bbox 1175 3330 1523 3394; x_wconf 87' lang='lat' dir='ltr'>bonitatem</span> <span class='ocrx_word' id='word_1_320' title='bbox 1571 3334 1794 3415; x_wconf 83' lang='lat' dir='ltr'>praein-</span> 
     </span>
     <span class='ocr_line' id='line_1_52' title="bbox 315 3428 1788 3511; baseline 0.004 -25"><span class='ocrx_word' id='word_1_321' title='bbox 315 3443 438 3487; x_wconf 87' lang='lat' dir='ltr'>esse</span> <span class='ocrx_word' id='word_1_322' title='bbox 463 3428 678 3509; x_wconf 82' lang='lat' dir='ltr'>exigit.</span> <span class='ocrx_word' id='word_1_323' title='bbox 715 3428 837 3491; x_wconf 86' lang='lat' dir='ltr'>Sed</span> <span class='ocrx_word' id='word_1_324' title='bbox 867 3429 1019 3511; x_wconf 88' lang='lat' dir='ltr'>quia</span> <span class='ocrx_word' id='word_1_325' title='bbox 1048 3429 1360 3511; x_wconf 90' lang='lat' dir='ltr'>quidquid</span> <span class='ocrx_word' id='word_1_326' title='bbox 1401 3439 1498 3492; x_wconf 91' lang='lat' dir='ltr'>est</span> <span class='ocrx_word' id='word_1_327' title='bbox 1537 3432 1600 3494; x_wconf 90' lang='lat' dir='ltr'>in</span> <span class='ocrx_word' id='word_1_328' title='bbox 1645 3432 1788 3503; x_wconf 89' lang='lat' dir='ltr'>diis,</span> 
     </span>
     <span class='ocr_line' id='line_1_53' title="bbox 315 3524 1790 3610; baseline 0.004 -26"><span class='ocrx_word' id='word_1_329' title='bbox 315 3531 398 3584; x_wconf 84' lang='lat' dir='ltr'>est</span> <span class='ocrx_word' id='word_1_330' title='bbox 443 3524 504 3586; x_wconf 91' lang='lat' dir='ltr'>in</span> <span class='ocrx_word' id='word_1_331' title='bbox 552 3526 649 3588; x_wconf 91' lang='lat' dir='ltr'>eis</span> <span class='ocrx_word' id='word_1_332' title='bbox 700 3527 1058 3588; x_wconf 90' lang='lat' dir='ltr'>secundum</span> <span class='ocrx_word' id='word_1_333' title='bbox 1109 3527 1392 3608; x_wconf 89' lang='lat' dir='ltr'>ipsorum</span> <span class='ocrx_word' id='word_1_334' title='bbox 1445 3528 1790 3610; x_wconf 87' lang='lat' dir='ltr'>proprieta-</span> 
     </span>
     <span class='ocr_line' id='line_1_54' title="bbox 314 3624 1792 3709; baseline 0.004 -27"><span class='ocrx_word' id='word_1_335' title='bbox 314 3628 450 3695; x_wconf 86' lang='lat' dir='ltr'>tem,</span> <span class='ocrx_word' id='word_1_336' title='bbox 497 3624 715 3686; x_wconf 89' lang='lat' dir='ltr'>omnia</span> <span class='ocrx_word' id='word_1_337' title='bbox 761 3644 906 3707; x_wconf 83' lang='lat' dir='ltr'>quae</span> <span class='ocrx_word' id='word_1_338' title='bbox 965 3625 1030 3686; x_wconf 90' lang='lat' dir='ltr'>in</span> <span class='ocrx_word' id='word_1_339' title='bbox 1079 3625 1400 3688; x_wconf 88' lang='lat' dir='ltr'>autobono</span> <span class='ocrx_word' id='word_1_340' title='bbox 1455 3635 1625 3698; x_wconf 89' lang='lat' dir='ltr'>sunt,</span> <span class='ocrx_word' id='word_1_341' title='bbox 1680 3645 1792 3709; x_wconf 82' lang='lat' dir='ltr'>per</span> 
     </span>
     <span class='ocr_line' id='line_1_55' title="bbox 315 3722 1792 3806; baseline 0.003 -25"><span class='ocrx_word' id='word_1_342' title='bbox 315 3722 554 3784; x_wconf 89' lang='lat' dir='ltr'>modum</span> <span class='ocrx_word' id='word_1_343' title='bbox 601 3723 756 3786; x_wconf 89' lang='lat' dir='ltr'>boni</span> <span class='ocrx_word' id='word_1_344' title='bbox 801 3723 1024 3805; x_wconf 89' lang='lat' dir='ltr'>utique</span> <span class='ocrx_word' id='word_1_345' title='bbox 1069 3724 1132 3784; x_wconf 88' lang='lat' dir='ltr'>in</span> <span class='ocrx_word' id='word_1_346' title='bbox 1179 3723 1319 3805; x_wconf 89' lang='lat' dir='ltr'>ipso</span> <span class='ocrx_word' id='word_1_347' title='bbox 1361 3731 1530 3797; x_wconf 87' lang='lat' dir='ltr'>sunt,</span> <span class='ocrx_word' id='word_1_348' title='bbox 1571 3731 1634 3785; x_wconf 92' lang='lat' dir='ltr'>et</span> <span class='ocrx_word' id='word_1_349' title='bbox 1676 3743 1792 3806; x_wconf 91' lang='lat' dir='ltr'>per</span> 
     </span>
     <span class='ocr_line' id='line_1_56' title="bbox 317 3820 1791 3904; baseline 0.004 -26"><span class='ocrx_word' id='word_1_350' title='bbox 317 3820 552 3882; x_wconf 89' lang='lat' dir='ltr'>modum</span> <span class='ocrx_word' id='word_1_351' title='bbox 585 3821 756 3894; x_wconf 60' lang='lat' dir='ltr'>vitai,</span> <span class='ocrx_word' id='word_1_352' title='bbox 786 3841 930 3904; x_wconf 81' lang='lat' dir='ltr'>quae</span> <span class='ocrx_word' id='word_1_353' title='bbox 964 3822 1028 3884; x_wconf 89' lang='lat' dir='ltr'>in</span> <span class='ocrx_word' id='word_1_354' title='bbox 1057 3822 1356 3884; x_wconf 86' lang='lat' dir='ltr'>autovita.</span> <span class='ocrx_word' id='word_1_355' title='bbox 1393 3822 1540 3884; x_wconf 90' lang='lat' dir='ltr'>Ideo</span> <span class='ocrx_word' id='word_1_356' title='bbox 1569 3840 1791 3884; x_wconf 90' lang='lat' dir='ltr'>secun-</span> 
     </span>
     <span class='ocr_line' id='line_1_57' title="bbox 312 3916 1788 4003; baseline 0.003 -26"><span class='ocrx_word' id='word_1_357' title='bbox 312 3916 518 3980; x_wconf 91' lang='lat' dir='ltr'>dorum</span> <span class='ocrx_word' id='word_1_358' title='bbox 583 3920 850 3982; x_wconf 88' lang='lat' dir='ltr'>deorum</span> <span class='ocrx_word' id='word_1_359' title='bbox 914 3920 1334 4003; x_wconf 87' lang='lat' dir='ltr'>proprietates</span> <span class='ocrx_word' id='word_1_360' title='bbox 1393 3939 1505 4002; x_wconf 89' lang='lat' dir='ltr'>per</span> <span class='ocrx_word' id='word_1_361' title='bbox 1563 3939 1630 3982; x_wconf 90' lang='lat' dir='ltr'>se</span> <span class='ocrx_word' id='word_1_362' title='bbox 1696 3921 1788 3982; x_wconf 89' lang='lat' dir='ltr'>eis</span> 
     </span>
     <span class='ocr_line' id='line_1_58' title="bbox 314 4017 1788 4100; baseline 0.003 -24"><span class='ocrx_word' id='word_1_363' title='bbox 314 4017 704 4092; x_wconf 86' lang='lat' dir='ltr'>conveniunt,</span> <span class='ocrx_word' id='word_1_364' title='bbox 737 4018 890 4100; x_wconf 88' lang='lat' dir='ltr'>quia</span> <span class='ocrx_word' id='word_1_365' title='bbox 919 4019 1272 4080; x_wconf 91' lang='lat' dir='ltr'>secundum</span> <span class='ocrx_word' id='word_1_366' title='bbox 1313 4019 1602 4080; x_wconf 89' lang='lat' dir='ltr'>eamdem</span> <span class='ocrx_word' id='word_1_367' title='bbox 1644 4020 1788 4080; x_wconf 87' lang='lat' dir='ltr'>rati-</span> 
     </span>
     <span class='ocr_line' id='line_1_59' title="bbox 313 4115 1787 4198; baseline 0.004 -26"><span class='ocrx_word' id='word_1_368' title='bbox 313 4128 480 4175; x_wconf 89' lang='lat' dir='ltr'>onem</span> <span class='ocrx_word' id='word_1_369' title='bbox 521 4115 678 4177; x_wconf 89' lang='lat' dir='ltr'>alibi</span> <span class='ocrx_word' id='word_1_370' title='bbox 721 4132 848 4178; x_wconf 92' lang='lat' dir='ltr'>non</span> <span class='ocrx_word' id='word_1_371' title='bbox 893 4122 1062 4188; x_wconf 88' lang='lat' dir='ltr'>sunt,</span> <span class='ocrx_word' id='word_1_372' title='bbox 1109 4115 1402 4198; x_wconf 88' lang='lat' dir='ltr'>quamvis</span> <span class='ocrx_word' id='word_1_373' title='bbox 1447 4115 1787 4178; x_wconf 89' lang='lat' dir='ltr'>substanti-</span> 
     </span>
    </p>
   </div>
   <div class='ocr_carea' id='block_1_15' title="bbox 1896 3137 3403 4200">
    <p class='ocr_par' dir='ltr' id='par_1_15' title="bbox 1896 3137 3403 4200">
     <span class='ocr_line' id='line_1_60' title="bbox 1903 3137 3403 3220; baseline 0.001 -19"><span class='ocrx_word' id='word_1_374' title='bbox 1903 3158 2018 3220; x_wconf 93' lang='lat' dir='ltr'>per</span> <span class='ocrx_word' id='word_1_375' title='bbox 2075 3157 2142 3201; x_wconf 92' lang='lat' dir='ltr'>se</span> <span class='ocrx_word' id='word_1_376' title='bbox 2199 3144 2345 3201; x_wconf 89' lang='lat' dir='ltr'>ente</span> <span class='ocrx_word' id='word_1_377' title='bbox 2404 3137 2723 3217; x_wconf 88' lang='lat' dir='ltr'>intelligit,</span> <span class='ocrx_word' id='word_1_378' title='bbox 2777 3148 2849 3200; x_wconf 92' lang='lat' dir='ltr'>ut</span> <span class='ocrx_word' id='word_1_379' title='bbox 2906 3138 2971 3200; x_wconf 88' lang='lat' dir='ltr'>in</span> <span class='ocrx_word' id='word_1_380' title='bbox 3030 3138 3403 3202; x_wconf 86' lang='lat' dir='ltr'>Commento</span> 
     </span>
     <span class='ocr_line' id='line_1_61' title="bbox 1902 3235 3402 3318; baseline 0.001 -21"><span class='ocrx_word' id='word_1_381' title='bbox 1902 3244 2090 3318; x_wconf 89' lang='lat' dir='ltr'>patet.</span> <span class='ocrx_word' id='word_1_382' title='bbox 2131 3236 2379 3298; x_wconf 89' lang='lat' dir='ltr'>Etenim</span> <span class='ocrx_word' id='word_1_383' title='bbox 2427 3235 2547 3297; x_wconf 89' lang='lat' dir='ltr'>hoc</span> <span class='ocrx_word' id='word_1_384' title='bbox 2592 3255 2727 3308; x_wconf 70' lang='lat' dir='ltr'>em,</span> <span class='ocrx_word' id='word_1_385' title='bbox 2760 3236 3063 3317; x_wconf 89' lang='lat' dir='ltr'>quoniam</span> <span class='ocrx_word' id='word_1_386' title='bbox 3112 3246 3253 3318; x_wconf 88' lang='lat' dir='ltr'>post</span> <span class='ocrx_word' id='word_1_387' title='bbox 3297 3237 3402 3299; x_wconf 89' lang='lat' dir='ltr'>bo-</span> 
     </span>
     <span class='ocr_line' id='line_1_62' title="bbox 1902 3334 3399 3418; baseline 0.001 -22"><span class='ocrx_word' id='word_1_388' title='bbox 1902 3353 2054 3396; x_wconf 88' lang='lat' dir='ltr'>num</span> <span class='ocrx_word' id='word_1_389' title='bbox 2115 3334 2481 3396; x_wconf 88' lang='lat' dir='ltr'>immediate</span> <span class='ocrx_word' id='word_1_390' title='bbox 2548 3335 2858 3416; x_wconf 88' lang='lat' dir='ltr'>sequitur,</span> <span class='ocrx_word' id='word_1_391' title='bbox 2921 3336 3129 3418; x_wconf 90' lang='lat' dir='ltr'>primo</span> <span class='ocrx_word' id='word_1_392' title='bbox 3188 3335 3399 3416; x_wconf 89' lang='lat' dir='ltr'>ipsum</span> 
     </span>
     <span class='ocr_line' id='line_1_63' title="bbox 1900 3431 3399 3514; baseline 0 -20"><span class='ocrx_word' id='word_1_393' title='bbox 1900 3431 2258 3514; x_wconf 88' lang='lat' dir='ltr'>participat.</span> <span class='ocrx_word' id='word_1_394' title='bbox 2295 3431 2469 3504; x_wconf 88' lang='lat' dir='ltr'>Quod</span> <span class='ocrx_word' id='word_1_395' title='bbox 2503 3433 2769 3513; x_wconf 91' lang='lat' dir='ltr'>proinde</span> <span class='ocrx_word' id='word_1_396' title='bbox 2802 3433 2865 3495; x_wconf 92' lang='lat' dir='ltr'>in</span> <span class='ocrx_word' id='word_1_397' title='bbox 2898 3435 3071 3495; x_wconf 90' lang='lat' dir='ltr'>omni</span> <span class='ocrx_word' id='word_1_398' title='bbox 3113 3433 3399 3496; x_wconf 88' lang='lat' dir='ltr'>multitu-</span> 
     </span>
     <span class='ocr_line' id='line_1_64' title="bbox 1899 3529 3401 3614; baseline 0.001 -23"><span class='ocrx_word' id='word_1_399' title='bbox 1899 3530 2048 3592; x_wconf 90' lang='lat' dir='ltr'>dine</span> <span class='ocrx_word' id='word_1_400' title='bbox 2109 3537 2401 3592; x_wconf 89' lang='lat' dir='ltr'>naturam</span> <span class='ocrx_word' id='word_1_401' title='bbox 2464 3529 2745 3612; x_wconf 88' lang='lat' dir='ltr'>aliquam</span> <span class='ocrx_word' id='word_1_402' title='bbox 2810 3531 3255 3614; x_wconf 88' lang='lat' dir='ltr'>participante,</span> <span class='ocrx_word' id='word_1_403' title='bbox 3320 3531 3401 3594; x_wconf 90' lang='lat' dir='ltr'>sit</span> 
     </span>
     <span class='ocr_line' id='line_1_65' title="bbox 1900 3627 3399 3710; baseline 0.003 -22"><span class='ocrx_word' id='word_1_404' title='bbox 1900 3645 2098 3689; x_wconf 89' lang='lat' dir='ltr'>unum</span> <span class='ocrx_word' id='word_1_405' title='bbox 2143 3627 2570 3690; x_wconf 87' lang='lat' dir='ltr'>essentialiter</span> <span class='ocrx_word' id='word_1_406' title='bbox 2612 3628 2756 3702; x_wconf 87' lang='lat' dir='ltr'>tale,</span> <span class='ocrx_word' id='word_1_407' title='bbox 2789 3647 2857 3690; x_wconf 91' lang='lat' dir='ltr'>se</span> <span class='ocrx_word' id='word_1_408' title='bbox 2902 3629 3115 3710; x_wconf 91' lang='lat' dir='ltr'>ipsum</span> <span class='ocrx_word' id='word_1_409' title='bbox 3160 3628 3399 3692; x_wconf 83' lang='lat' dir='ltr'>diffun-</span> 
     </span>
     <span class='ocr_line' id='line_1_66' title="bbox 1899 3727 3399 3809; baseline 0.002 -21"><span class='ocrx_word' id='word_1_410' title='bbox 1899 3727 2077 3800; x_wconf 79' lang='lat' dir='ltr'>denS,</span> <span class='ocrx_word' id='word_1_411' title='bbox 2142 3734 2207 3788; x_wconf 90' lang='lat' dir='ltr'>et</span> <span class='ocrx_word' id='word_1_412' title='bbox 2278 3727 2552 3789; x_wconf 87' lang='lat' dir='ltr'>univoce</span> <span class='ocrx_word' id='word_1_413' title='bbox 2618 3746 2907 3800; x_wconf 79' lang='lat' dir='ltr'>causanS,</span> <span class='ocrx_word' id='word_1_414' title='bbox 2968 3746 3044 3789; x_wconf 87' lang='lat' dir='ltr'>ex</span> <span class='ocrx_word' id='word_1_415' title='bbox 3106 3728 3399 3809; x_wconf 91' lang='lat' dir='ltr'>pluribus</span> 
     </span>
     <span class='ocr_line' id='line_1_67' title="bbox 1897 3823 3395 3899; baseline 0.002 -13"><span class='ocrx_word' id='word_1_416' title='bbox 1897 3823 2400 3886; x_wconf 88' lang='lat' dir='ltr'>theorematibus</span> <span class='ocrx_word' id='word_1_417' title='bbox 2431 3824 2632 3887; x_wconf 87' lang='lat' dir='ltr'>Procli</span> <span class='ocrx_word' id='word_1_418' title='bbox 2665 3825 2988 3886; x_wconf 89' lang='lat' dir='ltr'>elucescit.</span> <span class='ocrx_word' id='word_1_419' title='bbox 3018 3826 3193 3899; x_wconf 85' lang='lat' dir='ltr'>Quod</span> <span class='ocrx_word' id='word_1_420' title='bbox 3224 3827 3395 3889; x_wconf 90' lang='lat' dir='ltr'>enim</span> 
     </span>
     <span class='ocr_line' id='line_1_68' title="bbox 1898 3921 3399 3996; baseline 0.003 -14"><span class='ocrx_word' id='word_1_421' title='bbox 1898 3921 1981 3983; x_wconf 92' lang='lat' dir='ltr'>sit</span> <span class='ocrx_word' id='word_1_422' title='bbox 2027 3921 2159 3982; x_wconf 91' lang='lat' dir='ltr'>illic</span> <span class='ocrx_word' id='word_1_423' title='bbox 2210 3940 2407 3982; x_wconf 90' lang='lat' dir='ltr'>unum</span> <span class='ocrx_word' id='word_1_424' title='bbox 2455 3921 2878 3983; x_wconf 88' lang='lat' dir='ltr'>essentialiter</span> <span class='ocrx_word' id='word_1_425' title='bbox 2918 3922 3062 3996; x_wconf 89' lang='lat' dir='ltr'>tale,</span> <span class='ocrx_word' id='word_1_426' title='bbox 3096 3922 3399 3986; x_wconf 87' lang='lat' dir='ltr'>vicesimo</span> 
     </span>
     <span class='ocr_line' id='line_1_69' title="bbox 1897 4018 3393 4092; baseline 0.002 -10"><span class='ocrx_word' id='word_1_427' title='bbox 1897 4018 2181 4082; x_wconf 85' lang='lat' dir='ltr'>secundo</span> <span class='ocrx_word' id='word_1_428' title='bbox 2229 4019 2619 4081; x_wconf 90' lang='lat' dir='ltr'>theoremate</span> <span class='ocrx_word' id='word_1_429' title='bbox 2676 4019 2975 4092; x_wconf 86' lang='lat' dir='ltr'>ostendit,</span> <span class='ocrx_word' id='word_1_430' title='bbox 3028 4020 3180 4083; x_wconf 91' lang='lat' dir='ltr'>dum</span> <span class='ocrx_word' id='word_1_431' title='bbox 3240 4022 3327 4084; x_wconf 90' lang='lat' dir='ltr'>ait</span> <span class='ocrx_word' id='word_1_432' title='bbox 3380 4040 3393 4085; x_wconf 76' lang='grc' dir='ltr'>ε</span> 
     </span>
     <span class='ocr_line' id='line_1_70' title="bbox 1896 4117 3395 4200; baseline 0 -19"><span class='ocrx_word' id='word_1_433' title='bbox 1896 4117 2096 4181; x_wconf 89' lang='lat' dir='ltr'>Omne</span> <span class='ocrx_word' id='word_1_434' title='bbox 2142 4135 2255 4200; x_wconf 89' lang='lat' dir='ltr'>per</span> <span class='ocrx_word' id='word_1_435' title='bbox 2298 4135 2365 4179; x_wconf 90' lang='lat' dir='ltr'>se</span> <span class='ocrx_word' id='word_1_436' title='bbox 2409 4125 2471 4179; x_wconf 88' lang='lat' dir='ltr'>et</span> <span class='ocrx_word' id='word_1_437' title='bbox 2516 4117 2959 4200; x_wconf 88' lang='lat' dir='ltr'>principaliter</span> <span class='ocrx_word' id='word_1_438' title='bbox 3002 4137 3138 4192; x_wconf 90' lang='lat' dir='ltr'>ens,</span> <span class='ocrx_word' id='word_1_439' title='bbox 3172 4138 3395 4182; x_wconf 90' lang='lat' dir='ltr'>secun-</span> 
     </span>
    </p>
   </div>
   <div class='ocr_carea' id='block_1_16' title="bbox 313 4210 3392 4299">
    <p class='ocr_par' dir='ltr' id='par_1_16' title="bbox 313 4210 3392 4299">
     <span class='ocr_line' id='line_1_71' title="bbox 313 4210 3392 4299; baseline 0.004 -29"><span class='ocrx_word' id='word_1_440' title='bbox 313 4210 476 4273; x_wconf 84' lang='lat' dir='ltr'>alitcr</span> <span class='ocrx_word' id='word_1_441' title='bbox 503 4213 662 4294; x_wconf 87' lang='lat' dir='ltr'>ipsis</span> <span class='ocrx_word' id='word_1_442' title='bbox 693 4213 1265 4276; x_wconf 87' lang='lat' dir='ltr'>communicentur.</span> <span class='ocrx_word' id='word_1_443' title='bbox 1282 4213 1584 4277; x_wconf 89' lang='lat' dir='ltr'>Summus</span> <span class='ocrx_word' id='word_1_444' title='bbox 1613 4235 1786 4277; x_wconf 90' lang='lat' dir='ltr'>nam·</span> <span class='ocrx_word' id='word_1_445' title='bbox 1816 4216 1865 4279; x_wconf 91' lang='lat' dir='ltr'>D</span> <span class='ocrx_word' id='word_1_446' title='bbox 1897 4218 2051 4280; x_wconf 90' lang='lat' dir='ltr'>dum</span> <span class='ocrx_word' id='word_1_447' title='bbox 2100 4235 2627 4299; x_wconf 90' lang='lat' dir='ltr'>unumquemque</span> <span class='ocrx_word' id='word_1_448' title='bbox 2684 4217 2974 4280; x_wconf 90' lang='lat' dir='ltr'>ordinem</span> <span class='ocrx_word' id='word_1_449' title='bbox 3026 4237 3225 4281; x_wconf 89' lang='lat' dir='ltr'>unum</span> <span class='ocrx_word' id='word_1_450' title='bbox 3276 4229 3392 4293; x_wconf 89' lang='lat' dir='ltr'>est,</span> 
     </span>
    </p>
   </div>
   <div class='ocr_carea' id='block_1_17' title="bbox 312 4310 1790 5374">
    <p class='ocr_par' dir='ltr' id='par_1_17' title="bbox 312 4310 1790 5170">
     <span class='ocr_line' id='line_1_72' title="bbox 315 4310 1784 4393; baseline 0.003 -23"><span class='ocrx_word' id='word_1_451' title='bbox 315 4326 422 4388; x_wconf 89' lang='lat' dir='ltr'>que</span> <span class='ocrx_word' id='word_1_452' title='bbox 450 4310 614 4373; x_wconf 90' lang='lat' dir='ltr'>Deus</span> <span class='ocrx_word' id='word_1_453' title='bbox 644 4311 794 4373; x_wconf 91' lang='lat' dir='ltr'>deos</span> <span class='ocrx_word' id='word_1_454' title='bbox 835 4310 1192 4391; x_wconf 89' lang='lat' dir='ltr'>distinguit,</span> <span class='ocrx_word' id='word_1_455' title='bbox 1227 4320 1289 4373; x_wconf 90' lang='lat' dir='ltr'>et</span> <span class='ocrx_word' id='word_1_456' title='bbox 1319 4311 1784 4393; x_wconf 88' lang='lat' dir='ltr'>plenitudinem</span> 
     </span>
     <span class='ocr_line' id='line_1_73' title="bbox 314 4405 1786 4492; baseline 0.005 -27"><span class='ocrx_word' id='word_1_457' title='bbox 314 4405 394 4467; x_wconf 90' lang='lat' dir='ltr'>eis</span> <span class='ocrx_word' id='word_1_458' title='bbox 423 4408 634 4470; x_wconf 85' lang='lat' dir='ltr'>influit</span> <span class='ocrx_word' id='word_1_459' title='bbox 672 4427 934 4471; x_wconf 86' lang='lat' dir='ltr'>suarum</span> <span class='ocrx_word' id='word_1_460' title='bbox 966 4409 1427 4490; x_wconf 89' lang='lat' dir='ltr'>proprietatum</span> <span class='ocrx_word' id='word_1_461' title='bbox 1467 4427 1481 4472; x_wconf 75' lang='grc' dir='ltr'>ε</span> <span class='ocrx_word' id='word_1_462' title='bbox 1517 4410 1786 4492; x_wconf 89' lang='lat' dir='ltr'>ideoque</span> 
     </span>
     <span class='ocr_line' id='line_1_74' title="bbox 315 4505 1786 4590; baseline 0.004 -25"><span class='ocrx_word' id='word_1_463' title='bbox 315 4505 381 4566; x_wconf 83' lang='lat' dir='ltr'>ad</span> <span class='ocrx_word' id='word_1_464' title='bbox 415 4506 621 4588; x_wconf 87' lang='lat' dir='ltr'>aliqua</span> <span class='ocrx_word' id='word_1_465' title='bbox 657 4515 808 4569; x_wconf 90' lang='lat' dir='ltr'>sunt</span> <span class='ocrx_word' id='word_1_466' title='bbox 853 4506 1130 4570; x_wconf 87' lang='lat' dir='ltr'>fecundi.</span> <span class='ocrx_word' id='word_1_467' title='bbox 1185 4507 1262 4568; x_wconf 89' lang='lat' dir='ltr'>Et</span> <span class='ocrx_word' id='word_1_468' title='bbox 1305 4507 1370 4569; x_wconf 89' lang='lat' dir='ltr'>in</span> <span class='ocrx_word' id='word_1_469' title='bbox 1415 4525 1482 4570; x_wconf 93' lang='lat' dir='ltr'>se</span> <span class='ocrx_word' id='word_1_470' title='bbox 1524 4508 1786 4590; x_wconf 91' lang='lat' dir='ltr'>quidem</span> 
     </span>
     <span class='ocr_line' id='line_1_75' title="bbox 315 4605 1782 4680; baseline 0.005 -19"><span class='ocrx_word' id='word_1_471' title='bbox 315 4611 446 4664; x_wconf 89' lang='lat' dir='ltr'>sunt</span> <span class='ocrx_word' id='word_1_472' title='bbox 487 4605 662 4666; x_wconf 88' lang='lat' dir='ltr'>velut</span> <span class='ocrx_word' id='word_1_473' title='bbox 709 4605 882 4667; x_wconf 89' lang='lat' dir='ltr'>clara</span> <span class='ocrx_word' id='word_1_474' title='bbox 928 4612 993 4668; x_wconf 92' lang='lat' dir='ltr'>et</span> <span class='ocrx_word' id='word_1_475' title='bbox 1040 4605 1458 4668; x_wconf 88' lang='lat' dir='ltr'>incommixta</span> <span class='ocrx_word' id='word_1_476' title='bbox 1516 4607 1782 4680; x_wconf 89' lang='lat' dir='ltr'>lumina,</span> 
     </span>
     <span class='ocr_line' id='line_1_76' title="bbox 313 4701 1786 4786; baseline 0.005 -27"><span class='ocrx_word' id='word_1_477' title='bbox 313 4701 960 4781; x_wconf 76' lang='lat' dir='ltr'>supersubstantialeS,</span> <span class='ocrx_word' id='word_1_478' title='bbox 1000 4703 1435 4785; x_wconf 88' lang='lat' dir='ltr'>supervivales</span> <span class='ocrx_word' id='word_1_479' title='bbox 1465 4711 1529 4766; x_wconf 92' lang='lat' dir='ltr'>et</span> <span class='ocrx_word' id='word_1_480' title='bbox 1567 4723 1786 4786; x_wconf 86' lang='lat' dir='ltr'>super-</span> 
     </span>
     <span class='ocr_line' id='line_1_77' title="bbox 312 4795 1789 4886; baseline 0.005 -28"><span class='ocrx_word' id='word_1_481' title='bbox 312 4795 652 4862; x_wconf 88' lang='lat' dir='ltr'>intellectus</span> <span class='ocrx_word' id='word_1_482' title='bbox 681 4799 1294 4884; x_wconf 76' lang='lat' dir='ltr'>exsistente3,quum</span> <span class='ocrx_word' id='word_1_483' title='bbox 1323 4803 1452 4865; x_wconf 88' lang='lat' dir='ltr'>sint</span> <span class='ocrx_word' id='word_1_484' title='bbox 1483 4805 1546 4866; x_wconf 89' lang='lat' dir='ltr'>in</span> <span class='ocrx_word' id='word_1_485' title='bbox 1582 4805 1789 4886; x_wconf 89' lang='lat' dir='ltr'>primo</span> 
     </span>
     <span class='ocr_line' id='line_1_78' title="bbox 312 4899 1788 4982; baseline 0.007 -27"><span class='ocrx_word' id='word_1_486' title='bbox 312 4914 502 4959; x_wconf 89' lang='lat' dir='ltr'>rerum</span> <span class='ocrx_word' id='word_1_487' title='bbox 531 4899 774 4961; x_wconf 90' lang='lat' dir='ltr'>ordine.</span> <span class='ocrx_word' id='word_1_488' title='bbox 811 4899 888 4961; x_wconf 88' lang='lat' dir='ltr'>Et</span> <span class='ocrx_word' id='word_1_489' title='bbox 917 4909 1061 4982; x_wconf 91' lang='lat' dir='ltr'>post</span> <span class='ocrx_word' id='word_1_490' title='bbox 1098 4900 1270 4982; x_wconf 91' lang='lat' dir='ltr'>ipsos</span> <span class='ocrx_word' id='word_1_491' title='bbox 1307 4911 1458 4963; x_wconf 90' lang='lat' dir='ltr'>sunt</span> <span class='ocrx_word' id='word_1_492' title='bbox 1498 4902 1788 4966; x_wconf 90' lang='lat' dir='ltr'>coelestes</span> 
     </span>
     <span class='ocr_line' id='line_1_79' title="bbox 314 4991 1790 5080; baseline 0.006 -29"><span class='ocrx_word' id='word_1_493' title='bbox 314 4991 673 5068; x_wconf 85' lang='lat' dir='ltr'>intellectus,</span> <span class='ocrx_word' id='word_1_494' title='bbox 735 4995 968 5058; x_wconf 89' lang='lat' dir='ltr'>dehinc</span> <span class='ocrx_word' id='word_1_495' title='bbox 1027 4995 1276 5059; x_wconf 86' lang='lat' dir='ltr'>nobiles</span> <span class='ocrx_word' id='word_1_496' title='bbox 1333 4997 1584 5072; x_wconf 82' lang='lat' dir='ltr'>animae,</span> <span class='ocrx_word' id='word_1_497' title='bbox 1647 5007 1790 5080; x_wconf 92' lang='lat' dir='ltr'>post</span> 
     </span>
     <span class='ocr_line' id='line_1_80' title="bbox 313 5093 1624 5170; baseline 0.005 -19"><span class='ocrx_word' id='word_1_498' title='bbox 313 5109 451 5170; x_wconf 87' lang='lat' dir='ltr'>quas</span> <span class='ocrx_word' id='word_1_499' title='bbox 489 5101 636 5156; x_wconf 90' lang='lat' dir='ltr'>sunt</span> <span class='ocrx_word' id='word_1_500' title='bbox 679 5095 988 5157; x_wconf 87' lang='lat' dir='ltr'>coelorum</span> <span class='ocrx_word' id='word_1_501' title='bbox 1031 5093 1375 5158; x_wconf 77' lang='lat' dir='ltr'>deiformes</span> <span class='ocrx_word' id='word_1_502' title='bbox 1417 5095 1624 5158; x_wconf 81' lang='lat' dir='ltr'>orbes,</span> 
     </span>
    </p>

    <p class='ocr_par' dir='ltr' id='par_1_18' title="bbox 313 5189 1785 5374">
     <span class='ocr_line' id='line_1_81' title="bbox 381 5189 1785 5273; baseline 0.006 -22"><span class='ocrx_word' id='word_1_503' title='bbox 381 5189 500 5252; x_wconf 87' lang='lat' dir='ltr'>Hoc</span> <span class='ocrx_word' id='word_1_504' title='bbox 537 5211 688 5273; x_wconf 87' lang='lat' dir='ltr'>ergo</span> <span class='ocrx_word' id='word_1_505' title='bbox 731 5193 922 5255; x_wconf 90' lang='lat' dir='ltr'>modo</span> <span class='ocrx_word' id='word_1_506' title='bbox 948 5192 1120 5256; x_wconf 86' lang='lat' dir='ltr'>Plato</span> <span class='ocrx_word' id='word_1_507' title='bbox 1147 5201 1210 5255; x_wconf 88' lang='lat' dir='ltr'>et</span> <span class='ocrx_word' id='word_1_508' title='bbox 1238 5193 1494 5256; x_wconf 87' lang='lat' dir='ltr'>Proclus</span> <span class='ocrx_word' id='word_1_509' title='bbox 1534 5213 1684 5258; x_wconf 91' lang='lat' dir='ltr'>cum</span> <span class='ocrx_word' id='word_1_510' title='bbox 1717 5215 1785 5260; x_wconf 89' lang='lat' dir='ltr'>se</span> 
     </span>
     <span class='ocr_line' id='line_1_82' title="bbox 313 5290 1442 5374; baseline 0.005 -25"><span class='ocrx_word' id='word_1_511' title='bbox 313 5291 680 5354; x_wconf 85' lang='lat' dir='ltr'>sectantibus</span> <span class='ocrx_word' id='word_1_512' title='bbox 722 5290 1084 5374; x_wconf 89' lang='lat' dir='ltr'>producunt</span> <span class='ocrx_word' id='word_1_513' title='bbox 1125 5291 1442 5356; x_wconf 87' lang='lat' dir='ltr'>universa.</span> 
     </span>
    </p>
   </div>
   <div class='ocr_carea' id='block_1_18' title="bbox 1894 4315 3399 5379">
    <p class='ocr_par' dir='ltr' id='par_1_19' title="bbox 1894 4315 3399 5379">
     <span class='ocr_line' id='line_1_83' title="bbox 1897 4315 3394 4398; baseline 0.002 -20"><span class='ocrx_word' id='word_1_514' title='bbox 1897 4323 1960 4378; x_wconf 90' lang='lat' dir='ltr'>et</span> <span class='ocrx_word' id='word_1_515' title='bbox 2016 4333 2225 4396; x_wconf 89' lang='lat' dir='ltr'>neque</span> <span class='ocrx_word' id='word_1_516' title='bbox 2275 4315 2402 4377; x_wconf 89' lang='lat' dir='ltr'>duo</span> <span class='ocrx_word' id='word_1_517' title='bbox 2450 4334 2657 4397; x_wconf 91' lang='lat' dir='ltr'>neque</span> <span class='ocrx_word' id='word_1_518' title='bbox 2720 4316 2903 4398; x_wconf 92' lang='lat' dir='ltr'>plura</span> <span class='ocrx_word' id='word_1_519' title='bbox 2960 4316 3232 4392; x_wconf 79' lang='lat' dir='ltr'>duobuS,</span> <span class='ocrx_word' id='word_1_520' title='bbox 3283 4320 3394 4381; x_wconf 89' lang='lat' dir='ltr'>sed</span> 
     </span>
     <span class='ocr_line' id='line_1_84' title="bbox 1897 4413 3395 4499; baseline 0.003 -25"><span class='ocrx_word' id='word_1_521' title='bbox 1897 4413 2162 4475; x_wconf 89' lang='lat' dir='ltr'>unicum</span> <span class='ocrx_word' id='word_1_522' title='bbox 2194 4430 2401 4475; x_wconf 91' lang='lat' dir='ltr'>omne.</span> <span class='ocrx_word' id='word_1_523' title='bbox 2436 4413 2611 4486; x_wconf 85' lang='lat' dir='ltr'>Quod</span> <span class='ocrx_word' id='word_1_524' title='bbox 2642 4415 2851 4476; x_wconf 92' lang='lat' dir='ltr'>denuo</span> <span class='ocrx_word' id='word_1_525' title='bbox 2882 4415 3001 4478; x_wconf 92' lang='lat' dir='ltr'>hoc</span> <span class='ocrx_word' id='word_1_526' title='bbox 3033 4415 3155 4478; x_wconf 90' lang='lat' dir='ltr'>tale</span> <span class='ocrx_word' id='word_1_527' title='bbox 3183 4435 3299 4499; x_wconf 91' lang='lat' dir='ltr'>per</span> <span class='ocrx_word' id='word_1_528' title='bbox 3326 4435 3395 4479; x_wconf 90' lang='lat' dir='ltr'>se</span> 
     </span>
     <span class='ocr_line' id='line_1_85' title="bbox 1896 4511 3395 4594; baseline 0.003 -21"><span class='ocrx_word' id='word_1_529' title='bbox 1896 4511 1978 4573; x_wconf 89' lang='lat' dir='ltr'>sit</span> <span class='ocrx_word' id='word_1_530' title='bbox 2003 4516 2132 4572; x_wconf 90' lang='lat' dir='ltr'>tota</span> <span class='ocrx_word' id='word_1_531' title='bbox 2158 4529 2225 4573; x_wconf 90' lang='lat' dir='ltr'>se</span> <span class='ocrx_word' id='word_1_532' title='bbox 2252 4511 2769 4593; x_wconf 87' lang='lat' dir='ltr'>participantium</span> <span class='ocrx_word' id='word_1_533' title='bbox 2798 4512 3395 4594; x_wconf 79' lang='lat' dir='ltr'>hypostasiS,osten-</span> 
     </span>
     <span class='ocr_line' id='line_1_86' title="bbox 1896 4609 3393 4685; baseline 0.002 -14"><span class='ocrx_word' id='word_1_534' title='bbox 1896 4609 1991 4671; x_wconf 89' lang='lat' dir='ltr'>dit</span> <span class='ocrx_word' id='word_1_535' title='bbox 2048 4610 2527 4674; x_wconf 88' lang='lat' dir='ltr'>octavodecimo</span> <span class='ocrx_word' id='word_1_536' title='bbox 2574 4611 2985 4685; x_wconf 90' lang='lat' dir='ltr'>theoremate,</span> <span class='ocrx_word' id='word_1_537' title='bbox 3036 4613 3189 4673; x_wconf 91' lang='lat' dir='ltr'>dum</span> <span class='ocrx_word' id='word_1_538' title='bbox 3239 4613 3327 4674; x_wconf 88' lang='lat' dir='ltr'>ait</span> <span class='ocrx_word' id='word_1_539' title='bbox 3380 4629 3393 4674; x_wconf 91' lang='lat'><strong>:</strong></span> 
     </span>
     <span class='ocr_line' id='line_1_87' title="bbox 1897 4707 3399 4792; baseline 0.001 -22"><span class='ocrx_word' id='word_1_540' title='bbox 1897 4707 2097 4770; x_wconf 92' lang='lat' dir='ltr'>Omne</span> <span class='ocrx_word' id='word_1_541' title='bbox 2127 4707 2423 4770; x_wconf 87' lang='lat' dir='ltr'>derivans</span> <span class='ocrx_word' id='word_1_542' title='bbox 2453 4727 2591 4770; x_wconf 91' lang='lat' dir='ltr'>esse</span> <span class='ocrx_word' id='word_1_543' title='bbox 2622 4709 2785 4782; x_wconf 83' lang='lat' dir='ltr'>aliis,</span> <span class='ocrx_word' id='word_1_544' title='bbox 2821 4709 3033 4790; x_wconf 90' lang='lat' dir='ltr'>ipsum</span> <span class='ocrx_word' id='word_1_545' title='bbox 3065 4729 3178 4792; x_wconf 91' lang='lat' dir='ltr'>per</span> <span class='ocrx_word' id='word_1_546' title='bbox 3206 4729 3274 4772; x_wconf 90' lang='lat' dir='ltr'>se</span> <span class='ocrx_word' id='word_1_547' title='bbox 3302 4719 3399 4773; x_wconf 89' lang='lat' dir='ltr'>est</span> 
     </span>
     <span class='ocr_line' id='line_1_88' title="bbox 1896 4805 3399 4886; baseline 0.001 -18"><span class='ocrx_word' id='word_1_548' title='bbox 1896 4807 2016 4868; x_wconf 90' lang='lat' dir='ltr'>hoc</span> <span class='ocrx_word' id='word_1_549' title='bbox 2076 4806 2244 4886; x_wconf 89' lang='lat' dir='ltr'>quod</span> <span class='ocrx_word' id='word_1_550' title='bbox 2296 4805 2489 4867; x_wconf 88' lang='lat' dir='ltr'>tradit</span> <span class='ocrx_word' id='word_1_551' title='bbox 2547 4805 3007 4886; x_wconf 90' lang='lat' dir='ltr'>recipientibus</span> <span class='ocrx_word' id='word_1_552' title='bbox 3064 4807 3399 4870; x_wconf 87' lang='lat' dir='ltr'>derivatio-</span> 
     </span>
     <span class='ocr_line' id='line_1_89' title="bbox 1897 4903 3397 4987; baseline 0.001 -20"><span class='ocrx_word' id='word_1_553' title='bbox 1897 4924 2067 4967; x_wconf 89' lang='lat' dir='ltr'>nem.</span> <span class='ocrx_word' id='word_1_554' title='bbox 2117 4904 2193 4964; x_wconf 89' lang='lat' dir='ltr'>Et</span> <span class='ocrx_word' id='word_1_555' title='bbox 2225 4903 2455 4966; x_wconf 88' lang='lat' dir='ltr'>iterum</span> <span class='ocrx_word' id='word_1_556' title='bbox 2491 4904 2843 4966; x_wconf 88' lang='lat' dir='ltr'>centesimo</span> <span class='ocrx_word' id='word_1_557' title='bbox 2874 4905 3179 4968; x_wconf 91' lang='lat' dir='ltr'>vicesimo</span> <span class='ocrx_word' id='word_1_558' title='bbox 3216 4906 3397 4987; x_wconf 90' lang='lat' dir='ltr'>quin-</span> 
     </span>
     <span class='ocr_line' id='line_1_90' title="bbox 1896 5000 3396 5082; baseline 0.003 -20"><span class='ocrx_word' id='word_1_559' title='bbox 1896 5009 1960 5063; x_wconf 91' lang='lat' dir='ltr'>to</span> <span class='ocrx_word' id='word_1_560' title='bbox 1991 5001 2382 5064; x_wconf 88' lang='lat' dir='ltr'>theoremate</span> <span class='ocrx_word' id='word_1_561' title='bbox 2411 5002 2499 5062; x_wconf 91' lang='lat' dir='ltr'>ait</span> <span class='ocrx_word' id='word_1_562' title='bbox 2534 5019 2547 5062; x_wconf 90' lang='lat'>:</span> <span class='ocrx_word' id='word_1_563' title='bbox 2582 5000 2801 5064; x_wconf 90' lang='lat' dir='ltr'>Omnis</span> <span class='ocrx_word' id='word_1_564' title='bbox 2832 5001 2987 5063; x_wconf 91' lang='lat' dir='ltr'>deus</span> <span class='ocrx_word' id='word_1_565' title='bbox 3020 5001 3113 5082; x_wconf 91' lang='lat' dir='ltr'>(id</span> <span class='ocrx_word' id='word_1_566' title='bbox 3144 5011 3241 5064; x_wconf 89' lang='lat' dir='ltr'>est</span> <span class='ocrx_word' id='word_1_567' title='bbox 3271 5003 3396 5066; x_wconf 90' lang='lat' dir='ltr'>ide-</span> 
     </span>
     <span class='ocr_line' id='line_1_91' title="bbox 1894 5097 3395 5183; baseline 0.003 -23"><span class='ocrx_word' id='word_1_568' title='bbox 1894 5099 2011 5160; x_wconf 93' lang='lat' dir='ltr'>alis</span> <span class='ocrx_word' id='word_1_569' title='bbox 2045 5097 2278 5178; x_wconf 86' lang='lat' dir='ltr'>forma)</span> <span class='ocrx_word' id='word_1_570' title='bbox 2306 5117 2341 5160; x_wconf 87' lang='lat' dir='ltr'>a</span> <span class='ocrx_word' id='word_1_571' title='bbox 2371 5116 2779 5180; x_wconf 90' lang='lat' dir='ltr'>quocumque</span> <span class='ocrx_word' id='word_1_572' title='bbox 2820 5099 3043 5161; x_wconf 90' lang='lat' dir='ltr'>ordine</span> <span class='ocrx_word' id='word_1_573' title='bbox 3083 5100 3395 5183; x_wconf 89' lang='lat' dir='ltr'>inceperit</span> 
     </span>
     <span class='ocr_line' id='line_1_92' title="bbox 1895 5197 3392 5280; baseline 0.002 -21"><span class='ocrx_word' id='word_1_574' title='bbox 1895 5197 2171 5260; x_wconf 89' lang='lat' dir='ltr'>emicare</span> <span class='ocrx_word' id='word_1_575' title='bbox 2230 5215 2298 5258; x_wconf 90' lang='lat' dir='ltr'>se</span> <span class='ocrx_word' id='word_1_576' title='bbox 2358 5197 2595 5279; x_wconf 88' lang='lat' dir='ltr'>ipsum,</span> <span class='ocrx_word' id='word_1_577' title='bbox 2660 5197 2948 5278; x_wconf 83' lang='lat' dir='ltr'>procedit</span> <span class='ocrx_word' id='word_1_578' title='bbox 3005 5216 3119 5280; x_wconf 91' lang='lat' dir='ltr'>per</span> <span class='ocrx_word' id='word_1_579' title='bbox 3174 5200 3392 5262; x_wconf 89' lang='lat' dir='ltr'>omnia</span> 
     </span>
     <span class='ocr_line' id='line_1_93' title="bbox 1894 5295 3389 5379; baseline 0.003 -22"><span class='ocrx_word' id='word_1_580' title='bbox 1894 5296 2195 5370; x_wconf 87' lang='lat' dir='ltr'>secunda,</span> <span class='ocrx_word' id='word_1_581' title='bbox 2228 5314 2483 5379; x_wconf 90' lang='lat' dir='ltr'>semper</span> <span class='ocrx_word' id='word_1_582' title='bbox 2524 5295 2785 5377; x_wconf 88' lang='lat' dir='ltr'>quidem</span> <span class='ocrx_word' id='word_1_583' title='bbox 2825 5295 3203 5378; x_wconf 84' lang='lat' dir='ltr'>plurificans</span> <span class='ocrx_word' id='word_1_584' title='bbox 3242 5317 3389 5362; x_wconf 88' lang='lat' dir='ltr'>suas</span> 
     </span>
    </p>
   </div>
  </div>
 </body>
</html>
