4300 6259
873 511 954 558 1)ss
993 509 1222 556 mmm-2
1263 509 1646 556 cumsuANAE
1685 509 1987 566 Tfleomffi,
2033 509 2211 556 nunu
2252 510 2293 556 1.
2342 527 2421 538 --
2462 510 2603 556 ΛΒΤ.
2648 510 2790 556 Lxlx
2820 539 2831 548 -

3262 489 3383 554 315

311 685 494 749 fertur
531 701 546 748 :
584 703 728 766 quae
772 691 926 748 tunc
963 683 1167 746 l'atum
1209 682 1466 756 dicitur,
1512 682 1664 744 dum
1713 681 1777 745 in
1808 679 1861 742 Α
1889 679 2237 745 lationibus
2292 680 2657 762 subjicitur,
2708 701 2909 763 quum
2967 680 3049 743 sit
3096 678 3387 762 incorpo-

314 786 478 848 rectis
517 783 756 865 digesta
801 791 914 847 est.
959 783 1106 858 Quae
1150 801 1298 844 vera
1341 800 1481 844 esse
1525 781 1778 864 plenius

315 882 576 966 liquebit,
629 883 684 944 si
743 882 1078 963 utriusque
1136 881 1448 944 rationem
1505 879 1777 962 accipia-

315 1001 458 1044 muS.
489 981 592 1042 Est
621 981 816 1062 igitur
849 981 1271 1062 providentia,
1305 979 1444 1062 ipsa
1475 979 1584 1041 illa
1620 977 1780 1040 divi-

311 1099 380 1142 na
407 1079 554 1142 ratio
582 1079 646 1140 in
679 1096 934 1141 summo
975 1077 1266 1140 omnium
1309 1076 1602 1158 principe
1635 1093 1779 1138 con-

311 1179 522 1250 stituta,
567 1196 708 1260 quae
752 1185 981 1240 cuncta
1012 1177 1335 1258 disponit3
1368 1175 1570 1238 fatum
1602 1191 1776 1248 ver0,

311 1276 598 1339 inhaerens
642 1275 834 1338 rebus
875 1273 1222 1338 mobilibus
1265 1273 1621 1356 dispositiO,
1654 1291 1780 1355 qua

311 1373 684 1454 providentia
720 1391 990 1454 quaeque
1020 1373 1154 1435 suis
1193 1373 1390 1434 nectit
1421 1371 1774 1434 ordinibus,

311 1471 492 1534 Claret
522 1471 713 1552 igitur
751 1470 952 1533 satum
995 1471 1060 1532 in
1104 1469 1474 1542 mobilibuS,
1507 1486 1632 1531 non
1675 1487 1780 1530 au-

311 1578 422 1631 tem
442 1569 502 1631 in
531 1569 1070 1632 intellectualibus
1101 1569 1364 1640 naturiS‚
1380 1568 1782 1630 statuendum

311 1686 448 1730 esse.
477 1667 684 1730 Prima
723 1687 1000 1749 namque
1039 1675 1102 1729 et
1139 1685 1440 1749 suprema
1479 1667 1652 1728 entia
1691 1664 1778 1728 l'a·

313 1775 428 1828 tum
459 1773 754 1828 exercent
790 1773 980 1848 atque
1019 1765 1366 1846 complent,
1401 1765 1555 1826 dum
1597 1765 1780 1844 juxta

1889 781 2038 842 ralis
2087 789 2153 844 et
2210 781 2485 864 simplex
2546 788 2769 843 natura
2830 798 2844 842 ε
2898 797 3155 842 omnem
3214 778 3391 860 equi-

1887 880 2032 942 dem
2107 898 2429 962 corporeae
2499 879 2883 942 conditionis
2956 879 3257 941 virtutem
3326 883 3390 939 et

1887 978 2327 1041 causalitatem
2386 978 2889 1060 supergreditur,
2942 995 3017 1040 eo
3075 976 3245 1058 quod
3294 975 3387 1038 in-

1889 1077 2181 1140 tellectus
2227 1077 2309 1138 sit
2355 1077 2685 1140 immixtus
2728 1085 2791 1139 et
2834 1074 3261 1158 inorganicuS,
3294 1093 3388 1136 se-

1887 1177 2171 1238 cundum
2234 1176 2655 1238 Aristotelem.
2710 1176 3188 1248 Verumtamen,
3238 1173 3391 1255 quia

1888 1273 2092 1336 forma
2134 1275 2419 1356 corporis
2448 1282 2565 1348 est,
2613 1273 3050 1356 independens
3082 1280 3295 1334 tamen
3326 1279 3391 1333 et

1887 1372 2263 1454 separabilis
2322 1389 2605 1454 prorsuS,
2658 1372 3129 1454 quodammodo
3183 1376 3246 1433 et
3296 1369 3391 1430 in-

1887 1471 2126 1534 directe
2174 1469 2453 1534 motibus
2492 1470 2799 1534 coelorum
2842 1470 3028 1533 subdi
3071 1469 3324 1532 videtur
3372 1485 3385 1528 :

1887 1587 2161 1651 quorum
2212 1568 2569 1631 influxione
2620 1585 2745 1630 non
2792 1569 3231 1640 necessitatur,
3278 1566 3388 1629 sed

1888 1667 2233 1731 inclinatur
2273 1685 2287 1730 :
2336 1667 2590 1751 sapiens
2641 1685 2917 1748 namque
2966 1685 3091 1729 non
3139 1673 3387 1728 tantum

1887 1765 2010 1828 sibi
2059 1773 2120 1827 et
2174 1765 2587 1828 inferioribus
2642 1773 2881 1828 naturae
2928 1784 3059 1828 suae
3116 1763 3385 1834 viribuS,

310 1864 516 1927 divinae
547 1866 778 1927 mentis
807 1865 1202 1927 sanctionem
1234 1864 1588 1947 corporalia
1615 1883 1780 1946 quae-
1815 1865 1860 1928 B
1889 1864 1998 1925 scd
2046 1862 2238 1924 etiam
2289 1864 2475 1925 astris
2525 1861 2981 1934 dominabitur,
3034 1862 3385 1924 secundum

311 1982 418 2044 que
443 1962 812 2044 gubernant.
846 1964 1298 2026 Verumtamen
1330 1963 1780 2046 exemplariter

311 2071 366 2124 et
401 2061 730 2124 causaliter
773 2063 938 2124 inest
983 2061 1182 2124 fatum
1227 2063 1435 2124 causis
1483 2062 1610 2123 illis
1653 2062 1780 2123 Deo

311 2160 740 2236 vicinissimis3
773 2160 882 2222 sed
927 2161 1046 2222 hoc
1086 2161 1212 2223 cito
1250 2161 1527 2242 amplius
1565 2159 1778 2242 expla-

309 2258 558 2320 nabitur.
593 2259 772 2320 Nunc
817 2275 969 2322 vero
1013 2259 1076 2320 in
1121 2267 1364 2322 tantum
1409 2259 1652 2320 dictum
1699 2259 1781 2320 sit

310 2363 363 2416 et
401 2356 600 2436 palam
633 2355 870 2418 factum
907 2374 920 2418 :
963 2357 1324 2438 simplicem
1373 2375 1444 2418 ac
1489 2355 1780 2418 immobi-

311 2453 420 2515 lem
449 2473 658 2516 rerum
687 2455 1110 2534 gerendarum
1149 2455 1418 2518 formam
1461 2455 1596 2517 iore
1637 2471 1778 2536 pro·

309 2552 674 2630 videntiam3
711 2553 912 2614 iatum
943 2561 1180 2628 autem,
1207 2553 1508 2616 mobilem
1541 2572 1774 2616 nexum

306 2651 700 2733 ordinemque
742 2651 1156 2734 temporalem
1196 2669 1416 2714 eorum
1459 2670 1598 2732 quae
1641 2670 1780 2733 pro-

309 2747 566 2810 videntia
623 2749 974 2812 ordinanda
1031 2751 1132 2812 vel
1191 2749 1600 2833 producenda
1655 2751 1778 2812 dis·

309 2847 486 2926 ponit.

639 3100 1130 3166 ARTICULUS
1175 3102 1417 3166 LXIX.

303 3263 386 3320 De
417 3260 946 3320 subordinatione
987 3269 1048 3318 ec
1090 3261 1476 3320 habitudine
1519 3263 1656 3338 saci
1691 3265 1778 3320 ad

361 3350 840 3424 providentiam
871 3369 894 3407 :
928 3349 1000 3407 in
1041 3369 1166 3427 quo
1209 3352 1602 3420 ostenditur,
1633 3371 1778 3429 quw

368 3440 664 3512 fataliter
707 3447 767 3496 et
827 3457 972 3516 quse
1023 3440 1604 3514 providentiae-'ter
1655 3461 1776 3518 yu-

373 3528 742 3586 hernencur.

460 3831 576 3892 bus
623 3829 970 3891 mobilibus
1013 3829 1348 3902 ordinati0‚
1383 3831 1628 3892 entium
1670 3851 1778 3892 au-

307 3935 418 3990 tem
470 3929 758 4011 quaedam
817 3927 1078 4009 quidem
1148 3947 1342 4010 supra
1411 3936 1652 3991 motum
1717 3936 1780 3992 et

303 4035 534 4109 tempus
583 4033 756 4100 sunt,
808 4027 886 4088 de
935 4027 1170 4107 quibus
1231 4034 1329 4088 est
1387 4026 1592 4089 Prima
1641 4027 1780 4108 phi-

303 4123 602 4207 losophia3
629 4125 836 4207 palam
868 4125 1040 4206 quod
1071 4142 1197 4186 non
1229 4125 1444 4186 omnia
1475 4125 1582 4186 illa
1612 4144 1781 4187 com-

311 3728 718 3928 QL'ONlAM
763 3748 916 3794 vero
957 3731 1155 3794 fatum
1197 3739 1294 3794 est
1335 3731 1648 3796 inhaerens
1687 3751 1778 3794 re-

1885 1961 2313 2024 Ptolemaeum.
2364 1961 2575 2034 Porro,
2618 1979 2985 2043 quanquam
3028 1979 3153 2022 una
3205 1959 3387 2022 intel-

1889 2059 2169 2122 lectualis
2219 2059 2574 2122 substantia
2621 2059 2700 2121 ab
2752 2059 2880 2120 alia
2928 2059 3281 2120 illustretur
3326 2064 3391 2120 et

1887 2167 2161 2237 regatur,
2214 2177 2436 2220 omnes
2494 2167 2709 2220 tamen
2758 2157 2872 2219 sati
2920 2157 3235 2218 ambitum
3286 2175 3390 2218 su-

1887 2262 2134 2338 perant,
2172 2265 2235 2318 et
2274 2256 2357 2319 ob
2410 2257 2473 2319 id
2514 2255 3064 2339 providentialiter
3106 2263 3171 2318 et
3217 2274 3253 2316 a
3294 2271 3389 2316 so-

1889 2355 1950 2417 lo
1997 2355 2126 2417 Deo
2183 2355 2486 2417 dicuntur
2541 2354 2903 2436 gubernari.
2959 2354 3217 2426 lterum,
3268 2353 3389 2416 hoc

1887 2452 2030 2515 ideo
2069 2471 2294 2515 verum
2336 2461 2453 2526 est,
2487 2455 2792 2538 quoniam
2833 2472 2868 2515 a
2906 2452 3043 2516 solo
3082 2453 3209 2514 Deo
3250 2469 3389 2534 pro·

1885 2552 2230 2625 ducuntur,
2264 2553 2618 2614 naturalem
2662 2551 2933 2632 propriae
2974 2548 3387 2613 beatitudinis

1883 2651 2240 2732 appetitum
2272 2667 2399 2712 non
2433 2649 2555 2712 nisi
2586 2649 2667 2712 ab
2698 2649 2808 2712 illo
2838 2649 3281 2730 suscipientes,

1965 2749 2191 2812 Omnia
2232 2749 2443 2810 denuo
2488 2747 2771 2822 mobilia,
2818 2755 2883 2810 et
2924 2767 3065 2831 quae
3108 2746 3389 2809 median-

1885 2846 2058 2908 tibus
2105 2847 2315 2908 causis
2362 2847 2661 2908 secundis
2702 2866 2737 2908 a
2780 2862 3032 2908 summo
3074 2844 3202 2908 Deo
3245 2861 3388 2927 pro-

1883 2945 2207 3007 ducuntur
2272 2951 2336 3006 et
2400 2951 2730 3025 reguntur,
2792 2943 2919 3006 fato
2986 2942 3261 3006 subsunt
3323 2949 3389 3004 et

1805 3040 1848 3104 C
1884 3041 2162 3105 fataliter
2227 3051 2397 3105 recta
2465 3049 2631 3104 sunt.
2694 3043 2823 3104 Hoc
2888 3041 3131 3124 quippe
3200 3041 3387 3103 modo

1885 3142 2076 3203 etiam
2127 3141 2390 3204 humani
2434 3149 2702 3204 eventus
2750 3149 2813 3204 et
2862 3148 3041 3202 actus
3088 3140 3217 3202 fato
3261 3139 3385 3202 dis-

1886 3250 2233 3324 ponuntur,
2278 3248 2345 3302 ut
2385 3241 2642 3305 Boetius
2687 3239 3021 3302 manifeste
3066 3247 3333 3302 testatur
3366 3256 3380 3301 ε
3412 3255 3493 3359 lae
3515 3255 3677 3361 ῇῖιηιῖ-

3414 3393 3528 3434 prot.
3555 3385 3596 3424 8.

1887 3339 2054 3420 quod
2105 3339 2595 3420 intelligendum
2644 3348 2740 3401 est
2781 3339 2987 3420 quoad
3033 3338 3387 3400 inclinatio-

1887 3456 2035 3498 nem
2065 3438 2433 3518 quamdam‚
2468 3457 2591 3519 qua
2624 3438 2815 3500 homo
2854 3437 3204 3499 secundum
3250 3455 3385 3518 par-

1886 3543 2016 3597 tem
2048 3534 2443 3610 inferiorem,
2486 3535 2793 3599 coelorum
2828 3534 3293 3598 influxionibus
3323 3541 3387 3596 ct

1889 3633 2422 3716 impressionibus
2465 3634 2700 3696 subest.
2740 3633 2861 3696 Sed
2906 3634 3207 3715 quoniam
3252 3633 3387 3694 haec

1889 3751 2034 3814 pars
2067 3730 2351 3804 inferior,
2378 3732 2783 3794 intellectivae
2818 3731 3116 3813 portioni,
3144 3750 3285 3813 quae
3314 3729 3387 3790 li-

1889 3831 2038 3893 bera
2084 3837 2145 3892 et
2196 3829 2636 3892 immaterialis
2680 3838 2797 3902 est,
2844 3829 3198 3910 copulatur,
3248 3828 3387 3890 ideo

1889 3947 2004 4010 per
2033 3928 2341 3991 coelorum
2374 3929 2655 3990 actiones
2686 3928 3047 4008 disponitur
3074 3927 3305 3996 solum,
3324 3935 3387 3990 et

1891 4027 2231 4089 inclinatur
2260 4026 2337 4087 ad
2368 4026 2649 4088 actiones
2684 4025 2971 4087 meliores
3000 4033 3105 4087 aut
3136 4025 3383 4107 pej0res

1889 4145 1999 4188 seu
2035 4123 2521 4202 fortunatiores3
2554 4125 2663 4186 sed
2698 4124 2760 4186 in
2793 4143 2860 4186 se
2892 4125 3029 4206 ipso
3056 4123 3247 4186 habet
3277 4124 3384 4186 ho-

303 4225 617 4303 prehendit
649 4223 852 4284 iatum
883 4242 1024 4305 quae
1067 4223 1490 4304 providentia.
1531 4223 1778 4285 Etenim
1813 4229 1860 4290 D
1893 4241 1996 4286 mo
2029 4223 2421 4306 principium
2455 4223 2625 4304 quod
2656 4241 2732 4284 ex
2764 4241 2831 4284 se
2862 4230 3147 4286 avertere
3180 4231 3385 4305 potest

301 4321 682 4401 providentia
711 4321 1010 4383 universa
1039 4321 1545 4402 comprehendit,
1579 4320 1780 4384 satum

301 4429 494 4481 autem
539 4419 804 4482 mobilia
848 4419 1191 4482 dumtaxat.
1243 4419 1329 4480 Ea
1379 4419 1592 4500 itaque
1641 4439 1782 4500 quae

303 4535 550 4582 summae
608 4517 938 4580 Divinitati
989 4517 1300 4580 viciniora
1350 4526 1520 4591 sunt,
1573 4517 1781 4580 fatalis

304 4615 522 4677 ordinis
551 4616 785 4678 seriem
815 4615 1110 4678 evadunt.
1147 4613 1289 4677 Haec
1322 4615 1602 4697 denique
1635 4623 1783 4677 sunt

303 4711 744 4776 intellectuales
783 4712 1172 4784 substantiae,
1207 4731 1348 4793 quae
1385 4732 1422 4775 a
1461 4713 1594 4776 solo
1625 4713 1783 4776 Con-

302 4810 485 4873 ditore
515 4811 580 4873 in
611 4830 751 4873 esse
783 4810 1136 4892 procedunt
1163 4819 1228 4872 et
1259 4819 1584 4891 reguntur.
1610 4813 1780 4874 ldeo-

301 4928 412 4990 que
467 4909 1014 4993 providentialiter
1058 4908 1400 4989 gubernari
1453 4910 1776 4984 dicuntur,

301 5011 582 5088 quoniam
640 5007 802 5070 nulli
863 5005 1139 5068 inl'luxui
1198 5007 1486 5088 corporei
1536 5010 1778 5089 agentis

299 5107 635 5181 substratae,
659 5106 876 5170 liberae
897 5113 1178 5180 manent,
1203 5105 1359 5188 ipsis
1381 5107 1572 5168 etiam
1593 5107 1780 5170 astris

299 5203 700 5268 dominantes.
736 5205 911 5267 [nde
940 5203 1154 5265 anima
1185 5203 1460 5267 humana
1490 5204 1620 5268 fato
1650 5223 1776 5268 non

297 5303 596 5379 subditur,
649 5321 768 5367 nec
813 5302 1054 5366 directe
1103 5300 1462 5366 coelestium
1519 5302 1774 5367 orbium

1889 4340 1956 4384 se
1989 4321 2224 4402 ipsum,
2248 4327 2313 4382 et
2340 4329 2709 4383 convertere
2740 4338 2867 4402 quo
2888 4321 3055 4383 vult:
3078 4323 3245 4403 quod
3268 4323 3389 4384 uti·

1889 4437 2012 4501 que
2061 4427 2319 4500 propter
2364 4418 2877 4481 innecessitabile
2922 4426 2981 4482 et
3024 4420 3382 4482 incoactum

1891 4526 2272 4599 perseverat.
2310 4517 2436 4579 Hoc
2477 4535 2627 4580 vero
2658 4517 2819 4578 nulli
2852 4525 3091 4580 naturae
3120 4527 3231 4580 aut
3264 4519 3384 4581 vir-

1889 4617 2009 4678 tuti
2055 4636 2198 4698 quae
2244 4615 2364 4678 sub
2408 4615 2669 4678 homine
2714 4623 2830 4690 est,
2884 4624 3088 4698 potest
3136 4635 3386 4699 compe-

1889 4724 2022 4778 tere
2072 4733 2085 4778 :
2132 4715 2437 4797 quoniam
2493 4715 2704 4777 omnis
2758 4715 2961 4776 virtus
3018 4723 3083 4778 et
3136 4718 3384 4798 species

1889 4831 2016 4876 non
2050 4813 2499 4874 intellectualis
2542 4812 2999 4875 inevitabiliter
3036 4812 3255 4877 obedit
3284 4834 3381 4877 su-

1889 4911 2213 4994 periorum
2245 4929 2583 4992 corporum
2616 4910 3383 4995 impressionibus‚quan-

1886 5019 2025 5072 tum
2055 5028 2132 5071 ex
2166 5028 2233 5070 se
2264 5017 2360 5070 est
2386 5026 2398 5070 τ
2429 5009 2595 5090 quod
2630 5026 2907 5089 namque
2938 5009 3223 5072 vicissim
3258 5029 3381 5074 non

1885 5107 2124 5180 obedit,
2168 5108 2411 5169 ratione
2450 5105 2725 5186 alicujus
2766 5106 3245 5171 accidentaliter
3282 5109 3384 5171 ad-

1881 5207 2088 5287 juncti
2134 5205 2461 5286 contingit.
2506 5204 2619 5267 Illa
2659 5204 2853 5285 igitur
2892 5205 3283 5270 coordinatio
3320 5215 3383 5272 et

1885 5305 2220 5387 dispositio
2273 5323 2417 5387 quae
2474 5303 2824 5366 mobilibus
2873 5304 3039 5367 inest
3096 5306 3385 5372 substan·
