4300 6259
908 451 1030 514 274

1483 469 1564 516 DE
1603 468 1832 516 mmm:
1874 466 2259 514 cnntsrtANAE
2298 465 2597 524 THEORIAE,
2642 465 2819 514 LIBER
2862 468 2901 513 1.
2947 485 3027 496 --
3068 467 3207 515 Aur.
3255 468 3447 514 xxxlv

905 645 1062 715 tem,
1093 656 1220 704 non
1252 638 1476 721 utique
1505 656 1809 722 corporea
1836 638 1936 720 (ut
1965 637 2079 718 ait)
2107 638 2217 700 sed
2258 636 2410 700 sirn-
2438 637 2487 698 A
2520 636 2913 719 ubicumque
2954 637 3083 700 sint
3127 637 3544 720 proprietates
3589 637 3705 710 rei,
3748 635 3881 700 illic
3924 636 4001 698 sit

907 738 1262 820 plicissima
1309 739 1717 821 expansione.
1771 737 2102 800 Infinitum
2167 736 2408 818 quippe

904 836 1350 899 habitudinem
1421 853 1549 898 non
1615 835 1812 897 habet
1877 851 2087 916 neque
2147 850 2407 915 propor-

905 934 1149 997 tionem
1197 935 1274 996 ad
1322 934 1608 1007 finitum,
1661 933 1786 995 nisi
1847 951 1962 1014 per
2017 930 2261 1012 aliquid
2310 948 2408 992 or-

903 1033 1159 1095 dinetur
1202 1040 1266 1096 et
1303 1033 1767 1096 determinetur
1806 1032 1883 1093 ad
1925 1030 2103 1092 illud.
2139 1029 2409 1092 Necesse

905 1139 1002 1194 est
1046 1149 1214 1212 ergo,
1263 1138 1335 1193 ut
1377 1131 1589 1212 primo
1631 1131 1844 1211 agenti
1892 1128 2045 1190 insit
2096 1127 2259 1190 ratio
2308 1127 2407 1189 sui

903 1229 1137 1311 operiS,
1171 1237 1234 1291 et
1265 1228 1412 1291 facti
1445 1228 1789 1311 archetypa
1817 1227 2038 1290 torma.
2075 1227 2410 1307 Propterea

906 1346 1139 1410 nempe
1182 1329 1270 1391 ait
1314 1328 1695 1400 Avicebron‚
1742 1329 1944 1389 Deum
1991 1332 2222 1387 cuncta
2266 1341 2408 1404 pro-

904 1430 1139 1491 ducere
1199 1446 1314 1510 per
1371 1426 1641 1488 verbum
1713 1425 1984 1487 interius
2051 1439 2407 1506 praeconce-

907 1531 1090 1605 ptum
1139 1539 1152 1584 :
1196 1522 1469 1585 verbum
1513 1521 1718 1584 divini
1765 1520 2125 1583 intellectus
2175 1525 2410 1581 aeterna

903 1621 1234 1704 appellans
1292 1621 1526 1683 divinae
1585 1619 1818 1682 mentis
1877 1617 2285 1699 exemplaria.
2337 1617 2405 1678 In

904 1719 1026 1782 hoc
1076 1719 1316 1802 quippe
1374 1737 1596 1780 rursus
1644 1717 1969 1779 Platonem
2027 1714 2255 1777 sectari
2315 1714 2406 1775 vi-

2520 743 2582 798 et
2611 736 2766 817 ipsa.
2783 736 3058 818 Ideoque
3089 756 3407 799 summam
3439 744 3581 819 post
3610 737 3813 798 Deum
3844 753 4001 797 men-

2518 842 2650 897 tem
2699 836 3117 917 compositam
3177 836 3356 906 dicit,
3418 835 3761 898 habentem
3824 842 4002 896 mate-

2521 933 2697 1007 riam,
2731 933 2917 1013 cujus
2963 933 3166 996 forma
3209 942 3327 1006 est,
3360 942 3430 995 ut
3474 934 3612 1015 ipse
3655 932 3767 1006 ait,
3800 932 4001 994 lumen

2518 1050 2555 1093 a
2598 1039 2862 1114 paterno
2906 1032 3235 1095 intellectu
3277 1033 3485 1114 prime
3523 1031 3879 1112 egrediens,

2600 1131 2940 1194 Enimvero
2979 1131 3316 1211 agentibus
3357 1129 3759 1192 naturalibus
3787 1137 3849 1191 et
3876 1147 4004 1190 sen-

2518 1228 2816 1290 sibilibus
2848 1229 3137 1311 proprias
3168 1229 3450 1291 actiones
3480 1227 3819 1290 subtrahit.
3852 1226 4003 1287 Dicit

2518 1346 2815 1408 namque,
2849 1327 3017 1408 quod
3058 1327 3261 1388 virtus
3302 1333 3605 1407 separatae
3644 1324 4005 1387 substantias

2518 1442 2887 1507 corpoream
2937 1433 3231 1487 naturam
3282 1432 3644 1507 penetranS,
3690 1423 3779 1485 sit
3816 1423 4005 1485 omni-

2518 1543 2627 1586 um
2685 1541 2953 1606 operum
3007 1523 3384 1586 effectivum
3430 1522 3825 1604 principium
3872 1540 4001 1603 quae

2518 1621 2914 1685 naturalibus
2960 1621 3151 1683 rebus
3193 1619 3653 1694 attribuuntur,
3694 1626 3761 1682 et
3804 1639 3841 1682 a
3880 1636 4005 1682 cor·

2519 1719 2847 1802 poralibus
2886 1718 3259 1782 substantiis
3296 1719 3444 1781 fieri
3484 1718 3809 1780 videntur.
3842 1717 4004 1780 L'nde

904 1818 1112 1890 detur,
1162 1816 1455 1880 omnium
1521 1815 1756 1878 ideales
1817 1815 2092 1876 rationes
2154 1813 2219 1874 in
2280 1813 2405 1874 Deo
2443 1812 2490 1875 B
2522 1819 2585 1880 in
2637 1818 3025 1899 metaphoris
3074 1818 3364 1898 loquens,
3415 1817 3573 1879 dicit
3618 1816 3710 1877 nil
3761 1833 3899 1878 esse
3944 1815 4003 1877 in

904 1922 1212 1990 statuenS‚
1237 1933 1310 1977 ac
1342 1933 1458 1997 per
1486 1915 1608 1975 hoc
1640 1912 1973 1975 formalem
2011 1911 2233 1973 mundi
2266 1929 2407 1972 cau-

902 2032 1038 2075 sam
1071 2012 1285 2095 ipsum
1317 2031 1716 2095 nuncupans.
1750 2013 2020 2092 Insuper
2049 2011 2250 2071 Deum
2295 2026 2408 2089 per

902 2111 1296 2173 voluntatem
1357 2128 1543 2191 agere
1602 2109 1780 2182 dicit,
1842 2116 1907 2170 et
1962 2107 2405 2170 exsecutivum

903 2209 1139 2272 divinae
1159 2209 1431 2270 actionis
1463 2207 1856 2290 principium
1878 2206 2270 2268 voluntatem
2293 2205 2402 2279 ait,

905 2308 971 2369 in
1015 2313 1264 2368 tantum
1313 2313 1384 2367 ut
1425 2305 1820 2368 voluntatem
1864 2304 1976 2366 Dei
2033 2311 2273 2365 asserat
2326 2321 2404 2364 ex

905 2404 1216 2468 electione
1274 2405 1808 2467 determinantem
1867 2403 2021 2485 quid
2079 2402 2163 2463 sit
2216 2419 2404 2482 agen-

901 2503 1079 2566 dum.
1116 2503 1322 2576 Quum
1364 2502 1538 2564 enim
1580 2501 1838 2564 divinus
1879 2499 2243 2563 intellectus
2284 2499 2405 2561 for·

902 2621 1073 2665 mam
1123 2601 1222 2664 sui
1271 2601 1485 2684 operis
1532 2600 1614 2662 ab
1661 2600 2020 2662 extrinseco
2067 2616 2195 2661 non
2250 2597 2402 2660 reci-

898 2701 1054 2783 piat,
1088 2717 1216 2764 non
1247 2700 1408 2782 ipse,
1433 2698 1543 2761 sed
1575 2699 1892 2772 voluntaS,
1918 2705 1987 2759 ut
2017 2697 2155 2760 vult
2183 2703 2403 2759 auctor

899 2799 1039 2873 iste,
1073 2798 1405 2861 infinitum
1435 2815 1628 2878 agens
1659 2797 2075 2859 determinat:
2096 2795 2401 2877 quoniam

896 2897 1260 2960 intellectus
1303 2896 1572 2978 primus,
1609 2895 1961 2958 secundum
2014 2913 2082 2956 se
2133 2910 2260 2955 non
2305 2910 2401 2955 or-

2518 1916 2785 1998 sphaeris
2836 1915 3272 1978 materialibus
3319 1916 3490 1997 quod
3538 1932 3668 1977 non
3728 1913 4005 1996 praeinsit

2517 2014 3059 2077 intellectualibus
3098 2013 3385 2096 sphaeris.
3417 2014 3737 2075 Virtutem
3776 2012 4005 2094 quippe

2516 2131 2772 2175 omnem
2801 2130 2987 2193 agere
3025 2113 3114 2174 ait
3152 2113 3507 2174 secundum
3547 2119 3845 2173 naturam
3882 2130 4005 2172 sus-

2517 2211 2814 2293 cipientis
2844 2217 2908 2272 et
2939 2210 3368 2273 instrumenti.
3403 2209 3607 2290 Hujus
3644 2226 3840 2291 porro
3870 2227 4001 2270 cau-

2514 2327 2648 2370 sam
2709 2307 2975 2382 inducit,
3029 2309 3333 2390 quoniam
3392 2308 3460 2368 in
3508 2307 3734 2369 ordine
3796 2324 3999 2368 rerum

2514 2407 2861 2488 corporalis
2911 2405 3267 2468 substantia
3305 2405 3533 2468 infima
3560 2413 3655 2467 est
3688 2423 3702 2466 :
3739 2405 4002 2486 ideoque

2513 2505 2681 2566 sicut
2737 2505 3019 2585 primum
3078 2512 3175 2566 est
3231 2505 3513 2566 activum
3580 2510 3859 2578 tantum,
3918 2502 4001 2564 sic

2512 2610 2574 2665 et
2622 2603 2761 2684 ipsa
2808 2602 3134 2665 dumtaxat
3177 2603 3429 2685 passiva
3470 2602 3632 2680 erit3
3676 2619 3803 2664 nec
3846 2601 4003 2664 vide-

2512 2701 2686 2762 bitur
2714 2701 2987 2763 causalis
3025 2701 3227 2764 virtus
3266 2700 3653 2763 descendere
3686 2718 3897 2782 usque
3930 2699 4003 2760 ad

2510 2818 2670 2861 eam.
2704 2800 2966 2875 RursuS‚
3005 2800 3325 2883 quantitas
3362 2799 3755 2863 activitatem
3791 2799 4004 2862 formae

2512 2897 2781 2979 impedit
2822 2915 2836 2960 :
2880 2899 3201 2960 cernimus
3244 2899 3443 2973 enim,
3489 2897 3641 2979 quia
3683 2915 3817 2978 quo
3860 2895 4003 2979 quid

896 2995 1155 3058 dinatur
1183 2995 1262 3057 ad
1293 2994 1772 3076 proportionem
1803 2991 2397 3065 secundorum,nisi
2430 2993 2473 3057 C
2512 2997 2656 3079 plus
2713 2997 2793 3059 de
2848 2998 3155 3078 gravitate
3211 2997 3588 3079 susceperit,
3639 3014 3715 3059 eo
3778 2995 4005 3079 ponde-

899 3101 970 3156 ut
1000 3093 1292 3156 voluntas
1322 3092 1522 3174 eligit,
1557 3110 1634 3156 eo
1673 3092 1844 3174 quod
1882 3110 2075 3172 agens
2109 3091 2397 3173 primum

898 3192 1100 3254 libere
1157 3198 1222 3252 et
1275 3197 1348 3253 ut
1392 3191 1553 3265 vult,
1603 3190 1818 3272 operis
1863 3190 2137 3252 formam
2190 3188 2254 3249 in
2305 3206 2399 3249 se-

901 3290 1175 3372 metipso
1232 3289 1567 3370 concipiat.
1620 3289 1780 3350 Huic
1827 3289 2019 3350 etiam
2067 3287 2400 3350 sententiae

897 3388 1278 3461 Avicebron,
1313 3387 1433 3449 hoc
1464 3388 1631 3469 quod
1673 3387 1736 3448 in
1770 3387 2005 3449 Timaeo
2043 3386 2202 3448 dicit
2229 3385 2399 3447 Plato

899 3487 1227 3549 conforme
1276 3493 1393 3560 est,
1443 3485 1598 3547 dum
1648 3485 1741 3547 sic
1789 3485 1878 3546 ait
1929 3502 1942 3547 :
1994 3483 2397 3546 Voluntatem

897 3585 1160 3666 quidem
1217 3583 1530 3664 originem
1591 3602 1803 3645 rerum
1861 3581 2284 3645 certissimam
2345 3581 2400 3643 si

900 3683 1043 3764 quis
1075 3689 1288 3764 ponat,
1321 3689 1492 3744 recte
1533 3701 1678 3744 eum
1725 3689 1946 3762 putare
1979 3679 2394 3741 consentiam.

897 3781 1027 3844 Hoc
1057 3798 1207 3861 ergo
1239 3780 1426 3843 modo
1456 3779 1885 3843 secundorum
1925 3778 2396 3860 processionem

898 3899 934 3942 a
978 3879 1186 3961 primo
1229 3879 1410 3961 ponit
1454 3879 1610 3960 ipse.
1891 3865 1899 3872 ’

979 3977 1265 4059 Denique
1297 3977 1361 4038 in
1402 3975 1702 4038 omnibus
1743 3993 1884 4056 quae
1923 3974 2080 4036 citra
2116 3974 2399 4056 primum

901 4083 1070 4149 sunt,
1125 4074 1455 4136 materiam
1504 4081 1614 4135 aut
1661 4072 2061 4154 spiritualem
2111 4080 2220 4134 aut
2269 4089 2401 4134 cor·

2510 3095 2717 3158 rosius
2746 3095 3053 3171 efficitur,
3088 3104 3151 3158 et
3178 3096 3421 3158 tardius
3449 3095 3527 3157 ad
3570 3101 3842 3158 motum.
3876 3094 4001 3156 Non

2510 3212 2661 3275 ergo
2706 3194 3074 3258 substantiae
3121 3202 3373 3276 quantae
3411 3193 3701 3256 activitas
3750 3193 4003 3276 propria

2511 3293 2834 3374 competit.
2880 3293 3009 3355 Nec
3053 3292 3118 3355 in
3162 3293 3285 3356 hoc
3326 3313 3364 3356 a
3404 3291 3626 3356 Proclo
3666 3292 4001 3355 dissentire

2510 3392 2781 3453 videtur.

2591 3490 2883 3553 Ceterum
2936 3490 3091 3572 quid
3147 3490 3378 3553 horum
3427 3497 3595 3552 recte
3652 3489 3734 3552 ab
3787 3491 3999 3552 Avice·

2512 3589 2669 3652 bron
2728 3591 2969 3652 dictum
3027 3590 3130 3664 sit,
3191 3589 3427 3671 quidve
3487 3590 3999 3670 incongruenter,

2512 3708 2589 3752 ex
2638 3687 2737 3750 his
2781 3707 2922 3770 quae
2970 3687 3036 3750 in
3084 3688 3203 3749 hac
3251 3687 3531 3750 editione
3579 3687 3871 3770 disperse
3918 3689 4003 3749 in-

2510 3786 2948 3858 troducentur,
2990 3786 3311 3848 elucescet
3352 3785 3509 3849 locis
3552 3786 3705 3848 suis,
3754 3787 4001 3849 Etenim

2512 3886 2578 3947 in
2628 3885 2843 3946 multis
2894 3884 3299 3966 philosophia
3346 3885 3489 3964 ejus
3536 3884 3839 3948 sublimis
3886 3893 3997 3958 est,

2513 3984 2866 4065 praesertim
2924 3982 3095 4044 circa
3152 3983 3395 4044 exitum
3454 3983 3905 4046 universorum
3968 4002 4003 4044 a

2510 4083 2762 4164 primo;
2807 4089 2869 4143 et
2926 4089 2996 4142 ut
3051 4081 3369 4163 posterius
3412 4082 3803 4154 ostendetur,
3850 4082 4003 4143 fidei

901 4172 1182 4256 poralem
1233 4173 1434 4254 ponit,
1483 4170 1818 4233 affirmans
1869 4171 1934 4233 in
1983 4172 2161 4234 omni
2222 4171 2401 4232 intel·
2430 4173 2480 4236 D
2513 4182 2576 4243 in
2625 4182 2747 4243 hoc
2793 4181 3067 4243 vicinior
3114 4188 3211 4242 est
3260 4180 3419 4262 ipsa,
3470 4199 3663 4264 quam
3710 4181 3797 4242 sit
3853 4197 4002 4262 quo-

905 4269 1161 4334 lectuali
1217 4269 1495 4333 essentia
1553 4268 1950 4350 spiritualem
2010 4268 2146 4332 fore
2205 4276 2398 4331 mate-

904 4369 1065 4432 riam
1109 4386 1122 4430 :
1167 4367 1380 4448 itaque
1423 4374 1552 4428 tam
1600 4366 1664 4427 in
1709 4379 1786 4449 νῷ
1835 4386 2028 4448 quam
2075 4366 2140 4427 in
2185 4366 2401 4429 anima

906 4467 1154 4540 mundi,
1187 4465 1520 4528 materiam
1567 4465 1803 4527 statuit.
1840 4465 2139 4538 Quamvis
2184 4472 2397 4527 autem

899 4567 1094 4647 hujus
1124 4564 1434 4647 plurimas
1465 4571 1728 4626 conetur
1756 4563 2032 4625 rationes
2062 4563 2397 4639 adducere,

900 4685 1027 4727 una
1071 4671 1286 4726 tamen
1348 4662 1680 4744 potissima
1728 4668 1826 4724 est
1879 4679 1892 4724 :
1948 4663 2276 4743 quoniam,
2328 4669 2399 4724 ut

898 4763 1076 4836 dicit,
1129 4761 1194 4823 in
1242 4761 1420 4824 omni
1480 4767 1626 4822 ente
1683 4760 1841 4821 citra
1888 4760 2195 4842 primum,
2248 4768 2399 4823 sunt

896 4860 1315 4945 proprietates
1373 4857 1754 4938 simpliciter
1812 4857 2034 4939 primae
2095 4859 2391 4922 materiae.

895 4957 1168 5022 Materiae
1209 4957 1447 5019 etenim
1493 4962 1590 5018 est
1629 4956 1978 5036 suscipere,
2015 4964 2393 5033 sustentare,

894 5058 1148 5119 fluxum
1178 5061 1243 5118 et
1271 5053 1990 5118 communicabilitatem
2023 5054 2243 5117 tormae
2273 5061 2395 5117 ter-

901 5155 1163 5218 minare.
1219 5154 1362 5216 Haec
1411 5169 1564 5214 vero
1615 5152 1680 5214 in
1734 5151 2159 5232 intelligentia
2206 5160 2270 5214 et
2326 5152 2393 5214 in

899 5253 1116 5318 anima
1145 5258 1312 5314 sunt.
1333 5251 1444 5313 Est
1471 5268 1621 5330 ergo
1646 5250 1714 5312 in
1744 5251 1836 5313 eis
1869 5251 2154 5326 materia,
2188 5270 2390 5334 quum

2512 4280 2803 4342 rumdam
2872 4279 3435 4361 Peripateticorum
3506 4279 3781 4342 traditio.
3858 4279 4003 4340 Erat

2510 4397 2787 4460 namque
2824 4379 2923 4459 (ut
2973 4379 3038 4439 in
3092 4377 3254 4440 libro
3302 4378 3381 4439 de
3420 4377 3692 4439 Mirabili
3735 4378 4000 4439 scientia

2512 4478 2621 4539 Dei
2670 4477 2967 4540 Albertus
3017 4477 3240 4556 refert)
3283 4476 3641 4540 Avicebron
3702 4477 3823 4538 iste
3872 4477 4001 4540 Pla·

2508 4577 2778 4639 tonicus,
2822 4577 2956 4638 Jam
3007 4594 3159 4638 vero
3207 4575 3589 4658 positionem
3638 4574 3843 4658 ipsius
3886 4576 4002 4637 hoc

2510 4676 2697 4739 modo
2740 4693 3065 4738 enarrasse
3108 4673 3410 4737 sufficiat.

2834 4930 3323 4994 ARTICULUS
3370 4930 3683 4994 XXXIV.

2510 5073 3063 5141 Quemadmodum
3118 5071 3575 5130 universorum
3646 5073 3999 5132 emanatio-

2584 5181 2732 5222 nem
2761 5181 2803 5220 a
2821 5162 3043 5238 primo
3063 5161 3399 5236 principio
3428 5161 3815 5221 determinet
3844 5165 4001 5224 Avi·

2581 5271 2804 5312 cenna.
