4300 6259
992 520 1071 568 DE
1112 522 1337 569 Lunum
1380 522 1763 569 cflnlsrrANAE
1802 520 2105 577 'ramma-3,
2149 522 2326 568 unna
2369 522 2431 567 11.
2479 540 2558 549 —
2601 523 2738 569 ΛΒΤ.
2784 522 2957 567 xxvu

3419 504 3539 568 419

422 688 593 751 culo.
656 690 911 755 Amatio
968 693 1181 775 itaque
1248 692 1607 776 perficitur,
1666 711 1794 757 non
1866 692 1929 754 in
1959 692 2011 754 A
2046 692 2129 755 lio
2169 692 2426 756 Joannis
2474 692 2786 776 scriptum
2838 702 2935 757 est
2979 711 2992 755 :
3037 694 3244 767 Quum
3295 692 3542 757 venerit
3581 710 3830 763 summu,

424 786 856 853 similitudine
897 792 1169 854 amantis
1213 810 1359 853 cum
1404 799 1635 863 amato,
1670 792 1777 854 sed
1824 807 1931 873 po-

424 885 557 946 tius
624 885 691 947 in
763 888 1138 951 attractione
1197 890 1470 971 quadam
1528 890 1799 952 amantis
1850 889 1932 949 ab

426 991 663 1057 amato,
678 992 743 1047 et
774 986 1057 1049 motione
1088 986 1279 1048 unius
1312 986 1375 1048 in
1408 987 1582 1049 aliud
1612 1006 1685 1050 ac
1718 995 1934 1049 mutua

428 1081 905 1161 conjunctione.
958 1084 1233 1167 Spiritus
1282 1102 1432 1165 ergo
1481 1086 1771 1157 Sanctus,
1821 1084 1931 1167 qui

430 1187 503 1241 ut
541 1197 724 1243 amor
766 1183 1072 1263 procedit,
1107 1181 1285 1245 filius
1330 1201 1457 1246 non
1501 1190 1617 1255 est,
1662 1182 1812 1245 licet
1854 1201 1930 1244 ex

430 1277 789 1340 substantia
843 1280 1149 1363 spirantis
1196 1279 1426 1343 effluat
1476 1298 1489 1341 :
1546 1299 1692 1342 nam
1754 1280 1931 1343 filius

432 1393 563 1438 non
611 1383 710 1437 est
758 1378 879 1439 nisi
928 1379 1097 1459 quod
1146 1378 1447 1459 gignitur.
1493 1378 1667 1452 Quod
1720 1387 1931 1442 autem

432 1474 609 1554 gigni
641 1474 897 1550 dicitur,
933 1476 1221 1557 procedit
1250 1478 1603 1540 secundum
1634 1476 1933 1540 similitu·

434 1572 653 1634 dinem
685 1574 944 1655 speciei,
978 1582 1043 1636 et
1072 1594 1198 1638 non
1231 1576 1581 1638 secundum
1623 1576 1935 1639 rationem

434 1670 779 1734 tendentiae
826 1672 893 1734 in
939 1672 1213 1736 alterum
1263 1693 1373 1735 seu
1416 1674 1808 1737 attractionis
1855 1674 1935 1736 ab

437 1767 587 1839 alio,
620 1770 941 1851 quomodo
968 1770 1099 1851 jam
1134 1771 1323 1853 paulo
1352 1779 1495 1834 ante
1527 1771 1756 1834 claruit
1794 1790 1934 1854 pro-

2042 791 2418 864 ParacletuS,
2454 810 2644 873 quem
2677 810 2793 873 ego
2839 793 3084 854 mittam
3130 790 3314 855 vobis
3357 810 3392 853 a
3434 789 3541 851 Pa-
3567 777 3634 818 ²⁶·

2041 898 2160 961 tre,
2195 890 2504 972 Spiritum
2538 891 2844 963 veritatiS,
2879 891 2990 972 qui
3031 909 3066 951 a
3105 891 3284 953 Patre
3324 906 3543 972 proce-

2042 988 2154 1050 dit.
2190 988 2445 1052 Constat
2487 1007 2638 1070 ergo
2677 989 2988 1072 Spiritum
3031 989 3332 1051 Sanctum
3377 986 3542 1049 mitti

2042 1103 2079 1146 a
2110 1086 2289 1148 Filio.
2326 1086 2486 1148 Mitti
2517 1094 2730 1149 autem
2763 1086 3086 1149 inferioris
3115 1093 3356 1148 na'turae
3385 1090 3481 1146 est
3523 1100 3538 1145 ε

2044 1203 2190 1246 nam
2225 1184 2290 1245 in
2325 1185 2616 1247 mittente
2647 1186 2986 1248 auctoritas
3017 1185 3306 1268 quaedam
3331 1191 3428 1245 est
3447 1202 3543 1245 su·

2045 1302 2160 1365 per
2202 1283 2490 1345 missum.
2538 1283 2698 1346 Filio
2745 1301 2897 1365 ergo
2935 1284 3144 1345 minor
3172 1283 3426 1345 videtur
3453 1300 3544 1343 es-

2044 1399 2112 1443 se
2134 1380 2408 1464 Spiritus
2430 1382 2716 1444 SanctuS.
2733 1418 2812 1427 —
2832 1382 3158 1454 Praeterea,
3177 1381 3340 1442 nihil
3371 1378 3541 1462 loqui

2044 1497 2081 1540 a
2110 1479 2478 1561 semetipse,
2513 1480 2622 1542 sed
2665 1498 2738 1542 ea
2768 1480 3096 1542 dumtaxat
3122 1498 3264 1561 quae
3303 1477 3382 1540 ab
3419 1478 3547 1540 alio

2044 1578 2415 1651 audiuntur,
2449 1579 2662 1659 potius
2696 1578 2754 1641 ei
2797 1578 3104 1660 competit
3146 1577 3255 1659 qui
3291 1575 3544 1657 jubenti

2046 1695 2162 1759 per
2193 1676 2623 1739 ministerium
2655 1676 3228 1757 famulatur,quam
3262 1675 3371 1757 qui
3406 1693 3545 1757 pro·

2047 1776 2188 1857 pria
2217 1776 2589 1837 auctoritate
2619 1775 2766 1856 agit.
2793 1776 2912 1837 Sed
2944 1775 3022 1838 de
3053 1773 3292 1857 Spiritu
3326 1774 3551 1837 Sancto

437 1866 665 1929 cedere
694 1868 1003 1950 Spiritum
1035 1870 1361 1943 Sanctum,
1385 1870 1495 1951 qui
1528 1888 1643 1952 per
1674 1872 1934 1932 modum
1965 1870 2011 1932 B
2048 1874 2111 1935 id
2171 1874 2382 1956 ipsum
2442 1874 2754 1956 scriptum
2802 1881 2899 1935 est
2945 1874 3117 1955 apud
3171 1874 3474 1936 Joannem
3532 1890 3545 1934 :

436 1965 677 2028 amoris
722 1976 993 2030 emanat.
1040 1967 1287 2043 Adhuc,
1334 1968 1537 2049 maJor
1582 1968 1939 2031 similitudo

440 2064 640 2127 Patris
668 2064 1051 2147 exprimitur
1080 2066 1145 2128 in
1176 2065 1405 2141 Verbo,
1424 2085 1617 2149 quam
1650 2066 1715 2128 in
1747 2066 1941 2149 Spiri-

438 2171 511 2226 tu
561 2164 790 2227 Sancto
834 2182 848 2226 ε
901 2165 1086 2228 datur
1132 2184 1365 2249 nempe
1414 2165 1622 2230 Verbo
1674 2174 1745 2227 ut
1790 2185 1938 2228 cum

437 2263 619 2325 Patre
668 2262 979 2345 Spiritum
1039 2265 1339 2328 Sanctum
1394 2284 1429 2327 a
1476 2284 1543 2327 se
1602 2265 1943 2347 proceden-

438 2368 573 2423 tem
603 2360 851 2424 habeat.
888 2362 1063 2425 Unde
1092 2364 1283 2426 etiam
1316 2363 1529 2446 potius
1571 2383 1762 2445 quam
1804 2364 1941 2446 Spi-

438 2460 601 2521 ritus
632 2460 923 2535 SanetuS,
956 2469 1087 2523 tam
1118 2462 1313 2523 Filius
1352 2482 1545 2544 quam
1586 2462 1795 2543 imago
1834 2462 1941 2524 Pa-

436 2558 555 2621 tris
599 2568 1031 2639 congruenter
1069 2560 1279 2623 dictus
1320 2568 1435 2622 est.

786 2778 1273 2843 ARTICULUS
1318 2778 1602 2843 XXVII.

440 2904 535 2963 De
580 2901 954 2961 rationibus
1000 2902 1235 2979 quibus
1281 2904 1493 2963 Arius
1540 2911 1601 2960 et
1650 2903 1941 2963 illacedo-

522 2992 681 3050 nius
730 2991 891 3049 moti
938 2999 1091 3049 sunt
1142 2999 1215 3049 ut
1264 2992 1556 3050 dicerent
1608 2992 1941 3067 Spiritum

519 3083 845 3141 Sanctum
886 3098 1015 3138 esse
1055 3089 1449 3140 creaturam.

568 3248 777 3312 ATRE
814 3248 1054 3329 (inquit
1080 3248 1299 3329 Arius)
1328 3248 1526 3311 Filius
1572 3250 1783 3311 minor
1824 3257 1942 3323 est,

595 3354 663 3411 et
706 3346 905 3409 Patris
950 3346 1260 3409 minister.
1296 3347 1457 3409 Filio
1498 3347 1709 3410 denuo
1754 3348 1947 3429 Spiri-

443 3453 582 3509 tum
623 3446 929 3508 Sanctum
967 3445 1056 3507 ait
1098 3463 1238 3507 esse
1284 3445 1621 3520 minorem,
1654 3454 1718 3507 et
1761 3446 1946 3506 mini-

444 3552 651 3607 strum
685 3543 830 3606 Filii
861 3550 1051 3626 atque
1082 3550 1367 3606 creatum
1399 3562 1436 3605 a
1464 3544 1645 3617 Filio,
1678 3544 1845 3605 sicut
1884 3550 1947 3605 et

444 3662 483 3705 a
521 3643 701 3705 Patre
740 3642 901 3704 dixit
938 3640 1172 3704 Filium
1218 3649 1500 3704 creatum
1544 3649 1691 3704 ante
1732 3642 1949 3704 omnia

446 3740 705 3815 saecula,
757 3748 821 3803 et
866 3747 1077 3801 cetera
1132 3740 1350 3802 omnia
1410 3740 1729 3802 mediante
1789 3740 1949 3802 Filio

445 3845 659 3903 creata
714 3836 1054 3901 asserebat.
1108 3837 1284 3899 Unde
1332 3837 1501 3900 sicut
1546 3838 1655 3901 Dei
1716 3838 1949 3900 Filium

446 3938 613 3999 dixit
661 3954 887 4019 puram
936 3952 1009 3997 ac
1058 3952 1376 3997 summam
1426 3942 1803 4008 creaturam,
1857 3936 1949 3997 sic

448 4036 761 4117 Spiritum
794 4033 1095 4095 Sanctum
1136 4032 1297 4095 dixit
1335 4041 1479 4115 post
1515 4033 1745 4095 Filium
1787 4041 1950 4096 cete·

448 4135 542 4196 ris
582 4131 1026 4195 sublimiorem
1069 4149 1209 4194 esse
1253 4138 1627 4194 creaturam.
1671 4133 1951 4196 Macedo-

2048 1972 2184 2035 Non
2215 1973 2387 2034 enim
2417 1971 2658 2054 (inquit
2685 1971 2884 2035 Filius
2913 1972 2992 2033 de
3023 1971 3263 2054 Spiritu
3295 1972 3552 2051 Sancto)
3603 1986 3722 2033 ma.
3751 2000 3839 2039 m,

2052 2070 2348 2153 loquetur
2379 2089 2415 2131 a
2445 2070 2813 2152 semetipso,
2848 2070 2957 2132 sed
2989 2088 3413 2152 quaecumque
3441 2088 3550 2131 au·
3579 2054 3644 2095 ¹³·

2050 2168 2182 2230 diet
2213 2168 2528 2251 loquetur.
2553 2167 2820 2229 Videtur
2851 2186 3002 2249 ergo
3032 2185 3160 2230 non
3191 2184 3330 2231 esse
3363 2168 3548 2229 DeuS.

2050 2267 2129 2329 At
2159 2283 2333 2340 ver0,
2369 2266 2478 2348 qui
2513 2272 2802 2327 recenter
2846 2266 3001 2347 quid
3047 2263 3278 2346 recipit
3319 2271 3385 2328 et
3427 2282 3554 2327 non

2052 2371 2256 2427 totum
2307 2364 2500 2427 simul
2547 2362 2738 2425 habet
2783 2362 3096 2446 quidquid
3143 2361 3557 2444 perfectionis

2053 2471 2172 2538 est,
2219 2463 2384 2526 Deus
2417 2481 2542 2526 non
2577 2470 2674 2524 est
2703 2480 2914 2543 neque
2958 2460 3375 2524 aeternitatem
3419 2479 3560 2542 pos-

2053 2562 2218 2624 sidet
2261 2579 2274 2623 :
2321 2561 2433 2624 sed
2483 2560 2560 2623 de
2612 2559 2852 2642 Spiritu
2893 2560 3122 2622 Sancto
3160 2560 3401 2621 dictum
3443 2566 3557 2633 est,

2052 2660 2482 2742 Quaecumque
2523 2657 2736 2720 audiet
2782 2656 3095 2739 loquetur.
3139 2657 3402 2719 Videtur
3445 2658 3557 2720 ita-

2052 2778 2178 2842 que
2207 2760 2308 2839 (ut
2338 2757 2524 2820 Arius
2567 2756 2811 2836 intulit)
2839 2756 3009 2837 quod
3049 2755 3248 2819 Patris
3285 2755 3558 2837 Filiique

2052 2865 2117 2919 et
2153 2855 2510 2937 jussionem
2543 2863 2608 2917 et
2650 2854 3138 2917 illustrationem
3181 2862 3554 2936 exspectet:

2054 2974 2182 3018 non
2205 2954 2326 3017 erit
2359 2954 2552 3034 igitur
2571 2953 2756 3025 DeuS,
2779 2970 2987 3033 neque
3001 2952 3162 3014 Filio
3191 2952 3550 3033 coaequalis.

1974 3054 2019 3119 C
2132 3051 2449 3134 AmpliuS,
2482 3050 2653 3132 quod
2686 3050 2752 3111 in
2782 3047 3152 3111 viventibus
3181 3049 3416 3131 accipit
3454 3068 3558 3111 na-

2053 3160 2260 3213 turam
2294 3149 2435 3230 ejus
2466 3168 2502 3210 a
2531 3165 2658 3230 quo
2693 3145 2998 3230 procedit,
3023 3156 3120 3209 est
3151 3148 3326 3209 illius
3356 3146 3554 3210 filius.

2054 3250 2182 3313 Hoc
2213 3248 2386 3311 enim
2418 3246 2754 3329 proprium
2795 3253 2892 3308 est
2932 3245 3168 3326 genito,
3203 3248 3558 3327 praesertim

2054 3348 2119 3409 in
2153 3345 2543 3417 viventibus,
2579 3344 2744 3406 utin
2785 3343 3064 3406 similem
3109 3352 3401 3406 naturam
3444 3364 3558 3407 seu

2055 3444 2340 3528 speciem
2384 3442 2648 3524 prodeat
2691 3460 2841 3504 cum
2891 3458 2967 3504 eo
3009 3461 3044 3503 a
3090 3459 3218 3524 quo
3270 3442 3555 3523 profluit.

2056 3543 2332 3625 Spiritus
2364 3542 2630 3603 Sanctus
2659 3548 2896 3615 autem,
2917 3540 2968 3601 si
3002 3558 3039 3601 a
3066 3540 3245 3602 Patre
3275 3541 3562 3624 Filioque

2058 3640 2347 3723 procedit
2405 3646 2710 3721 tanquam
2768 3657 2958 3701 verus
3019 3637 3208 3712 DeuS,
3270 3647 3562 3703 naturam

2057 3740 2345 3804 divinam
2393 3738 2474 3799 ab
2525 3744 2797 3819 utroque
2846 3736 3118 3819 suscipit
3165 3754 3178 3798 :
3227 3738 3562 3821 utriusque

2058 3854 2208 3918 ergo
2239 3836 2418 3899 filius
2459 3842 2648 3908 esset,
2683 3835 2853 3917 quod
2885 3834 3039 3897 fidei
3073 3852 3200 3897 non
3234 3844 3556 3899 consonat.

2056 3936 2302 4008 Adhuc,
2328 3934 2656 4016 Scriptura
2685 3933 2763 3994 de
2794 3932 2992 3995 Patris
3024 3932 3298 4015 Filiique
3331 3933 3560 3996 divini-

2057 4042 2186 4097 tate
2219 4033 2511 4115 loquenS,
2547 4030 2859 4113 Spiritum
2891 4031 3194 4093 Sanctum
3227 4049 3354 4094 non
3389 4051 3560 4095 asso-

2061 4135 2188 4197 ciat
2224 4130 2543 4194 divinitati
2586 4129 2862 4192 illorum.
2897 4128 3281 4192 Mentionem
3327 4148 3560 4213 nempe

448 4232 599 4295 nius
626 4231 871 4313 quippe
900 4230 977 4293 de
1018 4229 1177 4292 Filio
1218 4230 1329 4292 Dei
1371 4238 1540 4293 recte
1585 4232 1805 4305 sensit,
1839 4233 1947 4296 sed
1982 4241 2031 4303 D
2062 4232 2139 4295 de
2173 4230 2410 4313 Spiritu
2442 4228 2670 4290 Sancto
2699 4244 2826 4289 non
2857 4226 3031 4300 facit,
3065 4233 3137 4288 ut
3177 4234 3348 4309 patet
3388 4230 3558 4311 apud

446 4330 764 4412 Spiritum
823 4328 1125 4391 Sanctum
1186 4336 1541 4392 creaturam
1599 4330 1832 4412 posuit,
1884 4331 1947 4394 in

446 4430 571 4492 hoc
600 4428 826 4491 Arium
858 4434 1132 4491 secutus
1153 4427 1489 4510 Propterea
1518 4428 1950 4492 Macedoniani

444 4545 578 4592 non
640 4528 993 4607 incongrue
1047 4545 1085 4588 a
1141 4525 1525 4609 quibusdam
1576 4527 1951 4590 Semiariani

444 4626 756 4709 appellati
806 4632 977 4700 sunt,
1025 4643 1101 4689 eo
1151 4626 1320 4708 quod
1378 4626 1585 4708 quoad
1642 4626 1949 4709 Spiritum

444 4722 995 4805 Sanctum,magis
1023 4725 1433 4807 acquiescant
1464 4724 1789 4805 figmentis
1819 4724 1951 4787 Arii

444 4842 645 4906 quam
710 4822 1090 4885 universalis
1162 4823 1461 4885 Ecclesiae
1530 4823 1949 4899 documentis,

444 4940 591 5005 quae
632 4922 946 5004 Spiritum
990 4922 1293 4987 Sanctum
1336 4921 1519 4984 docet
1559 4923 1723 4985 Patri
1768 4923 1953 4987 Filio·

449 5039 579 5103 que
622 5020 1115 5084 coadorandum.

534 5121 955 5184 Introducunt
1001 5128 1215 5183 autem
1272 5121 1562 5203 quaedam
1612 5121 1955 5203 Scripturae

452 5230 689 5283 sanctae
720 5220 1091 5283 testimonia
1127 5237 1245 5301 pro
1281 5240 1411 5283 suae
1456 5220 1791 5303 positionis
1835 5219 1955 5281 ful-

456 5320 759 5382 cimento.
795 5318 1007 5382 Primo
1042 5318 1303 5401 quidem
1338 5336 1353 5380 τ
1388 5337 1534 5380 nam
1578 5318 1645 5381 in
1693 5335 1957 5398 evange-

2062 4329 2446 4399 Matthaeum,
2497 4325 2608 4387 ubi
2669 4325 2868 4388 Filius
2923 4326 3013 4388 ait
3063 4342 3078 4387 ε
3127 4324 3327 4389 Nemo
3383 4328 3561 4390 novit
3602 4345 3850 4401 uastam,

2060 4430 2305 4492 Patrem
2373 4425 2498 4488 nisi
2567 4424 2788 4499 Filius,
2847 4444 3058 4507 neque
3115 4424 3347 4487 Filium
3416 4426 3560 4509 quis
3587 4412 3654 4455 ²⁷·

2062 4528 2240 4591 novit
2268 4526 2390 4589 nisi
2424 4525 2620 4587 Pater.
2645 4524 2822 4597 Quod
2853 4525 2931 4587 de
2961 4523 3244 4606 perfecta
3275 4542 3561 4608 compre-

2063 4626 2372 4689 hensione
2415 4642 2676 4685 necesse
2715 4630 2813 4685 est
2852 4622 3144 4703 intelligi,
3176 4622 3268 4684 uti
3311 4623 3376 4685 in
3415 4632 3561 4687 ante

2064 4723 2298 4787 habitis
2357 4722 2696 4805 probatum
2764 4728 2876 4783 est.
2938 4720 3000 4783 Si
3069 4738 3222 4784 vero
3287 4721 3562 4803 Spiritus
3615 4746 3692 4792 nb.
3711 4745 3745 4799 1,
3767 4749 3850 4791 m.

2065 4825 2332 4888 Sanctus
2361 4830 2528 4883 esset
2556 4839 2746 4883 verus
2777 4820 2964 4893 DeuS,
2983 4819 3175 4883 etiam
3208 4820 3346 4902 ipse
3373 4840 3564 4903 agno·
3590 4824 3677 4855 ¹¹¹·

2065 4930 2272 4987 sceret
2314 4922 2556 4983 Patrem
2605 4939 2678 4981 ac
2721 4919 2970 4983 Filium.
3015 4918 3150 4981 Non
3195 4937 3347 4999 ergo
3389 4921 3562 4984 vide·

2068 5031 2174 5085 tur
2243 5019 2648 5083 sufficienter
2717 5017 2959 5078 dictum
3033 5034 3046 5077 ε
3118 5016 3317 5081 Nemo
3385 5020 3566 5082 novit

2066 5120 2311 5182 Patrem
2352 5118 2478 5179 nisi
2518 5116 2733 5179 Filius.
2779 5116 3040 5189 RursuS,
3080 5115 3338 5179 Joannis
3377 5118 3566 5201 septi·

2070 5216 2428 5281 modecimo
2472 5214 2709 5277 dicitur
2749 5232 2764 5275 t
2808 5213 2952 5276 Haec
2996 5220 3094 5276 est
3135 5214 3266 5275 vita
3306 5223 3562 5291 aeterna,
3593 5239 3868 5293 soanmvn,

2070 5324 2140 5379 ut
2189 5320 2574 5397 cognoscant
2625 5321 2684 5375 te
2733 5310 2940 5375 solum
2992 5312 3210 5387 Deum,
3263 5321 3328 5374 et
3373 5333 3565 5396 quem
3595 5306 3636 5345 ³·
