4300 6259
536 2940 679 2983 Eccli.
692 2955 803 2991 xviii,

542 3007 579 3047 l.

820 467 941 533 490

1350 487 1431 532 DE
1470 485 1699 534 Lunum
1738 487 2119 534 cunts'rlANAE
2159 487 2460 545 Tuticum,
2505 487 2681 533 Limia
2721 487 2784 533 11.
2831 505 2912 517 —
2951 488 3090 534 ΛΒΤ.
3135 487 3361 534 Lxxxw

824 664 996 730 sunt,
1042 657 1337 720 homines
1381 657 1531 720 facti
1578 665 1749 733 sunt,
1795 677 1876 722 ne
1923 675 2180 739 semper
2228 657 2321 720 in·
2351 655 2404 720 A
2437 675 2549 720 nes
2607 677 2800 741 quam
2871 658 3176 740 reprobos
3240 658 3518 740 angelos.
3579 658 3697 721 Per
3757 657 3926 720 hunc

824 756 1182 838 completus
1214 763 1580 838 perseveret
1606 757 1955 820 electorum
1988 775 2318 819 numerus.

825 854 889 917 Si
937 853 1131 935 igitur
1173 853 1255 916 ob
1298 854 1487 916 aliam
1534 873 1791 917 causam
1837 854 2081 916 nullam
2129 855 2324 917 homo

824 959 1075 1014 creatus
1119 959 1235 1024 est,
1272 971 1463 1034 quam
1505 971 1647 1035 quae
1692 952 1823 1033 jam
1866 961 2140 1015 reserata
2183 961 2320 1030 θεῖς

821 1058 976 1113 ωηο
1023 1051 1255 1133 palam,
1290 1051 1459 1133 quod
1504 1051 1843 1131 coaequalis
1885 1058 1949 1113 et
1984 1059 2199 1113 tantus
2241 1051 2325 1112 sit

820 1148 1169 1212 electorum
1206 1148 1540 1210 hominum
1574 1157 2196 1230 numeruS,quantus
2227 1157 2326 1211 θεῖ

822 1246 1167 1328 spirituum
1218 1245 1475 1308 illorum
1518 1246 1629 1329 qui
1676 1247 1953 1328 prolapsi
2002 1253 2171 1308 sunt.

906 1344 1027 1407 Sed
1085 1363 1163 1405 an
1225 1344 1308 1406 ob
1365 1344 1529 1406 hanc
1586 1344 1991 1407 solummodo
2040 1363 2320 1420 causam,

819 1442 1117 1505 humanae
1162 1450 1403 1504 naturae
1448 1460 1729 1524 propago
1774 1442 2061 1504 instituta
2092 1443 2199 1516 sit,
2235 1443 2325 1504 in-

820 1540 1183 1620 dagandum
1232 1547 1345 1602 est.
1396 1540 1472 1602 Et
1517 1540 1801 1622 quidem,
1849 1542 1901 1602 si
1948 1541 2321 1621 angelorum

821 1657 1132 1701 numerus
1176 1638 1533 1720 completus
1576 1639 1804 1713 fuerat,
1846 1638 1933 1703 ita
1975 1640 2145 1721 quod
2190 1647 2324 1702 tan-

822 1744 953 1799 tam
986 1737 1337 1800 electorum
1380 1737 1859 1800 multitudinem
1902 1737 2325 1819 comprehen-

2435 775 2668 839 nempe
2717 758 3001 832 modum,
3054 757 3334 820 humana
3379 757 3630 839 species
3679 755 3930 819 condita

2434 863 2604 918 esset
2669 863 2739 917 ut
2807 875 2922 937 per
2987 875 3127 918 eam
3207 873 3515 918 numerus
3583 855 3930 917 electorum

2433 953 2886 1035 compleretur,
2932 960 3123 1036 atque
3169 953 3220 1015 si
3267 953 3378 1036 qui
3426 953 3802 1034 angelorum
3843 953 3934 1016 of·

2434 1051 2756 1114 fendendo
2811 1053 3131 1126 caderent,
3181 1051 3376 1132 hujus
3436 1069 3696 1135 quoque
3752 1069 3934 1113 casus

2435 1150 2958 1232 supplementum
3019 1169 3134 1232 per
3183 1151 3475 1214 homines
3533 1168 3936 1213 consumma-

2435 1256 2610 1310 retur
2645 1265 2658 1310 ε
2690 1255 2846 1310 tunc
2889 1248 3131 1331 quippe
3173 1249 3548 1328 angelorum
3590 1255 3934 1327 transgres-

2436 1345 2552 1419 si0,
2613 1346 2866 1409 occasio
2935 1346 3100 1409 foret
3171 1345 3751 1429 multiplicationis,
3813 1361 3936 1406 non

2435 1444 2854 1506 institutionis
2898 1445 3256 1507 hominum.

2514 1543 2802 1624 Denique
2844 1543 3098 1606 videtur
3138 1543 3469 1625 responsio
3508 1543 3632 1605 ista
3673 1559 3940 1622 congru-

2434 1641 2658 1703 entior.
2721 1641 2932 1703 Primo
2989 1641 3251 1724 quidem
3314 1658 3329 1702 ε
3390 1659 3542 1702 nam
3603 1640 3670 1702 in
3732 1639 3940 1722 primo
3965 1663 4036 1700 aii.
4059 1673 4155 1700 un.

2435 1748 2764 1803 ostensum
2822 1748 2940 1812 est,
2992 1757 3120 1802 non
3175 1739 3707 1802 inconvenienter
3754 1756 3942 1820 posse

824 1834 1012 1907 derit,
1074 1841 1231 1916 quot
1298 1835 1705 1916 praeordinati
1774 1843 1925 1898 sunt
1988 1836 2177 1899 electi
2245 1837 2322 1898 ad
2361 1833 2588 1911 Bdici,
2638 1838 2990 1920 praesertim
3035 1837 3391 1900 secundum
3439 1836 3940 1918 philosophiam,

823 1933 1023 1996 vitam
1049 1951 1065 2012 ;
1112 1941 1265 1995 tunc
1310 1952 1529 1996 rursus
1574 1933 1986 1997 manifestum
2030 1941 2147 2007 est,
2197 1952 2324 1998 non

824 2031 963 2094 fore
994 2031 1210 2114 plures
1239 2032 1591 2094 electorum
1629 2032 1965 2095 hominum
1996 2053 2190 2115 quam
2221 2053 2326 2096 an·

823 2130 1115 2211 gelorum
1166 2131 1739 2211 praevaricantium.
1792 2132 1895 2194 Sic
1953 2132 2193 2194 etenim
2243 2132 2325 2194 ob

827 2228 1072 2294 nullam
1104 2228 1294 2291 aliam
1326 2247 1583 2291 causam
1624 2229 1816 2292 homo
1854 2238 2103 2292 creatus
2134 2238 2324 2304 esset,

827 2346 1021 2409 quam
1089 2334 1161 2388 ut
1226 2327 1597 2408 angelorum
1667 2328 1879 2390 locum
1951 2329 2322 2411 possideret.

826 2425 961 2499 Quo
1005 2442 1325 2498 concess0,
1359 2426 1661 2507 deinceps
1706 2427 2188 2490 concedendum
2233 2436 2329 2490 est

827 2523 1182 2605 angelicam
1240 2525 1717 2607 humanamque
1782 2533 2073 2587 naturam
2134 2526 2328 2588 simul

830 2623 1205 2704 productam
1240 2640 1365 2685 non
1398 2623 1425 2683 f
1430 2622 1697 2686 uisse.Si
1729 2623 1902 2686 enim
1936 2623 2329 2705 omnia,ipse

831 2737 1088 2802 quoque
1134 2721 1327 2783 homo
1365 2729 1429 2783 et
1462 2721 1747 2801 angeluS‚
1789 2721 1981 2783 simul
2031 2721 2331 2784 distincte

833 2817 999 2881 facta
1046 2827 1216 2892 sunt,
1263 2819 1804 2901 quemadmodum
1850 2820 2160 2901 scriptum
2211 2829 2327 2893 est,

834 2917 949 2991 Qui
1002 2917 1163 2980 vivit
1209 2918 1275 2979 in
1322 2926 1649 2990 aeternum,
1702 2919 1941 2980 creavit
1988 2919 2206 2980 omnia
2253 2919 2333 2980 si-

2438 1935 2656 1998 omnia
2693 1935 2886 1998 simul
2927 1935 3092 1998 facta
3131 1953 3292 1998 esse.
3325 1935 3439 1998 Illa
3475 1943 3694 1998 tamen
3741 1935 3943 1996 deter-

2440 2033 2704 2097 minatio
2748 2034 2943 2115 primi
2993 2032 3165 2106 libri,
3211 2034 3763 2115 quemadmodum
3814 2032 3944 2094 illic

2440 2139 2592 2194 tunc
2656 2137 3080 2194 contestatum
3139 2139 3258 2204 est,
3317 2131 3678 2194 secundum
3740 2130 3944 2212 philo·

2439 2230 2732 2312 sophiam
2771 2229 3014 2312 prolata
3049 2237 3164 2292 est.
3200 2229 3362 2302 Quid
3391 2247 3675 2310 namque
3721 2246 3944 2290 secun·

2438 2330 2592 2391 dum
2643 2328 2795 2390 fidei
2839 2334 2902 2389 et
2944 2346 3140 2391 sacrae
3182 2326 3526 2409 Scripturae
3573 2325 3947 2389 testimonia

2440 2428 2676 2489 rectius
2705 2427 2834 2489 dici
2873 2433 3086 2508 queat,
3117 2426 3616 2490 determinatum
3657 2443 3792 2488 non
3831 2433 3942 2488 est.

2439 2524 2556 2598 Qui
2598 2525 2792 2605 igitur
2829 2523 2992 2586 hanc
3032 2523 3414 2606 positionem
3457 2523 3786 2586 sustinere
3825 2522 3946 2586 ele-

2440 2623 2625 2705 gerit,
2673 2624 2888 2684 omnia
2935 2621 3183 2684 scilicet
3231 2620 3424 2683 simul
3477 2619 3643 2682 facta
3691 2639 3946 2682 asseve-

2442 2721 2758 2794 ranS,dies
2790 2720 2932 2783 illos
2963 2737 3118 2801 quos
3150 2721 3217 2781 in
3248 2719 3415 2782 libro
3443 2718 3772 2782 Geneseos
3791 2719 3948 2801 Moy-

2442 2837 2541 2882 ses
2601 2817 2962 2899 descripsit,
3020 2834 3146 2879 non
3211 2817 3410 2879 instar
3467 2817 3728 2878 dierum
3791 2834 3946 2899 quos

2445 2917 2632 2979 modo
2663 2916 2834 2978 volvi
2866 2915 3212 2989 cernimus,
3243 2915 3536 2996 accipere
3567 2921 3808 2996 potest,
3841 2914 3946 2977 sed

840 3016 1012 3094 mul;
1073 3024 1227 3078 tunc
1286 3035 1545 3079 necesse
1603 3025 1757 3088 erat,
1818 3025 1926 3078 aut
1980 3017 2330 3079 humanam
2365 3017 2409 3082 C
2445 3015 2655 3097 potius
2720 3013 2886 3075 sicut
2931 3013 3326 3094 Augustinus
3389 3013 3645 3076 eosdem
3715 3013 3946 3076 intelli·

833 3113 1268 3194 angelicamve
1318 3122 1673 3177 creaturam
1731 3115 2083 3195 transgredi
2139 3123 2331 3197 atque

834 3233 869 3276 e
900 3231 1095 3293 regno
1130 3213 1300 3293 juste
1340 3212 1597 3293 depelli,
1628 3220 1739 3275 aut
1778 3222 1947 3275 certe
1988 3232 2330 3276 numerum

831 3311 912 3374 ab
961 3319 1198 3374 aeterno
1250 3312 1765 3394 praedispositum
1826 3311 2174 3374 electorum
2224 3331 2330 3375 au-

831 3409 990 3490 geri,
1052 3417 1162 3471 aut
1219 3410 1575 3472 humanum
1642 3429 1843 3491 genus
1912 3411 2333 3491 praeordinata

834 3507 1225 3570 beatitudine
1266 3508 1523 3590 penitus
1564 3508 1817 3590 privari.
1854 3508 1989 3570 Non
2021 3508 2195 3571 enim
2228 3526 2332 3589 po-

831 3607 955 3667 tuit
985 3613 1235 3668 aeternae
1267 3606 1597 3687 sapientiae
1636 3607 1969 3688 dispositio
2013 3606 2328 3680 frustrari,

832 3712 904 3766 ut
965 3704 1361 3766 minueretur
1426 3712 1845 3784 augereturve
1913 3705 2333 3787 praeordinata

833 3802 1183 3865 electorum
1217 3801 1579 3864 multitude.
1618 3803 1889 3884 Ideoque
1929 3805 2030 3867 vel
2070 3822 2332 3866 necesse

833 3908 969 3964 erat
1009 3901 1309 3981 angelum
1356 3919 1643 3983 peccare,
1686 3909 1796 3963 aut
1836 3901 2163 3965 hominem
2210 3920 2332 3964 coe-

834 3999 976 4062 lesti
1034 3998 1340 4062 felicitate
1400 3999 1662 4062 omnino
1722 4000 2005 4074 destitui,
2058 4007 2171 4062 aut
2223 4001 2332 4062 ho-

834 4099 1077 4160 minem
1139 4097 1563 4179 praevaricari,
1625 4105 1939 4178 quatenus
1997 4097 2207 4178 angeli
2268 4098 2334 4160 in

2441 3114 2680 3194 gendos
2731 3111 3096 3174 introducit.
3141 3111 3227 3174 De
3274 3111 3395 3174 isto
3439 3118 3652 3174 tamen
3705 3111 3775 3173 in
3825 3111 3947 3193 pri·
3975 3125 4196 3180 csflmi.

2446 3228 2547 3273 mo
2589 3209 2957 3292 diligentior
2999 3209 3318 3290 indagatio
3360 3209 3528 3271 facta
3567 3216 3683 3271 est.
3973 3190 4195 3306 2:351*

2522 3311 2845 3382 Praeterea,
2879 3308 3034 3370 ordo
3061 3315 3162 3370 est
3198 3307 3514 3389 optimum
3556 3307 3623 3369 in
3661 3308 3947 3380 entibuS,

2445 3409 2798 3471 secundum
2859 3405 3306 3484 Aristotelem3
3357 3412 3456 3469 est
3512 3405 3802 3489 denique
3861 3407 3950 3468 in-

2444 3507 2640 3569 timus
2699 3505 2912 3578 rebus,
2971 3504 3328 3568 secundum
3387 3504 3792 3586 Dionysium.
3846 3505 3954 3566 De·

2446 3605 2580 3667 cuit
2643 3603 2942 3685 equidem
3016 3602 3343 3664 fontanam
3410 3602 3646 3664 divinae
3721 3602 3952 3665 mentis

2445 3701 2846 3784 sapientiam,
2890 3700 3252 3763 ordinatum
3294 3700 3780 3782 pulchrumque
3827 3701 3953 3782 pla·

2446 3821 2584 3865 sma
2612 3801 2985 3882 producere,
3019 3799 3562 3881 quemadmodum
3593 3799 3796 3862 etiam
3827 3799 3951 3872 Pla7

2445 3909 2510 3962 to
2553 3900 2963 3962 demonstrat.
3013 3897 3177 3960 Ordo
3217 3905 3432 3959 autem
3483 3897 3777 3960 universi
3827 3915 3948 3960 non

2444 4006 2574 4060 tam
2635 3997 2700 4059 in
2759 3995 3113 4058 individuis
3172 4014 3366 4078 quam
3427 3995 3492 4057 in
3551 3997 3806 4058 naturis
3862 4014 3951 4058 re-

2446 4116 2588 4158 rum
2635 4094 2949 4167 consistit,
2999 4101 3068 4155 ut
3116 4093 3456 4156 Anselmus
3506 4093 3689 4168 dicit,
3737 4101 3804 4158 et
3849 4113 3948 4156 su-

834 4195 1229 4259 beatitudine
1302 4204 1801 4276 perseverarent,
1876 4215 1999 4277 qua
2070 4195 2330 4276 privari,
2365 4196 2414 4258 D
2449 4195 2664 4278 perius
2695 4194 3199 4256 demonstratum
3229 4200 3345 4254 est.
3361 4193 3454 4254 Ad
3486 4192 3945 4274 perfectionem
3997 4209 4100 4252 hul.
4121 4209 4169 4248 m

834 4294 1037 4357 donec
1096 4294 1711 4374 transgrederentur,
1773 4311 1899 4356 non
1958 4293 2255 4357 valebant
2316 4311 2329 4355 :

834 4411 975 4473 quae
1008 4391 1225 4452 omnia
1263 4391 1539 4452 absurda
1578 4399 1745 4454 sunt.
1782 4391 1843 4453 Si
1886 4391 2081 4471 igitur
2120 4390 2336 4453 omnia

834 4489 1028 4552 simul
1062 4490 1227 4552 facta
1257 4496 1406 4551 sunt
1434 4489 1630 4570 (sicut
1660 4488 1844 4551 multi
1876 4489 2145 4568 volunt),
2180 4496 2334 4550 tunc

833 4589 961 4651 dici
1008 4607 1134 4651 non
1184 4594 1411 4671 potest,
1456 4587 1713 4668 angelos
1763 4588 1827 4650 in
1878 4605 2146 4650 numero
2197 4606 2335 4668 per-

833 4686 1003 4748 fecto
1062 4686 1259 4748 fuisse
1319 4693 1583 4758 creatOS,
1638 4686 1748 4748 sed
1808 4686 1872 4746 in
1934 4684 2332 4767 imperfecto,

834 4804 951 4868 per
995 4785 1342 4846 humanam
1386 4783 1687 4846 videlicet
1733 4784 2143 4866 propaginem
2200 4802 2338 4865 per-

836 4882 1117 4944 ficiendo
1180 4900 1193 4944 z
1256 4890 1326 4944 ut
1384 4882 1477 4944 sic
1543 4901 1819 4963 superna
1887 4882 1995 4944 illa
2064 4882 2209 4944 aula
2275 4888 2338 4943 et

838 4981 1021 5044 beata
1077 4981 1428 5043 electorum
1490 4981 1713 5042 civitas
1772 4981 2062 5054 instituta
2119 4980 2202 5041 sit
2258 4997 2338 5042 ex

836 5078 1211 5142 hominibus
1258 5079 1629 5160 angelisque
1679 5086 1989 5152 constare,
2041 5079 2235 5142 etiam
2284 5079 2337 5140 si

838 5196 957 5240 nec
990 5177 1098 5239 ille
1130 5195 1337 5259 neque
1370 5177 1489 5239 iste
1520 5183 1829 5258 peccaret.
1873 5176 2007 5249 Quo
2037 5194 2341 5239 concesso

842 5276 1087 5340 clarum
1136 5275 1345 5350 fieret,
1396 5275 1613 5357 plures
1660 5293 1799 5338 esse
1856 5276 2092 5339 electos
2138 5275 2341 5338 homi-

3975 4287 4037 4322 111,
4057 4282 4146 4312 1181.

2446 4293 2641 4374 igitur
2687 4291 3176 4375 perfectumque
3219 4291 3558 4353 mundanae
3597 4291 3950 4354 molitionis

2445 4391 2759 4464 ordinem,
2795 4388 3153 4451 necessaria
3193 4386 3315 4449 fuit
3357 4388 3639 4450 humana
3677 4389 3949 4471 species,

2447 4490 2499 4551 si
2550 4489 2742 4551 etiam
2791 4487 3164 4569 angelorum
3215 4487 3432 4549 nullus
3483 4495 3832 4568 peccasset.
3883 4487 3950 4549 Et

2447 4587 2710 4669 quidem
2769 4586 2824 4648 si
2889 4602 3016 4647 non
3079 4583 3547 4667 requirebatur,
3608 4592 3770 4647 tunc
3821 4585 3950 4666 jam

2447 4685 2671 4767 utique
2715 4683 3147 4765 superflueret
3193 4701 3208 4744 :
3255 4683 3425 4764 quod
3476 4691 3692 4746 tamen
3745 4703 3952 4766 neque

2448 4784 2526 4846 de
2586 4782 2839 4845 minimi
2898 4782 3239 4844 vermiculi
3299 4787 3527 4844 natura
3581 4783 3804 4845 dicere
3861 4781 3951 4844 fas

2448 4889 2560 4944 est.
2593 4881 2818 4944 Omnia
2847 4899 3082 4962 nempe
3115 4880 3179 4942 in
3221 4879 3534 4961 sapientia
3571 4879 3744 4943 facta
3783 4889 3945 4944 sunt.
3977 4893 4176 4938 panim.

2448 4979 2767 5062 Sapientis
2825 4996 2977 5041 vero
3025 4976 3358 5060 proprium
3405 4995 3592 5059 opus,
3641 4987 3744 5040 est
3789 4979 3954 5042 ordi-

2449 5096 2620 5141 nare.
2657 5077 2720 5140 Si
2752 5094 2902 5158 ergo
2932 5075 3195 5158 angelus
3227 5093 3352 5138 non
3385 5085 3737 5157 peccasset,
3768 5079 3954 5141 homo

2450 5175 2654 5239 nihilo
2713 5175 2928 5237 minus
2989 5182 3311 5236 crearetur
3373 5192 3386 5236 ε
3449 5193 3528 5236 ex
3585 5193 3740 5258 que,
3793 5177 3953 5240 sicut

2451 5273 2994 5358 praeexplanatum
3051 5279 3171 5347 est,
3232 5288 3632 5356 consequens
3688 5274 3793 5350 fit,
3851 5294 3954 5338 an-
