4300 6259
930 512 1009 558 m:
1050 512 1279 559 nuum!
1320 512 1705 561 cuntsrumr.
1746 510 2050 567 Tamum,
2096 511 2274 558 nean
2317 512 2382 557 11.
2425 531 2506 541 —
2545 514 2684 561 ΛΒΤ.
2731 514 2878 561 anl
3337 494 3453 561 461

350 678 596 743 lumine
626 688 1021 764 praeparetur
1054 702 1232 747 mens
1264 691 1493 756 creata,
1526 680 1852 745 videbitur
1879 680 1932 745 A
1962 682 2225 745 rationis
2258 682 2652 766 principium
2687 702 2701 747 ε
2734 682 3017 766 speciem
3058 702 3334 765 namque
3365 682 3460 745 in-

349 779 427 841 ad
464 778 703 843 divina)
745 782 1039 845 essentiae
1076 781 1681 865 contemplationem
1724 798 1851 843 non
1960 780 2366 862 telligibilem
2399 800 2660 845 necesse
2697 790 2794 846 est
2832 782 3042 846 inesse
3082 780 3456 844 intellectui.

262 896 323 927 ¹¹·-
352 895 539 959 posse
584 878 969 961 pertingere.
1016 916 1097 927 --
1153 881 1399 953 Adhuc,
1448 882 1527 943 ad
1586 878 1853 942 manife-
1962 877 2083 941 Sed
2141 877 2263 941 hoc
2319 879 2508 941 modo
2565 880 2736 942 uniri
2805 886 3016 943 creato
3081 878 3459 952 intellectui,

350 975 635 1038 stissima
680 984 947 1053 naturae,
1000 978 1064 1040 id
1124 986 1220 1041 est
1278 979 1357 1041 ad
1415 986 1851 1061 separatarum
1961 975 2138 1037 velut
2167 976 2592 1058 intelligibilis
2621 978 2870 1059 species
2899 986 2964 1040 et
2993 977 3462 1051 forma,divinae

348 1074 853 1138 substantiarum
925 1076 1453 1159 speculationem,
1523 1075 1716 1138 habet
1784 1094 1851 1137 se
1962 1092 2087 1136 non
2139 1073 2394 1136 videtur
2440 1093 2790 1157 congruere
2837 1076 3150 1149 essentiae,
3203 1082 3464 1157 propter

347 1180 567 1235 noster
598 1172 961 1237 intellectus
994 1175 1161 1237 sicut
1196 1176 1275 1237 ad
1316 1176 1467 1238 solis
1509 1174 1727 1237 lumen
1758 1174 1851 1235 in·
1964 1170 2168 1253 ipsam
2215 1191 2396 1234 suam
2443 1172 2507 1234 in
2553 1192 2622 1235 se
2665 1173 3120 1236 subsistentem
3164 1191 3463 1255 superex-

347 1270 661 1333 tuendum
719 1290 789 1335 se
850 1272 1045 1335 habet
1110 1273 1287 1335 visus
1354 1271 1851 1354 vespertilioniS,
1961 1270 2350 1353 altatamque
2380 1271 3288 1355 puritatem‚independentem
3319 1288 3465 1353 quo-

346 1369 707 1431 secundum
774 1369 1229 1452 Philosophum
1292 1371 1573 1433 secundo
1628 1370 1853 1433 Primae
1964 1386 2089 1449 que
2118 1375 2181 1430 et
2213 1368 2816 1432 incommiscibilem
2855 1369 3206 1433 bonitatem
3241 1386 3255 1430 :
3291 1370 3462 1450 quod

348 1466 793 1548 philosophiae.
830 1467 906 1529 Et
933 1467 1055 1531 hoc
1084 1470 1347 1551 quidem
1386 1467 1468 1531 ob
1498 1476 1729 1531 nostrae
1760 1468 1855 1530 in-
1964 1465 2031 1528 in
2070 1465 2236 1529 libro
2267 1466 2612 1529 Causarum
2652 1476 2716 1530 et
2755 1468 3258 1531 Elementatione
3285 1467 3462 1530 theo-

348 1563 721 1645 telligentiae
758 1565 1191 1629 declivitatem
1232 1584 1456 1629 verum
1495 1574 1609 1629 est.
1644 1566 1853 1639 Quum
1964 1562 2170 1643 logica
2196 1563 2400 1627 Procli
2441 1564 2927 1647 profundissimi
2965 1565 3268 1629 Platonici
3309 1565 3462 1627 scri-

348 1680 495 1742 ergo
524 1662 719 1743 primi
753 1662 1181 1745 intelligibilis
1210 1663 1573 1727 sublimitas
1604 1664 1853 1727 infinite
1964 1660 2160 1735 bitur,
2221 1669 2285 1725 et
2342 1662 2410 1725 in
2467 1672 2616 1726 ante
2674 1663 2910 1727 habitis
2969 1663 3344 1727 ostenditur.
3397 1662 3461 1725 Si
3515 1684 3752 1737 naam.

348 1762 603 1823 cunctis
650 1762 957 1842 separatis
1016 1762 1343 1825 mentibus
1390 1762 1856 1845 superexaltata
1965 1760 2159 1842 igitur
2195 1760 2380 1823 aliter
2410 1762 2522 1824 Dei
2563 1761 2732 1825 clara
2769 1763 2933 1825 visio
2971 1762 3296 1845 possibilis
3336 1780 3460 1825 non
3490 1760 3562 1791 ¹¹¹·

348 1860 451 1933 sit,
486 1876 617 1921 non
649 1860 903 1922 videtur
940 1861 1215 1943 qualiter
1256 1880 1369 1944 per
1408 1868 1635 1925 creatae
1662 1868 1854 1943 atque
1888 1858 1937 1923 B
1964 1866 2061 1921 est
2116 1859 2540 1924 deiformibus
2604 1868 2668 1923 et
2731 1860 3046 1924 deificatis
3115 1860 3461 1935 mentibuS‚

350 1958 555 2021 finitae
624 1959 1131 2041 supernaturalis
1200 1960 1363 2023 lucis
1429 1959 1853 2023 influxionem
1964 1956 2089 2019 nisi
2138 1958 2356 2022 divina
2403 1959 2496 2022 eis
2544 1960 2822 2022 essentia
2879 1967 3182 2042 tanquam
3232 1958 3465 2021 intelli-

350 2063 619 2120 eatenus
674 2056 911 2119 elevari
960 2067 1157 2139 queat
1203 2057 1588 2131 intellectae,
1638 2057 1857 2140 praeci-
1961 2054 2184 2136 gibilis
2221 2056 2469 2138 species
2507 2055 2865 2139 copuletur,
2896 2056 3230 2139 apparebit
3259 2055 3462 2119 Deum

352 2174 479 2238 pue
509 2155 857 2231 humanus,
888 2162 999 2218 aut
1034 2156 1231 2219 etiam
1267 2156 1619 2237 angelicus,
1650 2175 1853 2239 quum
1965 2172 2081 2235 per
2118 2155 2462 2217 essentiam
2505 2171 2631 2218 non
2672 2174 2812 2218 esse
2851 2154 3307 2237 agnoscibilem
3341 2155 3468 2217 nisi

353 2262 417 2316 et
456 2253 596 2335 ipse
636 2252 861 2316 finitus
901 2254 1005 2327 sit,
1038 2262 1111 2317 ut
1148 2256 1349 2318 Deum
1390 2272 1517 2317 non
1565 2272 1681 2336 per
1722 2272 1853 2317 cre·
1966 2251 2091 2313 sibi
2122 2251 2242 2315 soli
2277 2254 2487 2335 :quod
2518 2254 2922 2335 praeostensis
2953 2261 3018 2316 et
3046 2252 3280 2316 divinae
3311 2252 3467 2316 fidei

352 2360 523 2415 atam
566 2351 861 2425 formam,
912 2352 1023 2414 sed
1070 2370 1187 2433 per
1228 2352 1573 2415 essentiam
1620 2352 1851 2415 videat.
1967 2358 2302 2431 repugnat.

242 2478 326 2509 nv.
430 2449 681 2523 Adhuc,
716 2450 883 2512 inter
912 2449 1265 2533 potentiam
1300 2458 1363 2513 et
1390 2450 1721 2531 objectum
1748 2468 1856 2513 ne-

353 2567 533 2611 cesse
586 2556 683 2611 est
740 2549 1221 2631 proportionem
1281 2550 1624 2631 quamdam
1690 2568 1851 2611 esse.

352 2648 475 2711 Sed
535 2647 702 2709 inter
759 2647 1043 2711 divinam
1103 2648 1445 2711 essentiam
1508 2654 1572 2710 et
1630 2656 1857 2711 creatae
2323 2612 2813 2679 ARTICULUS
2859 2613 3104 2678 LXIII·

352 2746 591 2809 mentis
632 2745 1091 2809 intellectivam
1132 2753 1511 2829 potestatem
1552 2746 1733 2808 nulla
1760 2753 1857 2809 est
2008 2756 2103 2815 De
2142 2756 2284 2813 luce
2318 2754 2576 2830 qlorioe,
2607 2761 2668 2811 ec
2711 2753 2950 2812 karum
2993 2752 3426 2829 objectionum

354 2844 711 2928 proportio,
742 2843 943 2908 altero
972 2844 1319 2908 exsistente
1349 2845 1537 2908 finito
1566 2852 1629 2907 et
1656 2845 1858 2908 altero
2545 2844 2884 2903 solutione.

352 2943 633 3006 infinito.
660 2942 796 3007 Non
828 2961 979 3024 ergo
1008 2943 1268 3018 valebit,
1300 2943 1858 3026 qualitercumque

352 3044 643 3107 elevetur
682 3062 797 3125 per
836 3043 1052 3106 lumen
1091 3043 1333 3124 gloriae,
1376 3044 1547 3126 quod
1582 3044 1647 3106 in
1682 3062 1751 3107 se
1790 3045 1855 3107 in
1893 3042 1941 3108 G
2042 3038 2330 3103 NDIGET
2389 3038 2599 3101 denuo
2656 3046 2907 3102 creatus
2967 3039 3330 3103 intellectus
3376 3040 3468 3104 di·

352 3141 633 3206 essentia
674 3150 867 3224 atque
914 3142 1151 3205 virtute
1196 3141 1458 3205 finitum
1502 3150 1621 3217 est,
1654 3142 1855 3205 Deum
2072 3138 2222 3201 vina
2261 3138 2536 3221 quadam
2575 3137 3043 3219 supernaturali
3086 3138 3466 3214 influxione,

237 3266 321 3301 w.
354 3260 475 3324 per
510 3240 857 3303 essentiam
897 3258 1299 3321 cognoscere.
1324 3277 1407 3287 —
1432 3242 1511 3303 At
1550 3258 1725 3315 vere,
1768 3240 1859 3304 in·
1969 3236 2023 3298 si
2072 3236 2153 3297 ad
2209 3235 2659 3316 huJuscemodi
2710 3236 2934 3317 primae
2992 3236 3278 3300 veritatis
3327 3257 3470 3319 quae

352 3340 643 3413 finitum,
704 3338 1057 3401 secundum
1110 3340 1279 3421 quod
1340 3338 1489 3413 tale,
1538 3347 1636 3402 est
1690 3339 1859 3402 inco·
1972 3335 2137 3397 Deus
2201 3342 2320 3407 est,
2387 3334 2990 3416 contemplationem
3059 3336 3470 3398 sursumduci

352 3440 627 3519 gnitum.
684 3437 985 3500 Divinum
1042 3446 1257 3499 autem
1314 3456 1428 3501 ens
1472 3438 1857 3519 (secundum
1969 3432 2216 3496 debeat.
2248 3432 2408 3495 Nam
2447 3433 2805 3495 secundum
2836 3432 3294 3515 Philosophum
3331 3452 3472 3516 sep-

100 3558 181 3597 m.
211 3566 323 3595 nu.
354 3535 891 3619 praeinductiones
934 3535 1126 3617 primi
1175 3535 1353 3617 libri)
1389 3536 1860 3599 incircumscri-
1968 3531 2128 3593 timo
2166 3530 2244 3593 de
2273 3530 2510 3592 Auditu
2551 3530 2838 3612 physico,
2871 3531 3310 3613 susceptivum
3341 3550 3470 3594 non

355 3634 589 3718 ptibile
630 3642 728 3696 est
768 3641 832 3695 et
874 3635 1139 3697 omnino
1182 3634 1512 3697 infinitum
1557 3652 1571 3696 :
1606 3653 1721 3716 per
1762 3654 1857 3698 es·
1969 3636 2066 3692 est
2131 3628 2528 3710 contingens.
2593 3628 2764 3691 Nihil
2837 3646 3116 3711 namque
3184 3638 3281 3691 est
3344 3628 3470 3693 for-

355 3732 631 3796 sentiam
680 3749 832 3813 ergo
880 3731 1313 3813 cognoscibile
1363 3749 1491 3796 non
1535 3740 1650 3795 est.
1974 3748 2091 3791 mae
2136 3727 2533 3791 sublimioris
2577 3727 3039 3808 susceptivum,
3085 3728 3140 3789 si
3186 3746 3312 3791 non
3357 3747 3473 3810 per

248 3860 323 3890 ν.
436 3830 753 3913 Amplius,
785 3831 1099 3913 quidquid
1139 3831 1448 3913 recipitur
1482 3831 1861 3913 exsistitque
1971 3826 2458 3909 dispositionem
2517 3826 2860 3907 quamdam
2916 3826 2998 3887 ad
3056 3826 3229 3888 illius
3287 3845 3474 3909 capa-

355 3931 427 3992 in
474 3929 621 4003 alio,
654 3937 751 3991 est
790 3930 855 3991 in
894 3946 973 3991 eo
1021 3929 1377 3991 secundum
1426 3930 1709 4003 modum,
1754 3949 1861 3992 na·
1973 3926 2230 3988 citatem
2290 3925 2687 4006 disponatur.
2749 3922 3060 3996 Quoniam
3120 3924 3316 4005 igitur
3379 3944 3472 3987 se·

354 4037 573 4091 turam
616 4047 691 4090 ac
730 4029 1151 4109 capacitatem
1194 4027 1587 4108 recipientis,
1632 4037 1697 4090 et
1734 4046 1861 4091 non
1972 4024 2256 4085 cundum
2318 4027 2635 4104 praetacta,
2687 4020 2872 4083 aliter
2929 4021 3094 4085 Deus
3152 4022 3318 4084 sicut
3375 4031 3475 4086 est

355 4127 601 4209 recepti
651 4145 664 4189 :
714 4126 885 4209 quod
932 4127 1231 4209 superius
1280 4127 1607 4190 multoties
1655 4127 1861 4189 decla·
1973 4121 2178 4183 videri
2208 4138 2336 4182 non
2367 4125 2598 4200 potest,
2621 4118 2746 4180 nisi
2777 4120 3055 4182 essentia
3083 4120 3300 4183 divina
3331 4122 3472 4183 uni·

355 4232 575 4287 ratum
630 4233 747 4287 est.
798 4224 1119 4306 Quidquid
1168 4242 1319 4305 ergo
1378 4223 1601 4287 unitur
1646 4233 1711 4287 et
1768 4225 1861 4288 in·
1893 4224 1943 4287 D
1972 4228 2115 4283 atur
2157 4219 2354 4281 menti
2394 4225 2620 4281 creatae
2654 4218 2832 4279 velut
2871 4218 3296 4301 intelligibilis
3334 4240 3474 4303 spe·

354 4323 593 4386 fluitur
632 4331 857 4387 creatae
902 4322 1099 4385 menti
1150 4331 1454 4405 tanquam
1504 4324 1751 4406 species
1801 4331 1865 4386 et
1974 4320 2129 4392 cieS,
2161 4317 2382 4380 divina
2410 4333 2563 4378 vero
2592 4317 2868 4379 essentia
2905 4334 3162 4381 omnem
3191 4327 3470 4383 creatam

356 4422 527 4485 ratio
570 4422 899 4495 intellecti,
943 4428 1193 4503 oportet
1236 4421 1495 4484 finitum
1540 4441 1697 4485 esse.
1742 4423 1863 4485 Sed
1974 4416 2458 4497 naturalemque
2501 4415 2870 4477 facultatem
2901 4418 3329 4498 transcendit3
3362 4438 3469 4481 ne-

68 4540 323 4591 umam.
360 4520 657 4583 habitum
704 4529 822 4595 est,
868 4538 983 4602 per
1032 4519 1275 4581 nullam
1326 4528 1603 4583 creatam
1652 4539 1863 4583 essen·
1974 4534 2150 4579 cesse
2208 4524 2306 4578 est
2361 4515 2831 4597 supernaturali
2871 4515 3146 4597 quadam
3187 4516 3470 4581 bonitate

48 4616 141 4649 m.
360 4620 548 4692 tiam,
596 4618 881 4682 divinam
928 4617 1353 4681 substantiam
1414 4619 1619 4681 videri
1677 4638 1864 4701 posse
1974 4616 2182 4697 ipsam
2225 4622 2452 4677 creatae
2495 4614 2728 4676 mentis
2765 4612 3068 4677 virtutem
3109 4614 3467 4693 fortificari,

358 4716 559 4780 sicuti
600 4724 697 4779 est
730 4735 744 4779 :
778 4734 989 4799 neque
1033 4734 1185 4799 ergo
1229 4736 1345 4799 per
1390 4717 1603 4780 lumen
1646 4717 1863 4798 gloriae
1976 4722 2045 4776 ut
2076 4715 2203 4776 Deo
2236 4712 2603 4775 immediata
2634 4713 2870 4775 unione
2909 4714 3292 4795 perfruatur.
3327 4716 3470 4779 Haec

354 4823 475 4879 aut
529 4814 703 4878 aliud
759 4816 999 4878 donum
1048 4816 1246 4877 menti
1295 4814 1583 4878 infusum
1639 4834 1712 4877 ac
1762 4836 1867 4878 su·
1972 4821 2188 4876 autem
2218 4811 2466 4874 bonitas
2497 4811 2713 4873 lumen
2746 4812 2962 4892 gloriae
2991 4814 3470 4896 appellatur.De

357 4913 789 4998 pernaturale,
824 4914 1055 4995 poterit
1090 4916 1189 4996 (ut
1230 4914 1509 4994 videtur)
1545 4915 1711 4977 Deus
1752 4934 1866 4997 per
1974 4930 2100 4994 quo
2141 4912 2207 4973 in
2246 4910 2493 4973 Psalmo
2531 4910 2768 4971 dicitur
2801 4927 2815 4971 ε
2849 4911 2919 4972 ln
2960 4910 3205 4976 lumine
3239 4922 3346 4977 tuo
3385 4914 3474 4976 vi·
3522 4939 3602 4983 Ρ..
3633 4952 3760 4992 xxxxx

354 5013 709 5078 essentiam
740 5012 945 5075 videri
974 5031 1011 5074 a
1040 5020 1251 5075 creata
1280 5012 1537 5075 virtute.
1972 5011 2270 5075 debimus
2302 5009 2538 5071 lumen.
2575 5008 2650 5069 Et
2677 5010 2756 5071 ad
2785 5009 3100 5074 Romanos
3128 5014 3468 5097 Apostolus
3499 5006 3564 5045 ¹⁰·

228 5150 321 5185 ψ,
442 5112 771 5184 Praeterea,
804 5110 1009 5173 forma
1052 5119 1149 5173 est
1194 5109 1589 5193 principium
1634 5112 1863 5193 agendi
1971 5110 2061 5171 ait
2103 5126 2117 5171 :
2160 5106 2372 5170 Gratia
2413 5106 2546 5180 Dei,
2593 5106 2722 5168 vita
2763 5115 3016 5171 aeterna.
3063 5111 3222 5173 Nam
3266 5131 3466 5194 quum
3495 5136 3760 5191 flamna

354 5212 419 5273 ei
454 5210 521 5271 in
552 5228 683 5293 quo
712 5217 826 5271 est.
862 5209 1119 5291 Species
1158 5218 1373 5271 autem
1413 5209 1861 5290 intelligibilis,
1976 5209 2103 5271 vita
2130 5216 2367 5271 aeterna
2395 5206 2478 5269 sit
2507 5205 2618 5268 Dei
2647 5207 2928 5286 cognitio
2958 5226 3073 5290 per
3100 5213 3466 5287 essentiam,

354 5316 463 5377 est
490 5308 763 5373 formale
790 5314 854 5371 et
880 5307 1243 5371 intraneum
1279 5307 1687 5373 intellectiva>
1712 5326 1862 5392 ope·
1974 5328 2117 5392 quae
2165 5305 2520 5369 naturalem
2564 5312 2940 5388 potestatem
2988 5310 3182 5373 creati
3228 5310 3472 5377 intelle-
