4300 6259
593 4420 705 4478 Sap.
720 4432 778 4473 xx,
789 4422 857 4465 21.

872 464 993 529 446

873 660 1005 715 tem
1061 653 1294 718 falsum
1353 660 1451 717 est
1512 672 1527 715 :

874 751 1147 814 formam
1174 769 1191 831 ;
1241 771 1573 834 quumque
1623 752 1706 814 sit
1747 750 1914 813 alius
1974 750 2374 831 intelligendi

876 850 1102 912 modus
1142 849 1393 923 animae,
1425 857 1491 912 et
1518 849 1723 930 angeli
1770 866 1844 910 ac
1884 847 2213 921 daemoniS,
2247 865 2374 911 non

874 954 1145 1029 possunt
1183 947 1247 1009 hi
1288 947 1553 1029 spiritus
1592 946 1881 1027 ejusdem
1928 944 2168 1027 speciei
2211 963 2372 1007 esse.

871 1044 1119 1119 Adhuc,
1154 1063 1253 1107 res
1284 1045 1591 1107 naturalis
1623 1043 2035 1107 constituitur
2063 1062 2141 1105 ex
2174 1042 2380 1107 forma

874 1149 936 1205 et
999 1142 1284 1217 materia,
1344 1143 1581 1225 quibus
1641 1142 2015 1205 naturaliter
2070 1140 2379 1223 competit

875 1241 1046 1304 uniri
1080 1258 1093 1303 :
1127 1247 1306 1303 actus
1344 1241 1517 1303 enim
1558 1249 1617 1303 et
1658 1239 1943 1323 potentia
1969 1238 2376 1303 essentialem

876 1339 1397 1402 cohabitudinem
1451 1348 1871 1421 mutuamque
1914 1346 1977 1400 et
2020 1336 2374 1399 naturalem

874 1438 1219 1520 quamdam
1254 1440 1731 1521 proportionem
1764 1439 2045 1519 exigunt.
2082 1436 2144 1499 Si
2185 1436 2380 1517 igitur

876 1535 1135 1618 spiritui
1185 1536 1470 1599 humano
1528 1554 1654 1598 non
1715 1554 1793 1599 ex
1843 1544 2088 1611 natura,
2138 1534 2251 1596 sed
2299 1553 2380 1596 ex

875 1635 1106 1697 merito
1144 1634 1421 1715 quodam
1470 1635 1707 1716 praevio
1752 1634 2082 1696 dumtaxat
2123 1649 2379 1714 compe-

874 1740 963 1794 tat
1007 1732 1261 1814 corpori
1308 1732 1501 1807 uniri,
1544 1749 1672 1794 non
1716 1731 1839 1795 erit
1882 1732 2073 1793 homo
2115 1749 2230 1793 ens
2275 1749 2381 1793 na·

1464 482 1545 531 DE
1587 482 1813 531 mltum
1855 480 2240 529 cnmsrlAnAE
2278 480 2580 538 molum,
2623 480 2800 529 Lmen
2841 483 2907 529 11.
2953 500 3033 513 ·-
3073 483 3212 530 Aur.
3258 480 3400 531 xmx

1588 653 1875 737 operatio
1932 652 2107 715 enim
2167 652 2378 734 arguit
2405 651 2456 715 A
2483 651 2984 716 substantiarum
3057 653 3392 717 diversitas
3463 672 3544 717 ex
3613 651 3964 716 diversitate

2487 750 2858 814 meritorum
2904 760 3181 827 emanat,
3226 759 3380 814 tunc
3424 752 3580 815 ordo
3621 750 3964 813 coelestium

2484 847 2739 911 orbium
2769 856 2833 911 et
2871 849 3156 913 siderum
3199 850 3365 912 inter
3395 868 3486 923 se,
3518 856 3583 912 et
3611 847 3966 912 eorumdem

2483 947 2562 1008 ad
2594 945 2920 1009 hominem
2953 966 3026 1011 ac
3065 947 3437 1011 inferiorem
3479 954 3770 1010 naturam
3808 965 3972 1008 mun-

2485 1043 2551 1105 di
2600 1044 2948 1119 sensibilis,
3003 1046 3260 1127 penitus
3307 1046 3431 1107 erit
3485 1045 3782 1109 casualis.
3829 1044 3972 1107 Nam

2489 1141 2864 1205 meritorum
2894 1142 3228 1205 diversitas
3261 1162 3338 1206 ex
3369 1144 3505 1207 sola
3544 1142 3832 1205 libertate
3861 1142 3974 1223 spi-

2487 1240 2730 1302 rituum
2789 1240 3194 1304 rationalium
3254 1249 3399 1304 nata
3455 1248 3575 1317 est,
3636 1240 3976 1303 secundum

2487 1338 2848 1419 origenem.
2895 1339 3002 1403 11ae
3045 1358 3197 1404 vero
3242 1339 3685 1408 intellectuum
3737 1338 3977 1401 illorum

2491 1436 2812 1500 libertates
2856 1436 3106 1500 nullum
3154 1438 3320 1500 inter
3363 1456 3430 1500 se
3471 1438 3766 1500 ordinem
3806 1437 3982 1499 habe-

2487 1533 2662 1608 bant,
2695 1534 3124 1598 convertendo
3154 1554 3224 1597 se
3251 1535 3331 1597 ad
3363 1554 3693 1598 summum
3725 1533 3976 1609 bonum,

2488 1640 2598 1694 aut
2636 1632 2718 1695 ab
2764 1632 2990 1696 eodem
3039 1632 3355 1696 abeundo.
3401 1632 3716 1707 Quaelibet
3762 1651 3980 1715 nempe

2492 1737 2661 1794 mota
2699 1738 2867 1793 esset
2911 1731 3268 1795 secundum
3309 1732 3644 1813 proprium
3695 1730 3980 1813 benepla-

872 1830 1095 1893 turale.
1134 1830 1209 1892 Et
1250 1830 1673 1893 consimiliter
1710 1830 1790 1893 de
1829 1830 1963 1893 sole
2000 1848 2075 1892 ac
2112 1828 2380 1892 orbibus
2413 1824 2467 1889 B
2491 1830 2716 1903 citum,
2748 1830 2888 1893 sine
2919 1835 3216 1912 respectu
3257 1830 3339 1892 ad
3377 1830 3602 1892 alium.
3635 1829 3818 1892 Esset
3843 1846 3984 1911 ergo

874 1929 1309 2011 argumentari
1353 1936 1585 2012 potest,
1618 1929 1729 2011 qui
1772 1928 2125 1991 secundum
2174 1927 2382 2009 Orige-

874 2046 1047 2102 nem‚
1080 2027 1345 2089 animati
1388 2034 1557 2089 sunt.

954 2126 1251 2208 Amplius
1294 2127 1388 2208 (et
1434 2133 1532 2188 est
1575 2124 1738 2188 ratio
1779 2125 2117 2206 Augustini
2162 2133 2382 2187 contra

864 2225 1260 2315 origenem),
1278 2224 1331 2287 si
1354 2242 1431 2287 ex
1461 2224 1827 2287 diversitate
1860 2224 2236 2286 meritorum
2267 2242 2380 2286 seu

877 2325 1159 2388 motione
1218 2323 1406 2386 liberi
1463 2322 1711 2385 arbitrii
1769 2331 1947 2386 ortus
2006 2329 2103 2386 est
2161 2339 2381 2405 corpo·

877 2422 1109 2485 ralium
1176 2421 1678 2485 substantiarum
1739 2422 1915 2495 ord0‚
1977 2429 2130 2483 tunc
2193 2440 2382 2483 causa

873 2520 958 2584 ob
1006 2539 1199 2603 quam
1251 2538 1418 2583 unus
1468 2527 1715 2582 tantum
1768 2519 1865 2581 sol
1914 2519 2184 2594 exsistit,
2230 2518 2380 2581 hinc

875 2619 1211 2702 accipitur,
1265 2618 1417 2701 quia
1466 2637 1634 2680 unus
1683 2618 2013 2680 dumtaxat
2053 2616 2382 2681 rationalis

876 2718 1142 2802 spiritus
1182 2718 1276 2781 sic
1320 2725 1529 2779 motus
1570 2723 1668 2779 est
1717 2724 1788 2778 ut
1825 2716 1936 2779 tali
1978 2716 2230 2800 corpori
2281 2734 2382 2778 co-

876 2816 1087 2901 pulari
1149 2822 1521 2879 mereretur.
1576 2816 1705 2877 Hoc
1765 2833 1919 2878 vero
1975 2814 2103 2877 fuit
2149 2834 2187 2877 a
2232 2833 2381 2877 casu

878 2923 950 2978 ut
979 2935 1147 2978 unus
1176 2922 1421 2977 tantum
1455 2914 1547 2977 sic
1578 2919 1892 2998 peccaret.
1924 2914 1976 2975 A
2008 2932 2159 2976 casu
2191 2913 2385 2995 igitur

2489 1929 2644 1993 ordo
2693 1928 2801 1991 ille
2851 1928 3147 2004 casualiS,
3193 1936 3259 1991 et
3303 1929 3664 1993 essentialis
3706 1930 3982 1993 subordi-

2490 2028 2662 2090 natio
2709 2027 3174 2091 universalium
3223 2046 3296 2091 ac
3348 2027 3803 2110 primariarum
3852 2046 3982 2089 cau-

2495 2145 2710 2189 sarum
2753 2126 3022 2189 fortuitu
3066 2125 3439 2207 contigisset
3474 2144 3488 2189 :
3523 2128 3699 2209 quod
3745 2126 3983 2209 penitus

2491 2223 2774 2287 alienum
2805 2231 2922 2287 est.
2956 2224 3070 2287 Hie
3101 2223 3275 2287 enim
3305 2225 3459 2289 ordo
3489 2226 3815 2307 optimum
3845 2223 3984 2306 quid

2493 2330 2590 2387 est
2619 2323 2686 2387 in
2717 2323 2974 2387 entibus
2999 2340 3014 2386 :
3037 2341 3186 2386 nam
3217 2323 3358 2386 sine
3386 2341 3462 2385 eo
3491 2323 3846 2386 subsistere
3873 2340 3986 2386 non

2493 2430 2709 2505 posset
2755 2422 3078 2485 mundana
3127 2421 3392 2497 fabrica,
3439 2441 3652 2506 neque
3702 2423 3988 2485 durarent

2493 2540 2708 2585 rerum
2766 2520 3033 2603 species
3086 2520 3232 2583 Tale
3289 2528 3504 2583 autem
3555 2520 3826 2595 bonum,
3874 2538 3986 2583 non

2490 2620 2624 2702 jam
2655 2638 2924 2683 summae
2953 2618 3222 2683 bonitati
3253 2620 3364 2682 sed
3407 2618 3584 2682 casui
3623 2619 3984 2692 attribuere,

2493 2718 2645 2783 satis
2673 2716 3106 2781 irrationabile
3137 2717 3408 2783 videtur.
3443 2717 3536 2780 Ex
3567 2717 3669 2781 his
3701 2718 3986 2801 equidem

2493 2818 2702 2900 palam
2760 2823 2858 2879 est
2911 2815 3147 2879 falsum
3206 2834 3348 2878 esse
3396 2815 3690 2898 Origenis
3749 2818 3983 2899 dogma,

2494 2917 2648 2979 dum
2695 2916 2804 2990 ait,
2854 2915 3134 2979 animam
3184 2914 3419 2978 Christi
3474 2923 3622 2978 ante
3685 2916 3984 2978 mundum

876 3022 974 3077 est
1023 3032 1223 3076 unum
1274 3013 1474 3077 solem
1525 3030 1688 3087 esse,
1738 3019 1803 3073 et
1849 3029 1977 3075 non
2035 3012 2117 3074 ob
2168 3030 2381 3074 neces·
2411 3008 2456 3073 C
2494 3014 2694 3077 fuisse
2725 3020 3101 3087 creatam,et
3129 3013 3392 3076 demum
3422 3014 3594 3077 circa
3623 3014 3988 3079 saeculorum

878 3114 1130 3176 sitatem
1176 3120 1417 3175 naturae
1462 3129 1783 3193 corporeae
1826 3118 1891 3173 et
1933 3110 2312 3174 inferiorum
2363 3128 2378 3173 :

878 3212 1049 3294 quod
1097 3212 1177 3274 ad
1226 3230 1486 3273 sensum
1530 3216 1779 3274 constat
1823 3209 2174 3272 absurdum
2217 3228 2378 3273 esse.

957 3313 1037 3374 At
1065 3328 1238 3385 vero,
1277 3328 1463 3396 poena
1494 3309 1867 3372 adversatur
1898 3308 2066 3371 bono
2095 3316 2379 3372 naturae:

879 3411 1022 3473 ideo
1066 3427 1344 3491 namque
1392 3408 1558 3471 mala
1596 3407 1849 3470 dicitur.
1887 3407 1949 3470 Si
1991 3406 2187 3488 igitur
2230 3406 2384 3469 unio

876 3509 1105 3573 animae
1162 3508 1239 3570 ad
1300 3525 1533 3589 corpus
1592 3506 1675 3569 sit
1733 3506 2056 3589 quoddam
2104 3505 2378 3588 poenale,

878 3616 943 3671 et
971 3606 1153 3689 quasi
1181 3606 1468 3687 alligatio
1498 3606 1788 3687 quaedam
1829 3604 2059 3668 animae
2099 3603 2278 3667 velut
2317 3606 2382 3667 in

879 3723 1154 3779 carcere,
1206 3722 1335 3768 non
1393 3703 1516 3766 erit
1573 3703 1812 3767 bonum
1873 3710 2115 3767 naturae
2171 3720 2382 3785 neque

880 3804 1197 3867 intentum
1230 3803 1309 3867 ab
1350 3822 1442 3865 ea.
1481 3801 1678 3883 Cujus
1715 3802 1959 3865 falsitas
1999 3801 2381 3876 declaratur,

880 3902 1185 3986 quoniam
1233 3899 1541 3963 naturalis
1585 3899 1911 3981 generatio
1961 3899 2027 3961 in
2077 3899 2199 3962 hoc
2247 3906 2384 3961 ten-

880 4001 976 4063 dit
1018 4006 1081 4063 et
1122 3999 1201 4062 ad
1244 3999 1367 4063 hoc
1412 3998 1812 4061 terminatur.
1856 3997 2243 4080 Sequeretur
2284 3998 2387 4059 de-

882 4115 1033 4173 nuc,
1080 4098 1249 4181 quod
1299 4116 1438 4160 esse
1486 4096 1838 4172 hominem,
1885 4095 2085 4159 solem
2136 4115 2250 4158 seu
2292 4114 2388 4160 or-

2495 3112 2660 3176 fines
2709 3112 2883 3175 carni
2933 3112 3197 3175 unitam.
3253 3112 3374 3175 Sed
3423 3113 3733 3196 quoniam
3789 3113 3986 3176 multi-

2493 3212 2748 3295 pliciter
2796 3211 3136 3293 probatum
3179 3218 3278 3274 est
3319 3211 3384 3274 in
3429 3212 3663 3293 primo,
3709 3211 3985 3275 ordinem

2493 3309 2780 3373 universi
2829 3328 2907 3373 ex
2955 3309 3434 3392 sapientissimo
3481 3310 3721 3375 divinae
3772 3310 3988 3373 mentis

2493 3410 2670 3474 fonte
2713 3408 3052 3491 prodiisse,
3085 3427 3258 3471 nunc
3299 3408 3436 3473 haec
3480 3428 3684 3491 pauca
3729 3426 3847 3493 pro
3883 3409 3987 3471 hu·

2492 3506 2850 3588 juscemodi
2881 3505 3116 3568 erroris
3145 3505 3577 3569 destructione
3617 3505 3986 3575 introducta,

2495 3606 2618 3669 hoc
2648 3605 2836 3669 modo
2865 3604 3214 3667 sufficiant.
3238 3639 3318 3650 —
3339 3604 3476 3668 Non
3505 3604 3767 3667 videtur
3791 3610 3988 3667 autem

2497 3704 2798 3785 Origenes
2854 3703 3222 3777 attendisse,
3275 3703 3444 3785 quod
3505 3721 3635 3767 non
3693 3708 3990 3785 repugnat

2497 3803 2730 3869 divinae
2756 3802 3044 3883 justitiae,
3078 3802 3191 3864 uni
3225 3809 3467 3866 naturae
3497 3801 3644 3885 plus
3685 3798 3988 3885 impertiri

2497 3899 2799 3963 bonitatis
2831 3916 3022 3981 quam
3055 3898 3263 3972 alteri,
3295 3897 3475 3961 nullo
3505 3905 3834 3981 praeeunte
3871 3914 3988 3959 me·

2498 3998 2641 4071 rite,
2692 4015 2769 4061 eo
2828 3998 2997 4079 quod
3066 4014 3194 4059 non
3253 4016 3332 4059 ex
3391 3995 3608 4059 debito
3669 3996 3786 4059 sed
3850 3994 3990 4058 libe·

2499 4096 2716 4158 raliter
2754 4095 2946 4159 rebus
2987 4096 3323 4159 influxerit
3364 4094 3676 4177 quidquid
3725 4092 3990 4157 entitatis

883 4197 1058 4272 bem,
1108 4214 1236 4260 non
1285 4202 1452 4259 esset
1503 4195 1745 4259 bonum
1796 4194 1860 4257 in
1903 4203 2129 4257 natura
2178 4212 2387 4277 neque
2418 4198 2467 4260 D
2497 4195 2737 4258 habent
2770 4212 2783 4257 :
2821 4195 2972 4271 imo,
3006 4194 3174 4256 sicut
3215 4194 3338 4256 hoc
3378 4211 3504 4256 non
3552 4201 3867 4275 repugnat
3901 4192 3991 4273 ju-

886 4296 1195 4360 naturale.
1244 4294 1420 4369 Quod
1478 4311 1739 4376 prorsus
1797 4291 2033 4356 falsum
2090 4299 2186 4355 est
2237 4310 2251 4355 :
2305 4292 2388 4355 si-

887 4394 1149 4478 quidem
1216 4392 1434 4457 omnia
1500 4393 1565 4454 in
1635 4409 1926 4465 numere,
1987 4391 2269 4474 pondere
2325 4398 2392 4454 et

888 4513 1190 4559 mensura
1231 4492 1562 4556 constituit
1603 4491 1821 4554 divina
1867 4490 2201 4573 sapientia.
2245 4491 2390 4553 Am·

887 4594 1082 4679 pliuS‚
1128 4592 1401 4656 effectus
1447 4609 1525 4654 ex
1574 4590 1855 4672 plurium
1904 4607 2239 4652 causarum
2292 4606 2394 4652 co-

886 4691 1353 4758 ordinationem
1384 4688 1625 4752 nullam
1655 4687 2024 4750 habentium
2072 4706 2388 4750 concursu

888 4792 1261 4874 procedenS,
1312 4788 1583 4851 casualis
1641 4785 1876 4848 dicitur
1927 4804 1941 4848 ε
1992 4784 2160 4848 sicut
2219 4804 2389 4849 rece-

888 4891 1025 4975 ptio
1068 4889 1267 4952 debiti
1313 4906 1455 4970 quae
1498 4904 1573 4949 ex
1622 4885 1891 4948 transitu
1936 4884 2212 4966 alicujus
2259 4904 2388 4948 me-

886 4989 1054 5053 antis
1102 5006 1219 5071 pro
1266 4994 1438 5050 certo
1485 4984 1738 5066 negotio
1784 4983 1863 5046 ad
1913 4984 2252 5065 praet'ixum
2301 4985 2388 5048 lo-

888 5109 1033 5154 cum
1071 5097 1263 5169 atque
1298 5085 1625 5167 inopinata
1656 5082 1986 5146 creditoris
2024 5082 2388 5147 obviatione

889 5186 1223 5268 contingit,
1256 5182 1527 5247 casualis
1558 5181 1812 5243 dicitur.
1848 5182 1910 5243 Si
1945 5180 2139 5262 igitur
2169 5198 2388 5264 corpo-

887 5304 1033 5352 rum
1075 5284 1178 5349 vel
1224 5282 1437 5367 potius
1494 5279 1922 5364 corporalium
1980 5279 2388 5344 rationalium

2499 4293 2710 4367 stitiae,
2782 4292 2874 4354 sic
2941 4292 3230 4355 ordinem
3302 4291 3560 4355 entibus
3631 4293 3992 4376 imprimere

2501 4390 2892 4472 congruebat
2927 4409 3196 4454 summae
3234 4390 3582 4473 sapientiae.
3617 4390 3993 4455 Universalis

2501 4507 2757 4573 quoque
2787 4508 2994 4553 causae
3023 4496 3121 4553 est
3151 4490 3484 4553 intendere
3515 4489 3733 4573 potius
3762 4490 3989 4553 bonum

2499 4589 2718 4662 totiuS,
2753 4588 2922 4670 quod
2953 4595 3052 4651 est
3080 4588 3257 4662 ordo,
3281 4607 3474 4670 quam
3504 4588 3750 4653 bonum
3781 4588 3988 4672 partis.

2857 4797 3346 4863 ARTICULUS
3392 4796 3638 4861 XLIX.

2647 4931 2958 4992 Rationes
3013 4931 3311 5008 quoedam
3366 4938 3596 4989 contra
3651 4932 3852 5007 fidem

2993 5020 3494 5079 incarnacionis,

2642 5170 2992 5235 STENSUM
3029 5169 3272 5253 quippe
3300 5178 3398 5232 est
3425 5170 3491 5232 in
3530 5171 3980 5253 superioribus²
4003 5188 4106 5233 mm
4119 5194 4152 5226 2·-

4001 5249 4206 5299 Balatu·

2668 5271 2870 5333 Deum
2927 5286 3046 5332 nec
3103 5287 3245 5331 esse
3298 5285 3552 5353 corpuS,
3602 5288 3816 5355 neque
3869 5270 3983 5333 vir·
