4300 6259
617 4928 698 4966 ari.
719 4938 828 4968 ιιιιι

860 490 983 556 330

1437 513 1516 559 DE
1557 479 1784 559 ionum
1826 513 2209 560 cnmsTIANAE
2250 513 2551 572 manum,
2596 515 2771 562 mm
2814 516 2852 561 1.
2899 533 2981 546 --··
3020 517 3159 563 ΛΒΤ.
3204 516 3391 562 Lxxxl

861 679 1004 744 sine
1069 699 1385 746 concursu
1441 685 1843 767 particularis
1901 685 2149 766 agentis
2204 686 2360 766 (non
2389 684 2443 750 A
2471 686 2620 768 gine
2669 687 2735 749 in
2787 687 3010 750 mundi
3058 686 3513 750 constitutione
3560 686 3775 749 divina
3822 703 3957 768 per-

861 779 1040 844 enim
1085 780 1180 844 sol
1229 790 1294 844 et
1341 789 1550 847 motus
1598 783 1744 846 coeli
1801 791 2179 865 generarent
2236 783 2359 846 for-

862 897 1033 941 mam
1082 880 1233 962 equi
1281 889 1392 943 aut
1435 900 1673 963 equum
1723 881 1862 945 sine
1914 883 2359 964 cooperatione

861 977 1057 1058 hujus
1099 979 1278 1061 equi)
1309 997 1324 1041 z
1358 988 1421 1042 et
1464 980 1606 1043 ideo
1651 979 1778 1043 dici
1824 981 2006 1055 solet,
2049 982 2219 1063 quod
2251 1001 2357 1044 ne-

861 1093 1038 1139 cesse
1068 1076 1153 1139 sit
1181 1076 1248 1139 in
1285 1078 1573 1160 qualibet
1610 1079 1825 1161 specie
1862 1080 1990 1142 duo
2029 1080 2360 1163 supposita

861 1173 1055 1236 simul
1088 1175 1395 1257 producta
1425 1175 1646 1240 fuisse.
1680 1178 1854 1251 Quod
1895 1178 1974 1240 de
2004 1177 2103 1240 his
2133 1197 2356 1241 verum

860 1279 958 1334 est
1001 1292 1142 1354 quae
1187 1274 1536 1354 perfectam
1583 1282 1874 1337 naturam
1920 1276 2176 1339 habent.
2211 1277 2359 1350 Quae

860 1390 1140 1452 namque
1179 1391 1256 1434 ex
1297 1373 1762 1455 putrefactione
1809 1382 2196 1455 generantur
2232 1376 2359 1437 vir-

858 1475 994 1531 tute
1027 1469 1684 1554 coelesti,imperl'ecta
1715 1480 1864 1534 sunt
1889 1479 1954 1534 θῖ
1983 1472 2212 1534 ceteris
2244 1473 2358 1535 im-

858 1567 1261 1648 perfectiora.
1296 1569 1384 1630 Ea
1428 1588 1682 1652 quoque
1729 1589 1870 1651 quae
1915 1570 1980 1632 in
2023 1588 2150 1632 uno
2194 1571 2356 1632 indi—

857 1664 1054 1727 viduo
1095 1666 1443 1740 salvantur,
1477 1667 1770 1748 quamvis
1822 1668 2287 1749 corruptibilia,
2321 1687 2358 1730 a

857 1762 1178 1846 praedictis
1219 1766 1584 1827 demuntur.
1617 1765 1754 1828 Non
1793 1783 1944 1847 ergo
1984 1773 2189 1847 potest
2218 1785 2356 1829 esse

2471 784 2688 860 lectio,
2720 786 2775 848 si
2818 795 3049 848 cuncta
3090 787 3285 850 simul
3329 786 3583 849 condita
3626 791 3951 866 ponantur.

2552 885 2694 948 Haec
2754 884 3033 966 denique
3089 884 3443 946 secundum
3496 882 3955 965 philosophiam

2470 982 2641 1045 dicta
2682 989 2850 1044 sunt.

2552 1081 2616 1142 Si
2661 1098 2811 1143 vero
2856 1080 2999 1162 quis
3044 1081 3213 1143 dicat
3247 1097 3261 1143 :
3296 1080 3391 1144 Ab
3422 1097 3552 1142 uno
3595 1078 3873 1161 simplici
3902 1087 3961 1142 et

2472 1196 2600 1241 uno
2630 1179 2983 1260 eodemque
3015 1179 3204 1242 modo
3234 1197 3301 1241 se
3330 1177 3629 1252 habente,
3660 1194 3787 1240 non
3824 1195 3960 1259 pos-

2471 1284 2620 1339 sunt
2649 1277 2833 1358 plura
2863 1277 3232 1340 immediate
3263 1277 3629 1359 procedere,
3654 1283 3725 1338 ut
3750 1275 3961 1338 Alber·

2470 1384 2573 1438 tus
2630 1375 2825 1439 refert
2881 1376 3120 1439 dixisse
3175 1375 3606 1448 Aristotelem,
3665 1375 3959 1457 Alphora-

2471 1473 2674 1548 bium,
2692 1474 3105 1549 Avicennam,
3119 1473 3475 1555 Algazelem
3506 1480 3571 1536 et
3589 1474 3955 1536 Averroem:

2469 1572 2779 1652 adjiciens
2849 1572 3015 1635 hanc
3092 1572 3596 1655 propositionem
3672 1589 3711 1634 a
3788 1569 3961 1632 nullo

2469 1690 2752 1752 unquam
2784 1689 2923 1733 esse
2966 1679 3257 1751 negatam
3296 1671 3421 1732 nisi
3459 1671 3540 1732 ab
3581 1669 3956 1732 Avicebron.

2466 1767 2749 1831 Primum
2780 1778 2994 1832 autem
3025 1770 3286 1832 omnino
3319 1767 3842 1833 incommutabile
3872 1775 3963 1830 est

861 1867 1070 1922 motus
1131 1861 1276 1925 coeli
1335 1862 1474 1924 sine
1529 1863 2008 1943 generabilibus
2067 1870 2132 1926 et
2197 1863 2355 1944 ipsis
2392 1861 2439 1923 B
2468 1874 2531 1928 et
2560 1867 2833 1950 simplex
2868 1885 2881 1929 ε
2918 1885 3043 1930 non
3075 1867 3271 1948 igitur
3298 1867 3463 1930 bene
3502 1866 3808 1928 traditum
3848 1873 3961 1937 est,

858 1958 1049 2021 etiam
1082 1959 1455 2023 elementis:
1489 1968 1638 2023 sunt
1668 1961 1882 2043 itaque
1913 1961 2128 2024 omnia
2161 1961 2356 2024 simul

859 2056 1048 2120 facta.

938 2155 1186 2230 Adbuc,
1246 2156 1312 2218 in
1371 2156 1578 2221 causis
1639 2157 2006 2220 coelestibus
2065 2158 2233 2220 inter
2289 2177 2357 2220 se

859 2261 924 2317 et
980 2255 1057 2316 ad
1118 2255 1523 2338 particularia
1581 2257 1834 2338 agentia
1889 2256 2355 2338 generabilium

858 2353 1240 2434 specierum,
1284 2354 1543 2435 ponitur
1584 2355 1940 2418 essentialis
1981 2354 2355 2418 subordina-

855 2449 946 2512 tio
985 2450 1049 2511 in
1092 2451 1450 2514 causando:
1486 2453 1652 2514 sicut
1682 2453 1871 2515 homo
1903 2452 2358 2516 subordinatur

852 2547 994 2621 soli,
1045 2547 1184 2611 sine
1233 2567 1361 2630 quo
1409 2559 1736 2632 nunquam
1786 2557 2136 2630 generaret,
2190 2550 2357 2613 sicut

851 2665 970 2709 nec
1010 2646 1103 2709 sol
1134 2655 1465 2728 generaret
1495 2649 1666 2711 hunc
1697 2649 2025 2711 bominem
2071 2649 2211 2711 sine
2258 2667 2357 2711 co-

850 2745 1139 2826 operanti
1179 2746 1458 2808 homine.
1505 2746 1607 2809 Sol
1649 2753 1864 2809 autem
1903 2747 2356 2810 subordinatur

851 2843 1106 2918 motori,
1142 2851 1348 2906 motor
1389 2863 1542 2907 vero
1587 2863 1793 2908 causae
1838 2845 2082 2927 primae.
2116 2846 2356 2926 Impos-

850 2940 1040 3003 sibile
1085 2948 1181 3003 est
1222 2949 1437 3004 autem
1481 2960 1704 3005 eorum
1745 2961 1886 3023 quae
1927 2943 2355 3005 essentialiter

2467 1965 2681 2028 omnia
2728 1965 2924 2028 simul
2980 1965 3149 2028 facta
3196 1983 3335 2028 esse
3384 1964 3465 2028 ab
3524 1964 3653 2027 illo.
3706 1963 3829 2026 Sed
3876 1963 3963 2026 di-

2465 2065 2762 2139 cendum,
2796 2063 3065 2127 verbum
3114 2064 3233 2126 hoc
3281 2063 3767 2145 intelligendum
3807 2079 3965 2134 esse,

2468 2163 2636 2246 quod
2699 2162 2882 2245 plura
2940 2180 3065 2225 non
3132 2162 3350 2224 fluunt
3406 2180 3443 2223 a
3488 2162 3703 2244 primo
3747 2161 3965 2222 imme·

2466 2261 2656 2335 diate,
2718 2260 2780 2323 id
2839 2268 2937 2323 θεῖ
2994 2260 3134 2323 sine
3193 2261 3418 2324 ordine
3470 2277 3485 2322 :
3536 2267 3635 2322 est
3690 2277 3967 2341 namque

2466 2359 2769 2421 mediatio
2817 2359 3059 2422 ordinis
3110 2359 3176 2420 in
3224 2358 3699 2421 emanantibus.
3752 2357 3831 2419 Et
3877 2358 3965 2420 sic

2464 2458 2745 2520 salvatur
2799 2457 3190 2520 Aristoteles.
3245 2457 3310 2519 Si
3367 2474 3521 2520 vero
3576 2457 3671 2520 sic
3730 2456 3965 2519 intelli-

2462 2563 2666 2636 gatur,
2701 2555 2869 2637 quod
2899 2574 2934 2617 a
2973 2555 3183 2638 primo
3221 2573 3350 2618 non
3389 2555 3747 2639 procedunt
3782 2554 3965 2636 plura

2464 2653 2587 2714 nisi
2622 2653 2939 2716 mediante
2971 2653 3251 2715 secundo
3279 2661 3601 2727 causante,
3622 2659 3693 2714 ut
3722 2652 3965 2714 scilicet

2464 2752 2742 2814 secunda
2773 2751 3193 2832 intelligentia
3221 2751 3469 2814 dicatur
3497 2770 3532 2813 a
3571 2751 3783 2832 primo
3821 2757 3966 2812 ente

2465 2849 2729 2932 produci
2773 2867 2901 2912 non
2948 2849 3333 2925 immediate,
3376 2850 3485 2912 sed
3532 2867 3647 2932 per
3688 2849 3965 2931 primam

2465 2947 2992 3028 intelligentiam3
3024 2949 3117 3009 sic
3162 2947 3426 3010 omnino
3473 2947 3708 3010 falsum
3740 2955 3862 3010 est.
3896 2945 3968 3007 Et

850 3038 1371 3114 subordinantur,
1408 3059 1605 3101 unum
1640 3059 1780 3102 esse
1811 3041 1949 3103 sine
1979 3040 2103 3103 alio
2138 3059 2151 3102 :
2188 3041 2356 3102 sicut
2386 3043 2429 3108 C
2465 3047 2583 3108 hoc
2630 3047 2816 3109 modo
2853 3045 3180 3108 Avicenna
3221 3045 3537 3108 intellexit
3576 3047 3811 3128 ipsum.
3852 3045 3968 3108 Un-

851 3136 1026 3198 enim
1073 3137 1211 3200 sine
1254 3138 1453 3201 altero
1497 3139 1767 3201 alterum
1813 3156 1940 3201 non
1989 3148 2226 3213 causat,
2260 3139 2351 3201 sic

849 3254 970 3298 nec
1021 3235 1290 3298 exsistit.
1338 3235 1608 3300 Causare
1658 3255 1912 3318 nempe,
1959 3245 2024 3299 et
2070 3255 2349 3310 movere,

850 3341 915 3396 et
945 3333 1316 3417 imprimere
1349 3335 1414 3396 in
1443 3336 1616 3397 hunc
1650 3336 1984 3409 mundum,
2019 3343 2115 3397 est
2145 3355 2353 3398 essen-

849 3432 1022 3495 tialis
1064 3433 1229 3496 actio
1267 3441 1330 3496 et
1369 3433 1548 3514 quasi
1589 3434 1718 3496 vita
1758 3435 2048 3515 quaedam
2088 3433 2353 3497 orbibus

851 3538 916 3593 et
957 3530 1308 3593 motoribus
1355 3531 1684 3606 coelorum,
1718 3533 2072 3595 secundum
2115 3532 2353 3595 Aristo·

850 3629 1044 3691 telem
1097 3646 1110 3691 ε
1163 3636 1227 3692 θῖ
1274 3629 1416 3692 ideo
1475 3629 1924 3712 inseparabilia
1973 3638 2140 3692 sunt.
2195 3631 2352 3693 Prae-

849 3734 1044 3801 terea,
1078 3726 1283 3789 virtus
1312 3744 1440 3808 quo
1471 3727 1615 3808 plus
1651 3726 1844 3789 fuerit
1879 3727 2058 3789 unita
2097 3735 2161 3790 et
2202 3727 2351 3791 sim-

850 3824 1100 3908 plicior,
1152 3841 1229 3887 eo
1286 3825 1600 3887 causalior
1658 3832 1755 3887 est
1810 3832 1873 3888 et
1919 3826 1999 3886 ad
2049 3827 2235 3908 plura
2284 3845 2351 3890 se

849 3925 1219 3989 extendens.
1253 3924 1481 3986 Divina
1509 3931 1723 3986 autem
1766 3925 1968 3987 virtus
2006 3925 2351 4006 simplicis-

850 4023 1013 4085 sima
1051 4029 1148 4085 est
1186 4029 1250 4084 et
1291 4021 1433 4086 fons
1474 4022 1785 4085 virtutum
1822 4041 1836 4085 ε
1869 4023 2162 4086 omnium
2202 4041 2352 4104 ergo

851 4128 950 4184 est
1006 4120 1200 4182 simul
1261 4120 1660 4200 productiva.
1723 4120 1850 4183 Nec
1918 4120 2173 4183 videtur
2238 4140 2353 4182 cur

851 4225 1020 4280 esset
1069 4217 1134 4278 in
1186 4217 1504 4279 creatione
1555 4237 1771 4280 rerum
1822 4217 2197 4281 vicissitudo
2244 4226 2353 4281 aut
2382 4218 2431 4280 D

851 4314 1159 4397 temporis
1192 4315 1620 4388 intervallum,
1656 4334 1856 4396 quum
1889 4317 2031 4397 plus
2062 4317 2354 4379 videatur

852 4431 1202 4496 congruere
1245 4413 1436 4476 unitae
1480 4421 1544 4476 θῖ
1587 4414 1865 4496 simplici
1911 4415 2126 4477 virtuti
2171 4415 2354 4496 plura

852 4513 1045 4576 simul
1095 4512 1469 4594 producere,
1520 4531 1712 4594 quam
1764 4513 2348 4576 vicissitudinatim.

849 4611 1166 4693 AmpliuS,
1215 4609 1495 4691 primum
1541 4629 1733 4691 agens
1777 4613 2088 4692 optimum
2132 4617 2249 4684 est,
2291 4617 2355 4673 et

853 4709 1006 4772 finis
1038 4709 1377 4772 creationis
1408 4727 1622 4771 rerum
1654 4716 1751 4771 est
1780 4709 2012 4773 divinae
2052 4709 2354 4772 bonitatis

855 4808 1272 4870 relucentiam
1321 4815 1386 4870 et
1433 4807 1960 4871 assimilationem
2010 4810 2353 4890 quamdam

859 4907 1261 4990 participare,
1302 4906 1468 4969 sicut
1505 4913 1652 4968 ante
1691 4906 2195 4969 demonstratum
2236 4915 2352 4969 est.

857 5004 1095 5086 Optimi
1125 5020 1277 5067 vero
1315 5004 1560 5084 agentis
1600 5011 1695 5066 est
1737 5004 2077 5084 pulchrum
2119 5012 2184 5066 et
2221 5023 2358 5086 per—

859 5101 1101 5165 fectum
1132 5119 1293 5183 opus
1325 5102 1675 5183 producere
1709 5119 1723 5164 ε
1758 5102 1926 5183 quod
1960 5102 2173 5184 potius
2211 5121 2356 5165 con·

859 5200 1072 5281 tingit,
1121 5200 1178 5262 si
1235 5200 1451 5262 omnia
1507 5201 1635 5263 sint
1681 5199 1875 5262 simul
1926 5199 2112 5276 facta,
2166 5220 2357 5282 quam

863 5315 1016 5360 non.
1062 5299 1326 5372 RursuS,
1373 5297 1626 5380 plenius
1674 5298 2072 5381 resplenduit
2115 5299 2198 5363 ab
2239 5299 2359 5363 ori-

2462 3143 2543 3206 de
2600 3150 2771 3205 recte
2832 3149 3132 3224 negatum
3190 3151 3290 3205 est
3342 3142 3613 3206 verbum
3671 3142 3833 3204 illud
3892 3141 3969 3204 ab

2462 3240 2819 3305 Avicebron
2862 3241 2927 3302 in
2965 3241 3158 3303 Fonte
3198 3241 3365 3314 vitae,
3400 3241 3757 3304 secundum
3794 3241 3969 3302 hunc

2465 3338 2887 3402 intellectum.

2794 3601 3281 3667 ARTICULUS
3327 3583 3675 3666 LXXX1.'

2465 3763 2649 3830 Quod
2686 3779 2931 3819 necesse
2969 3761 3056 3819 sit
3096 3761 3561 3820 universorum
3598 3763 3965 3821 distinctio—

2540 3868 2686 3908 nem
2715 3856 2777 3907 et
2805 3849 3103 3908 ordinem
3136 3850 3210 3906 in
3239 3850 3539 3909 divinam
3570 3851 3965 3925 sapientiam.

2542 3947 2855 4016 tanquam
2894 3938 2966 3996 in
3004 3937 3349 4012 fontanam
3395 3940 3720 4016 oriyireem
3772 3943 3965 4000 redu-

2538 4045 2698 4088 cere.

2607 4222 2760 4286 UOD
2817 4221 3116 4304 equidem
3176 4223 3266 4284 nil
3326 4223 3481 4288 facit
3534 4225 3662 4286 nisi
3724 4226 3807 4287 ad
3876 4245 3967 4288 ra-

2469 4219 2599 4420 Q
2635 4318 2876 4382 tionem
2908 4327 2972 4382 et
3000 4318 3275 4383 formam
3302 4321 3545 4402 operati
3585 4322 3963 4404 respiciens,

2465 4417 2519 4480 si
2551 4413 2735 4499 plura
2766 4417 3072 4498 producat
3102 4419 3167 4480 in
3199 4418 3704 4500 perfectionibus
3742 4421 3968 4484 distin-

2466 4523 2567 4578 cta
2594 4515 2808 4596 specie
2840 4521 2904 4577 et
2932 4524 3157 4578 natura
3193 4516 3467 4591 diversa,
3499 4517 3793 4580 ordinem
3837 4519 3967 4580 illis

2467 4614 2732 4694 largitur
2765 4631 2779 4674 :
2813 4612 3047 4675 format
3072 4615 3245 4676 enim
3276 4615 3527 4696 singula
3556 4617 3839 4699 propriis
3878 4637 3968 4680 ra-

2465 4710 2775 4773 tionibus.
2799 4709 3101 4773 Omnium
3132 4719 3345 4773 autem
3378 4731 3519 4794 quae
3550 4721 3765 4776 creata
3794 4723 3965 4789 sunt,

2466 4816 2563 4872 est
2605 4809 2769 4871 Deus
2812 4808 3179 4871 immediata
3217 4828 3429 4884 causa,
3468 4819 3540 4872 ut
3574 4831 3747 4894 saepe
3791 4812 3970 4875 habi-

2465 4916 2602 4969 tum
2632 4915 2767 4984 est;
2800 4906 3094 4988 quamvis
3132 4908 3328 4988 hujus
3367 4909 3737 4990 oppositum
3764 4909 3973 4974 finxe-

2466 5007 2549 5067 rit
2566 5005 2909 5074 Avieenaa,
2924 5005 3277 5068 concedens
3308 5007 3609 5069 secundis
3637 5009 3973 5089 agentibus

2467 5104 2599 5166 vim
2632 5102 2977 5165 creativam
3014 5120 3027 5165 :
3064 5111 3327 5186 propter
3364 5105 3536 5186 quod
3575 5105 3871 5169 ordinem
3910 5113 3970 5169 et

2468 5201 2945 5264 distinctionem
2978 5201 3264 5264 universi
3296 5203 3549 5265 reduxit
3578 5203 3643 5266 in
3674 5205 3967 5268 ordinem

2468 5298 2898 5362 secundorum
2925 5299 3275 5380 agentium,
3293 5300 3837 5382 quemadmodum
3866 5321 3972 5368 su-
