4300 6259
83 4762 164 4808 Β,
195 4757 420 4803 m
459 4717 790 4786 cundum
831 4713 1176 4787 Platonem,
1217 4712 1474 4775 dicente
1511 4709 1728 4774 Boetio
1771 4727 1786 4772 ε
1825 4709 2002 4774 Μυη-

1061 517 1140 567 οιι
1181 517 1410 566 tumn
1449 514 1836 566 mmmm
1877 512 2185 572 monus,
2228 513 2409 562 amsa
2450 515 2495 560 1.
2538 531 2621 544 —
2660 515 2800 563 aar.
2846 515 2930 572 tv,
2976 516 3015 559 v

906 745 1394 812 ARTICULUS
1441 743 1558 810 IV.

463 907 668 974 Quod
695 905 1160 964 intellectualis
1178 903 1558 980 proprietas
1575 901 1660 960 sic
1689 900 1983 960 omnium

545 994 1038 1070 perfectionum
1075 992 1614 1059 minentis-sima,
1645 991 1734 1050 ad
1770 995 1986 1048 extre-

555 1103 736 1144 mam
765 1083 1016 1142 divim
1046 1089 1310 1142 παίω-ω
1339 1079 1808 1156 perfectionem
1837 1094 1983 1136 con·

560 1172 1010 1248 templumtam
1053 1170 1392 1229 inducens.

627 1375 898 1440 mmm
943 1374 1186 1458 quippe
1231 1391 1372 1436 esse
1427 1368 1984 1454 simplicissimum

655 1491 916 1558 prorsus
973 1480 1090 1546 est,
1139 1479 1206 1535 et
1253 1471 1318 1534 in
1378 1469 1508 1533 Deo
1561 1474 1714 1532 sunt
1768 1466 1988 1531 omnia

461 1573 698 1636 unitas
755 1589 933 1655 pura.
993 1569 1444 1632 Verumtamen
1511 1563 1784 1629 diversis
1840 1581 1988 1628 con-

461 1669 894 1753 ceptionibus
921 1667 1270 1730 secundum
1296 1665 1582 1728 diversas
1609 1680 1826 1726 rerum
1856 1679 1988 1724 cre·

459 1776 736 1831 aterum
765 1765 1193 1850 perfectiones
1221 1764 1288 1827 in
1329 1763 1612 1846 ipsarum
1651 1760 1987 1824 ordinibus

3466 495 3591 562 239

2007 683 2062 748 A
2093 683 2245 748 tiam
2304 684 2452 768 agit.
2504 686 2713 762 Quum
2760 704 2913 770 ergo
2960 691 3208 749 constet
3254 683 3591 767 sapientia-

2092 782 2238 845 liter
2286 783 2505 846 omnia
2559 804 2597 847 a
2644 785 2774 848 Deo
2820 783 3108 858 fluxisse,
3160 781 3371 864 palam
3420 781 3590 864 quod

2092 881 2354 963 propria
2382 882 2494 944 Dei
2527 889 2753 945 natura
2792 883 2876 945 sit
2905 881 3288 946 intellectus.

2172 979 2237 1042 Si
2266 988 2480 1042 autem
2513 981 2658 1062 quis
2686 979 3019 1062 objecerit,
3052 979 3205 1062 quia
3233 977 3587 1042 secundum

2093 1077 2491 1161 Dionysium,
2540 1079 2873 1162 proprium
2920 1078 3155 1142 divinae
3196 1085 3439 1140 naturae
3482 1092 3590 1138 no·
3654 1093 3715 1138 no
3742 1093 3883 1138 bivia.

2095 1193 2243 1238 men
2286 1182 2383 1240 est
2421 1177 2693 1251 Bonum,
2740 1177 2807 1240 in
2848 1185 3099 1240 tantum
3148 1175 3319 1260 quod
3364 1181 3593 1238 natura
3616 1169 3735 1202 Μ’·
3759 1169 3879 1202 ‘'¹''

2093 1273 2209 1338 Dei
2250 1273 2501 1338 bonitas
2541 1275 2873 1358 aptissime
2916 1275 3193 1354 dicitur3
3236 1272 3591 1337 secundum

2095 1371 2559 1436 Damascenum
2617 1391 2771 1436 vero
2816 1381 2882 1436 et
2926 1371 3260 1446 Hilarium,
3310 1371 3595 1454 primum

2095 1487 2331 1533 nomen
2361 1471 2473 1533 Dei
2502 1477 2601 1534 est
2630 1471 2813 1550 Esse3
2842 1471 3024 1552 juxta
3050 1468 3455 1533 Aristotelem
3486 1487 3595 1532 au-

2091 1576 2243 1644 tem,
2285 1569 2887 1633 convenientissima
2926 1569 3161 1632 divinae
3208 1575 3449 1631 naturae
3491 1585 3599 1649 ap-

2096 1667 2356 1750 pellatio
2400 1676 2497 1732 est
2540 1687 2655 1752 per
2696 1685 2931 1732 nomen
2974 1666 3167 1730 Actus
3216 1685 3231 1729 :
3277 1665 3599 1750 quomodo

2095 1782 2249 1848 ergo
2276 1784 2391 1847 per
2421 1766 2919 1830 intellectualem
2956 1765 3394 1828 exsistentiam
3432 1762 3597 1846 opti-

461 1873 872 1948 compertaS‚
921 1882 1104 1926 mens
1153 1871 1370 1927 nostra
1414 1862 1628 1944 ipsum
1677 1859 1983 1933 intuetur,
2015 1863 2066 1929 Β
2097 1883 2203 1926 me
2260 1864 2632 1927 enuntiatur
2688 1864 2900 1928 Deus?
2956 1864 3079 1928 Sed
3134 1865 3213 1926 ad
3280 1863 3401 1927 hoc
3463 1861 3597 1943 jam

461 1964 784 2028 divinum
814 1980 953 2026 esse
993 1960 1456 2043 contemplans.
1489 1957 1862 2041 Quanquam
1901 1963 1990 2019 et-

461 2063 669 2126 enim
716 2062 782 2125 in
831 2061 958 2124 Deo
1004 2077 1167 2133 esse,
1213 2059 1452 2131 vivere,
1495 2056 1873 2138 intelligere,
1925 2062 1990 2118 et

461 2169 718 2224 cetera
749 2157 1172 2242 perfectiones
1203 2154 1686 2219 identificentur
1715 2153 1986 2237 penituS,

459 2258 770 2322 dicimus
827 2263 1038 2320 tamen
1097 2255 1300 2318 Deum
1358 2253 1598 2315 nedum
1651 2269 1816 2326 esse,
1876 2250 1988 2314 sed

461 2364 552 2420 et
597 2357 836 2420 vivere.
885 2353 1012 2417 Nec
1059 2353 1388 2415 dumtaxat
1437 2351 1647 2434 ipsum
1697 2349 1834 2412 fore
1882 2368 1990 2412 na-

465 2463 654 2516 turae
703 2451 910 2514 vitalis
953 2450 1324 2523 asserimus,
1371 2449 1482 2511 sed
1525 2455 1592 2510 et
1631 2446 1991 2528 intelligere

461 2553 620 2616 Deo
653 2550 993 2614 convenire
1021 2547 1412 2612 confitemur
1443 2565 1458 2610 z
1493 2546 1736 2609 nullam
1773 2552 1986 2609 autem

457 2649 934 2714 sublimiorem
979 2646 1440 2730 perfectionem
1478 2645 1608 2710 Deo
1651 2644 1861 2708 inesse
1903 2643 1994 2706 in-

455 2749 808 2812 venimus.
869 2747 1083 2821 Porr0,
1141 2745 1224 2809 ad
1282 2746 1402 2808 hoc
1458 2743 1679 2807 divina
1741 2742 1992 2806 bonitas

2097 1963 2486 2026 transeundo
2552 1981 2803 2045 parum,
2864 1963 3023 2026 illud
3081 1961 3596 2046 respondendum

2099 2069 2216 2136 est,
2276 2061 2447 2144 quod
2504 2061 2871 2124 distinctius
2928 2079 3045 2144 per
3100 2059 3597 2124 intellectualem

2099 2167 2391 2222 naturam
2441 2159 2849 2242 cognoscitur
2896 2159 3081 2222 Deus.
3134 2159 3379 2222 Bonum
3429 2158 3599 2220 insu-

2099 2276 2216 2341 per
2282 2257 2525 2340 optime
2590 2258 2793 2320 Deum
2860 2257 3188 2340 exprimit,
3246 2257 3601 2319 secundum

2097 2356 2269 2439 quod
2300 2357 2592 2419 omnium
2624 2356 2760 2439 ipse
2791 2362 2889 2419 est
2916 2355 3055 2420 fons
3086 2354 3601 2419 indeficiens-:fe-

2099 2455 2389 2518 cunditas
2418 2454 2595 2517 enim
2626 2454 2691 2516 in
2722 2454 2891 2518 bono
2918 2453 3412 2537 primordialiter
3440 2470 3603 2516 com-

2099 2553 2367 2635 peritur.
2400 2553 2685 2626 Interim,
2719 2553 2785 2614 in
2825 2559 3137 2634 quantum
3174 2551 3394 2614 omnia
3430 2568 3601 2613 com-

2102 2651 2463 2733 prehendit,
2524 2659 2587 2714 et
2644 2649 3071 2734 perfectiones
3127 2649 3598 2722 universorum,

2103 2749 2385 2832 primum
2418 2750 2483 2811 in
2512 2767 2582 2812 se
2626 2748 2935 2831 simplum
2975 2765 3263 2822 manens,
3294 2746 3596 2830 possidet.

459 2847 714 2912 omnia
765 2845 1088 2928 produxit,
1149 2852 1221 2906 ut
1277 2843 1480 2927 ipsius
1547 2841 1858 2925 perfectio
1925 2842 1991 2904 in
2103 2848 2277 2922 Esse,
2328 2848 2611 2930 primum
2670 2865 2903 2912 nomen
2958 2847 3070 2911 Dei
3129 2845 3334 2910 fertur
3382 2863 3397 2910 :
3450 2846 3603 2909 Esse

455 2945 750 3010 entibus
781 2943 1095 3007 reluceret
1127 2961 1142 3004 :
1177 2942 1448 3024 ideoque
1477 2940 1680 3005 divini
1708 2957 1848 3004 esse
1889 2957 1994 3003 na·
2103 2964 2381 3028 namque
2450 2945 3053 3009 communissimum
3123 2953 3187 3008 et
3254 2943 3606 3008 actualissi-

455 3053 706 3106 turam
747 3059 876 3104 non
914 3039 1040 3103 nisi
1082 3046 1272 3123 prout
1307 3038 1374 3102 in
1414 3037 1670 3101 entibus
1713 3037 1993 3120 resplen-
2029 3040 2074 3104 C
2106 3062 2282 3107 mum
2333 3051 2450 3118 est,
2498 3043 2853 3107 secundum
2902 3043 3213 3118 Boetium,
3266 3063 3467 3126 quum
3520 3043 3604 3106 sit

455 3144 598 3206 det
670 3138 1200 3222 contemplamur.
1268 3137 1362 3202 Ob
1427 3137 1492 3200 id
1567 3135 1994 3220 perfectiones
2103 3141 2266 3204 ratio
2306 3142 2517 3204 omnis
2558 3141 2959 3205 actualitatis.
2996 3143 3189 3204 Actus
3228 3142 3460 3215 denuo,
3493 3159 3605 3204 no-

455 3259 656 3324 quas
715 3237 780 3301 in
827 3237 1018 3300 rebus
1067 3235 1422 3300 formaliter
1467 3235 1800 3298 distinctas
1857 3251 1996 3296 cer-
2105 3258 2253 3302 men
2310 3239 2421 3303 Dei
2480 3247 2579 3303 est
2632 3240 2973 3322 optimum,
3024 3240 3379 3303 secundum
3434 3239 3604 3321 quod

455 3340 736 3410 nimus,
785 3336 1142 3398 secundum
1201 3333 1490 3398 ordinem
1539 3332 1884 3415 quemdam
1931 3339 1997 3394 et
2105 3336 2614 3421 perfectissimus
2644 3337 3041 3420 intelligitur.
3076 3337 3323 3421 Quippe
3362 3338 3481 3400 etsi
3512 3337 3605 3400 di-

456 3433 928 3500 distinctionis
971 3433 1232 3495 modum
1277 3427 1406 3494 Deo
1448 3429 1878 3492 attribuimus.
1925 3429 1994 3491 ln
2104 3435 2329 3498 vinum
2367 3454 2509 3499 esse
2548 3436 2633 3499 sit
2674 3435 3166 3518 supersimplex,
3198 3454 3349 3499 vere
3388 3444 3604 3499 tamen

455 3532 756 3598 entibus
801 3547 954 3595 vero
999 3529 1293 3612 superior
1347 3527 1658 3612 perfectio
1713 3544 1841 3590 non
1898 3533 1997 3590 est
2104 3552 2300 3616 super
2330 3533 2543 3615 ipsum
2575 3532 2941 3597 multifarias
2972 3533 3423 3616 conceptiones
3464 3533 3606 3596 fun-

457 3629 845 3696 intellectu.
879 3627 1054 3692 Unde
1091 3626 1576 3690 substantialem
1617 3624 1851 3689 divinae
1888 3643 1995 3688 na·
2105 3632 2340 3696 dantur
2371 3649 2387 3694 ς
2418 3631 2700 3714 cognitio
2728 3631 2901 3695 enim
2933 3630 3011 3694 fit
3040 3631 3395 3695 secundum
3426 3639 3609 3694 natu-

455 3741 658 3794 turae
715 3726 1171 3810 perfectionem
1237 3733 1586 3789 extremam
1645 3742 1761 3807 per
1817 3723 1998 3786 intel·
2106 3748 2236 3793 ram
2260 3730 2856 3811 cognoscentis‚non
2882 3737 3093 3794 autem
3117 3729 3372 3812 cogniti,
3387 3749 3611 3793 secun-

461 3827 773 3894 lectuale
829 3844 970 3888 esse
1027 3825 1450 3908 explicamus.
1501 3823 1566 3888 Si
1627 3823 1822 3905 igitur
1869 3823 1996 3887 Deo
2105 3829 2262 3891 dum
2304 3827 2617 3891 Boetium.
2652 3827 2914 3900 RursuS,
2956 3845 3105 3890 nam
3151 3826 3269 3890 etsi
3312 3827 3607 3892 divinum
3662 3857 3901 3902 mem...

463 3931 762 3999 inesset,
793 3933 904 3987 aut
939 3923 1206 4006 produci
1247 3929 1478 4005 posset,
1511 3919 1853 3985 sublimior
1893 3940 1998 3984 na·
2105 3945 2246 3989 esse
2290 3925 2373 3989 sit
2415 3925 2783 3988 omnimode
2832 3924 3129 4007 simplex,
3177 3925 3605 3988 universalem
3633 3922 3713 3966 ¹⁸²·
3744 3921 3821 3965 ¹³¹³·
3854 3935 3899 3974 V·

461 4039 644 4092 tura
692 4043 882 4106 quam
927 4021 1401 4094 intellectualis,
1447 4019 1824 4083 universum
1867 4019 1997 4082 fru-
2103 4032 2321 4088 tamen
2379 4023 2591 4087 omnis
2659 4021 3070 4107 perfectionis
3138 4023 3603 4104 plenitudinem
3632 3997 3751 4040 ’Μ’
3776 3987 3817 4028 ι’

459 4136 630 4190 stra
673 4131 738 4186 et
781 4120 1169 4204 incomplete
1209 4119 1374 4184 foret
1415 4119 1778 4182 institutum
1812 4135 1826 4182 τ
1869 4136 1996 4183 non
2107 4121 2615 4206 comprehendit,
2664 4121 2888 4203 sicque
2942 4120 3399 4204 multiplicium
3458 4138 3607 4185 con-

461 4223 680 4290 enim
721 4225 1202 4304 repraesentaret
1239 4217 1564 4301 propriam
1601 4217 1702 4280 sui
1740 4216 1999 4300 opificis
2026 4222 2078 4287 D
2106 4220 2600 4304 templationum
2641 4218 3125 4282 ’terminativum
3168 4227 3284 4282 est.

462 4328 820 4393 naturam,
869 4335 1081 4400 neque
1127 4317 1486 4380 ultimatam
1535 4315 1738 4398 ipsius
1795 4315 2001 4378 imita-

461 4429 681 4488 retur
728 4417 1185 4501 perfectionem
1204 4434 1222 4496 ;
1261 4416 1432 4499 quod
1471 4423 1684 4478 tamen
1731 4433 1862 4478 suae
1909 4415 2002 4476 in-

461 4517 856 4586 stitutionis
909 4515 1064 4578 finis
1123 4521 1236 4578 est.
1288 4513 1416 4577 Hoc
1471 4521 1688 4576 autem
1745 4513 1826 4576 de
1873 4512 2002 4576 Deo

460 4629 552 4686 et
621 4616 868 4680 mundo
925 4615 1047 4677 boc
1099 4613 1376 4694 cogitare
1423 4612 1518 4675 fas
1559 4627 1689 4674 non
1735 4619 1854 4686 est,
1905 4631 2000 4674 se-

2552 4482 3041 4548 ARTIGULUS
3087 4481 3170 4548 V.

2125 4637 2223 4696 De
2262 4632 2685 4693 distinctione
2728 4641 2789 4691 ec
2828 4632 3263 4707 fundamento
3304 4631 3592 4707 duplicis

2678 4722 3036 4796 sapientiae.

65 4827 166 4868 ht-
199 4821 306 4864 m».
341 4829 424 4865 ω·
457 4821 656 4883 dum
713 4819 926 4875 mente
971 4829 1199 4892 gerens
1239 4809 1605 4892 pulchrum,
1651 4807 2002 4892 pulcherri-

67 4891 224 4931 metr.
253 4885 314 4925 ⁹·

463 4935 648 4984 mus
703 4913 859 4995 ipse.
905 4911 1062 4974 Nam
1105 4909 1288 4992 juxta
1332 4907 1680 4980 Platonem,
1727 4906 2002 4969 mundus
2190 4910 2241 4974 N
2289 4907 2592 4972 omnibus
2638 4907 2938 4989 equidem
2990 4925 3203 4970 rerum
3252 4906 3609 4983 ordinibus,

461 5021 622 5082 iste
655 5011 804 5074 ideo
833 5008 1132 5082 mundus,
1165 5007 1230 5069 id
1259 5013 1358 5069 est
1388 5024 1610 5089 purus,
1643 5005 1852 5068 dictus
1881 5011 1998 5078 est,
2218 5014 2445 5070 natura
2494 5007 2759 5069 inferior
2804 5006 3174 5089 exemplum
3224 5014 3319 5069 est
3368 5013 3433 5069 et
3478 5015 3615 5069 tan-

459 5113 658 5202 quia
718 5129 754 5172 a
809 5107 1050 5171 mundo
1109 5105 1536 5169 mundissimo
1591 5103 1702 5185 qui
1771 5103 2003 5167 divium
2111 5125 2303 5189 quam
2366 5105 2578 5187 imago
2629 5105 2919 5187 quaedam
2970 5105 3387 5188 suprapositae
3434 5112 3617 5167 natu-

461 5211 746 5282 mentis
787 5207 1118 5289 exemplar
1153 5213 1272 5280 est,
1313 5202 1652 5267 emanavit.
1691 5201 2000 5284 Denique,
2111 5224 2216 5269 rae.
2290 5204 2556 5286 Semper
2603 5203 2803 5278 enim,
2855 5203 3211 5267 secundum
3272 5204 3467 5278 Isaac,
3518 5221 3613 5266 se-

453 5328 700 5398 ngens
731 5306 1088 5370 secundum
1115 5302 1390 5387 propriae
1427 5309 1666 5365 naturae
1701 5299 2004 5363 exsisten-
2113 5303 2397 5366 cundum
2440 5302 2645 5365 oritur
2684 5302 2749 5364 in
2798 5301 3027 5365 umbra
3066 5302 3281 5385 primi.
3318 5302 3396 5365 Et
3432 5302 3615 5390 juxta
