<?xml version="1.0" encoding="UTF-8"?>
<!DOCTYPE html PUBLIC "-//W3C//DTD XHTML 1.0 Transitional//EN"
    "http://www.w3.org/TR/xhtml1/DTD/xhtml1-transitional.dtd">
<html xmlns="http://www.w3.org/1999/xhtml" xml:lang="en" lang="en">
 <head>
  <title>
</title>
<meta http-equiv="Content-Type" content="text/html;charset=utf-8" />
  <meta name='ocr-system' content='tesseract 3.04.00' />
  <meta name='ocr-capabilities' content='ocr_page ocr_carea ocr_par ocr_line ocrx_word'/>
</head>
<body>
  <div class='ocr_page' id='page_1' title='image "./doctorisecstati05unkngoog_0392.png"; bbox 0 0 4300 6259; ppageno 0'>
   <div class='ocr_carea' id='block_1_1' title="bbox 568 3310 829 3415">
    <p class='ocr_par' dir='ltr' id='par_1_1' title="bbox 568 3310 829 3415">
     <span class='ocr_line' id='line_1_1' title="bbox 618 3310 829 3359; baseline 0 -9"><span class='ocrx_word' id='word_1_1' title='bbox 618 3310 700 3350; x_wconf 75' lang='lat' dir='ltr'>art.</span> <span class='ocrx_word' id='word_1_2' title='bbox 730 3320 829 3359; x_wconf 75' lang='lat' dir='ltr'>xxx,</span> 
     </span>
     <span class='ocr_line' id='line_1_2' title="bbox 568 3382 737 3415; baseline 0.012 -2"><span class='ocrx_word' id='word_1_3' title='bbox 568 3382 737 3415; x_wconf 67' lang='lat' dir='ltr'>txxvnr.</span> 
     </span>
    </p>
   </div>
   <div class='ocr_carea' id='block_1_2' title="bbox 878 444 1000 510">
    <p class='ocr_par' dir='ltr' id='par_1_2' title="bbox 878 444 1000 510">
     <span class='ocr_line' id='line_1_3' title="bbox 878 444 1000 510; baseline 0.033 -4"><span class='ocrx_word' id='word_1_4' title='bbox 878 444 1000 510; x_wconf 80' lang='lat'>372</span> 
     </span>
    </p>
   </div>
   <div class='ocr_carea' id='block_1_3' title="bbox 1502 462 3394 521">
    <p class='ocr_par' dir='ltr' id='par_1_3' title="bbox 1502 462 3394 521">
     <span class='ocr_line' id='line_1_4' title="bbox 1502 462 3394 521; baseline 0.001 -10"><span class='ocrx_word' id='word_1_5' title='bbox 1502 465 1583 511; x_wconf 76' lang='lat' dir='ltr'>DE</span> <span class='ocrx_word' id='word_1_6' title='bbox 1622 466 1849 511; x_wconf 74' lang='lat' dir='ltr'><strong>LUMINE</strong></span> <span class='ocrx_word' id='word_1_7' title='bbox 1890 463 2273 511; x_wconf 75' lang='lat' dir='ltr'>clims&#39;nANAE</span> <span class='ocrx_word' id='word_1_8' title='bbox 2314 462 2615 521; x_wconf 73' lang='lat' dir='ltr'>TREORIAE,</span> <span class='ocrx_word' id='word_1_9' title='bbox 2658 464 2836 509; x_wconf 80' lang='lat' dir='ltr'><strong>LIBER</strong></span> <span class='ocrx_word' id='word_1_10' title='bbox 2876 465 2918 509; x_wconf 88' lang='lat'>1.</span> <span class='ocrx_word' id='word_1_11' title='bbox 2963 483 3045 493; x_wconf 95' lang='lat'><strong>—</strong></span> <span class='ocrx_word' id='word_1_12' title='bbox 3087 466 3224 511; x_wconf 72' lang='grc' dir='ltr'><strong>ΛΒΤ.</strong></span> <span class='ocrx_word' id='word_1_13' title='bbox 3271 465 3394 513; x_wconf 83' lang='lat' dir='ltr'>cvn</span> 
     </span>
    </p>
   </div>
   <div class='ocr_carea' id='block_1_4' title="bbox 880 632 3962 716">
    <p class='ocr_par' dir='ltr' id='par_1_4' title="bbox 880 632 3962 716">
     <span class='ocr_line' id='line_1_5' title="bbox 880 632 3962 716; baseline 0 -19"><span class='ocrx_word' id='word_1_14' title='bbox 880 641 1187 716; x_wconf 88' lang='lat' dir='ltr'>separato.</span> <span class='ocrx_word' id='word_1_15' title='bbox 1205 635 1333 697; x_wconf 89' lang='lat' dir='ltr'>Hoc</span> <span class='ocrx_word' id='word_1_16' title='bbox 1364 636 1740 710; x_wconf 89' lang='lat' dir='ltr'>secundum,</span> <span class='ocrx_word' id='word_1_17' title='bbox 1752 636 1927 715; x_wconf 87' lang='lat' dir='ltr'>juxta</span> <span class='ocrx_word' id='word_1_18' title='bbox 1958 632 2377 705; x_wconf 81' lang='lat' dir='ltr'><strong>Aristotelem,</strong></span> <span class='ocrx_word' id='word_1_19' title='bbox 2407 634 2457 695; x_wconf 84' lang='lat' dir='ltr'>A</span> <span class='ocrx_word' id='word_1_20' title='bbox 2490 632 2632 697; x_wconf 90' lang='lat' dir='ltr'>coeli</span> <span class='ocrx_word' id='word_1_21' title='bbox 2665 633 2903 697; x_wconf 88' lang='lat' dir='ltr'>sitnon</span> <span class='ocrx_word' id='word_1_22' title='bbox 2935 642 3182 698; x_wconf 86' lang='lat' dir='ltr'>tantum</span> <span class='ocrx_word' id='word_1_23' title='bbox 3215 636 3626 709; x_wconf 80' lang='lat' dir='ltr'>intellectiva,</span> <span class='ocrx_word' id='word_1_24' title='bbox 3657 635 3762 698; x_wconf 91' lang='lat' dir='ltr'>sed</span> <span class='ocrx_word' id='word_1_25' title='bbox 3793 636 3962 698; x_wconf 86' lang='lat' dir='ltr'>etiam</span> 
     </span>
    </p>
   </div>
   <div class='ocr_carea' id='block_1_5' title="bbox 872 732 2379 1799">
    <p class='ocr_par' dir='ltr' id='par_1_5' title="bbox 872 732 2379 1799">
     <span class='ocr_line' id='line_1_6' title="bbox 880 732 2379 816; baseline -0.001 -23"><span class='ocrx_word' id='word_1_26' title='bbox 880 750 1009 795; x_wconf 90' lang='lat' dir='ltr'>non</span> <span class='ocrx_word' id='word_1_27' title='bbox 1053 740 1262 814; x_wconf 86' lang='lat' dir='ltr'>potest</span> <span class='ocrx_word' id='word_1_28' title='bbox 1306 734 1431 795; x_wconf 89' lang='lat' dir='ltr'>dici</span> <span class='ocrx_word' id='word_1_29' title='bbox 1477 751 1490 796; x_wconf 92' lang='lat'>:</span> <span class='ocrx_word' id='word_1_30' title='bbox 1534 735 1687 816; x_wconf 88' lang='lat' dir='ltr'>quia</span> <span class='ocrx_word' id='word_1_31' title='bbox 1730 742 1799 795; x_wconf 92' lang='lat' dir='ltr'>ut</span> <span class='ocrx_word' id='word_1_32' title='bbox 1842 741 2082 797; x_wconf 89' lang='lat' dir='ltr'>tactum</span> <span class='ocrx_word' id='word_1_33' title='bbox 2128 740 2244 805; x_wconf 87' lang='lat' dir='ltr'>est,</span> <span class='ocrx_word' id='word_1_34' title='bbox 2287 732 2379 793; x_wconf 90' lang='lat' dir='ltr'>sic</span> 
     </span>
     <span class='ocr_line' id='line_1_7' title="bbox 879 830 2373 913; baseline -0.001 -20"><span class='ocrx_word' id='word_1_35' title='bbox 879 830 1163 913; x_wconf 90' lang='lat' dir='ltr'>primum</span> <span class='ocrx_word' id='word_1_36' title='bbox 1197 840 1443 895; x_wconf 87' lang='lat' dir='ltr'>motum</span> <span class='ocrx_word' id='word_1_37' title='bbox 1474 850 1601 895; x_wconf 91' lang='lat' dir='ltr'>non</span> <span class='ocrx_word' id='word_1_38' title='bbox 1636 841 1998 895; x_wconf 88' lang='lat' dir='ltr'>moveretur</span> <span class='ocrx_word' id='word_1_39' title='bbox 2035 852 2071 893; x_wconf 92' lang='lat' dir='ltr'>a</span> <span class='ocrx_word' id='word_1_40' title='bbox 2110 850 2178 893; x_wconf 91' lang='lat' dir='ltr'>se</span> <span class='ocrx_word' id='word_1_41' title='bbox 2217 832 2373 913; x_wconf 91' lang='lat' dir='ltr'>ipso.</span> 
     </span>
     <span class='ocr_line' id='line_1_8' title="bbox 878 929 2379 1012; baseline 0.001 -23"><span class='ocrx_word' id='word_1_42' title='bbox 878 929 1035 1003; x_wconf 83' lang='lat' dir='ltr'>Quia</span> <span class='ocrx_word' id='word_1_43' title='bbox 1082 948 1233 1011; x_wconf 81' lang='lat' dir='ltr'>ergo</span> <span class='ocrx_word' id='word_1_44' title='bbox 1282 931 1563 1012; x_wconf 90' lang='lat' dir='ltr'>primum</span> <span class='ocrx_word' id='word_1_45' title='bbox 1616 938 1861 993; x_wconf 91' lang='lat' dir='ltr'>motum</span> <span class='ocrx_word' id='word_1_46' title='bbox 1910 938 2007 993; x_wconf 90' lang='lat' dir='ltr'>est</span> <span class='ocrx_word' id='word_1_47' title='bbox 2050 948 2164 1011; x_wconf 91' lang='lat' dir='ltr'>per</span> <span class='ocrx_word' id='word_1_48' title='bbox 2206 948 2273 991; x_wconf 92' lang='lat' dir='ltr'>se</span> <span class='ocrx_word' id='word_1_49' title='bbox 2317 936 2379 991; x_wconf 93' lang='lat' dir='ltr'>et</span> 
     </span>
     <span class='ocr_line' id='line_1_9' title="bbox 876 1026 2378 1110; baseline 0.001 -22"><span class='ocrx_word' id='word_1_50' title='bbox 876 1026 956 1088; x_wconf 90' lang='lat' dir='ltr'>ab</span> <span class='ocrx_word' id='word_1_51' title='bbox 1000 1028 1324 1090; x_wconf 80' lang='lat' dir='ltr'>essentiali</span> <span class='ocrx_word' id='word_1_52' title='bbox 1376 1028 1699 1110; x_wconf 90' lang='lat' dir='ltr'>principio</span> <span class='ocrx_word' id='word_1_53' title='bbox 1746 1035 2014 1101; x_wconf 89' lang='lat' dir='ltr'>motum,</span> <span class='ocrx_word' id='word_1_54' title='bbox 2063 1027 2206 1090; x_wconf 93' lang='lat' dir='ltr'>ideo</span> <span class='ocrx_word' id='word_1_55' title='bbox 2254 1045 2378 1089; x_wconf 87' lang='lat' dir='ltr'>coe-</span> 
     </span>
     <span class='ocr_line' id='line_1_10' title="bbox 878 1123 2376 1188; baseline 0.001 -3"><span class='ocrx_word' id='word_1_56' title='bbox 878 1123 1012 1187; x_wconf 92' lang='lat' dir='ltr'>lum</span> <span class='ocrx_word' id='word_1_57' title='bbox 1063 1132 1356 1188; x_wconf 89' lang='lat' dir='ltr'>movetur</span> <span class='ocrx_word' id='word_1_58' title='bbox 1402 1144 1437 1187; x_wconf 93' lang='lat' dir='ltr'>a</span> <span class='ocrx_word' id='word_1_59' title='bbox 1484 1125 1689 1188; x_wconf 83' lang='lat' dir='ltr'>forma</span> <span class='ocrx_word' id='word_1_60' title='bbox 1738 1145 1875 1188; x_wconf 89' lang='lat' dir='ltr'>sua.</span> <span class='ocrx_word' id='word_1_61' title='bbox 1916 1126 2154 1188; x_wconf 88' lang='lat' dir='ltr'>Motum</span> <span class='ocrx_word' id='word_1_62' title='bbox 2202 1126 2376 1186; x_wconf 88' lang='lat' dir='ltr'>enim</span> 
     </span>
     <span class='ocr_line' id='line_1_11' title="bbox 876 1221 2378 1306; baseline 0.001 -23"><span class='ocrx_word' id='word_1_63' title='bbox 876 1221 1183 1285; x_wconf 88' lang='lat' dir='ltr'>dividitur</span> <span class='ocrx_word' id='word_1_64' title='bbox 1237 1222 1305 1285; x_wconf 91' lang='lat' dir='ltr'>in</span> <span class='ocrx_word' id='word_1_65' title='bbox 1365 1232 1609 1306; x_wconf 89' lang='lat' dir='ltr'>partem</span> <span class='ocrx_word' id='word_1_66' title='bbox 1670 1231 2033 1287; x_wconf 90' lang='lat' dir='ltr'>moventem</span> <span class='ocrx_word' id='word_1_67' title='bbox 2082 1242 2225 1305; x_wconf 80' lang='lat' dir='ltr'>quae</span> <span class='ocrx_word' id='word_1_68' title='bbox 2282 1229 2378 1285; x_wconf 89' lang='lat' dir='ltr'>est</span> 
     </span>
     <span class='ocr_line' id='line_1_12' title="bbox 874 1318 2369 1404; baseline 0.001 -23"><span class='ocrx_word' id='word_1_69' title='bbox 874 1318 1101 1394; x_wconf 83' lang='lat' dir='ltr'>forma,</span> <span class='ocrx_word' id='word_1_70' title='bbox 1136 1330 1201 1383; x_wconf 90' lang='lat' dir='ltr'>et</span> <span class='ocrx_word' id='word_1_71' title='bbox 1242 1330 1487 1404; x_wconf 88' lang='lat' dir='ltr'>partem</span> <span class='ocrx_word' id='word_1_72' title='bbox 1534 1330 1769 1385; x_wconf 90' lang='lat' dir='ltr'>motam</span> <span class='ocrx_word' id='word_1_73' title='bbox 1813 1342 1954 1404; x_wconf 81' lang='lat' dir='ltr'>quae</span> <span class='ocrx_word' id='word_1_74' title='bbox 1983 1329 2080 1384; x_wconf 88' lang='lat' dir='ltr'>est</span> <span class='ocrx_word' id='word_1_75' title='bbox 2118 1340 2369 1403; x_wconf 80' lang='lat' dir='ltr'>eorpus,</span> 
     </span>
     <span class='ocr_line' id='line_1_13' title="bbox 876 1418 2372 1503; baseline 0.001 -22"><span class='ocrx_word' id='word_1_76' title='bbox 876 1418 997 1481; x_wconf 85' lang='lat' dir='ltr'>Sed</span> <span class='ocrx_word' id='word_1_77' title='bbox 1027 1419 1154 1482; x_wconf 92' lang='lat' dir='ltr'>diei</span> <span class='ocrx_word' id='word_1_78' title='bbox 1186 1438 1312 1482; x_wconf 91' lang='lat' dir='ltr'>non</span> <span class='ocrx_word' id='word_1_79' title='bbox 1346 1429 1575 1503; x_wconf 88' lang='lat' dir='ltr'>potest,</span> <span class='ocrx_word' id='word_1_80' title='bbox 1609 1421 1776 1503; x_wconf 91' lang='lat' dir='ltr'>quod</span> <span class='ocrx_word' id='word_1_81' title='bbox 1818 1421 1952 1484; x_wconf 84' lang='lat' dir='ltr'>haec</span> <span class='ocrx_word' id='word_1_82' title='bbox 1994 1421 2198 1483; x_wconf 87' lang='lat' dir='ltr'>forma</span> <span class='ocrx_word' id='word_1_83' title='bbox 2229 1420 2372 1483; x_wconf 89' lang='lat' dir='ltr'>coeli</span> 
     </span>
     <span class='ocr_line' id='line_1_14' title="bbox 874 1518 2375 1603; baseline 0.001 -24"><span class='ocrx_word' id='word_1_84' title='bbox 874 1518 957 1579; x_wconf 87' lang='lat' dir='ltr'>sit</span> <span class='ocrx_word' id='word_1_85' title='bbox 994 1536 1121 1581; x_wconf 90' lang='lat' dir='ltr'>non</span> <span class='ocrx_word' id='word_1_86' title='bbox 1168 1519 1402 1594; x_wconf 88' lang='lat' dir='ltr'>vitalis,</span> <span class='ocrx_word' id='word_1_87' title='bbox 1445 1521 1597 1603; x_wconf 89' lang='lat' dir='ltr'>quia</span> <span class='ocrx_word' id='word_1_88' title='bbox 1640 1520 1732 1583; x_wconf 91' lang='lat' dir='ltr'>sic</span> <span class='ocrx_word' id='word_1_89' title='bbox 1775 1528 1982 1583; x_wconf 90' lang='lat' dir='ltr'>motus</span> <span class='ocrx_word' id='word_1_90' title='bbox 2022 1520 2168 1582; x_wconf 88' lang='lat' dir='ltr'>eoeli</span> <span class='ocrx_word' id='word_1_91' title='bbox 2207 1526 2375 1581; x_wconf 91' lang='lat' dir='ltr'>esset</span> 
     </span>
     <span class='ocr_line' id='line_1_15' title="bbox 872 1619 2370 1701; baseline 0.001 -23"><span class='ocrx_word' id='word_1_92' title='bbox 872 1636 908 1678; x_wconf 91' lang='lat' dir='ltr'>a</span> <span class='ocrx_word' id='word_1_93' title='bbox 954 1624 1181 1680; x_wconf 88' lang='lat' dir='ltr'>natura</span> <span class='ocrx_word' id='word_1_94' title='bbox 1226 1636 1239 1679; x_wconf 91' lang='lat'><strong>:</strong></span> <span class='ocrx_word' id='word_1_95' title='bbox 1293 1638 1435 1700; x_wconf 81' lang='lat' dir='ltr'>quae</span> <span class='ocrx_word' id='word_1_96' title='bbox 1484 1620 1635 1701; x_wconf 90' lang='lat' dir='ltr'>quia</span> <span class='ocrx_word' id='word_1_97' title='bbox 1682 1619 2101 1681; x_wconf 89' lang='lat' dir='ltr'>determinata</span> <span class='ocrx_word' id='word_1_98' title='bbox 2150 1625 2247 1681; x_wconf 89' lang='lat' dir='ltr'>est</span> <span class='ocrx_word' id='word_1_99' title='bbox 2294 1619 2370 1680; x_wconf 89' lang='lat' dir='ltr'>ad</span> 
     </span>
     <span class='ocr_line' id='line_1_16' title="bbox 874 1716 2372 1799; baseline 0.002 -23"><span class='ocrx_word' id='word_1_100' title='bbox 874 1734 1071 1777; x_wconf 91' lang='lat' dir='ltr'>unum</span> <span class='ocrx_word' id='word_1_101' title='bbox 1116 1724 1387 1791; x_wconf 88' lang='lat' dir='ltr'>tantum,</span> <span class='ocrx_word' id='word_1_102' title='bbox 1422 1717 1751 1779; x_wconf 90' lang='lat' dir='ltr'>circularis</span> <span class='ocrx_word' id='word_1_103' title='bbox 1796 1725 1859 1779; x_wconf 88' lang='lat' dir='ltr'>et</span> <span class='ocrx_word' id='word_1_104' title='bbox 1902 1716 2195 1799; x_wconf 87' lang='lat' dir='ltr'>perpetui</span> <span class='ocrx_word' id='word_1_105' title='bbox 2241 1734 2372 1779; x_wconf 91' lang='lat' dir='ltr'>mo-</span> 
     </span>
    </p>
   </div>
   <div class='ocr_carea' id='block_1_6' title="bbox 2486 730 3973 1797">
    <p class='ocr_par' dir='ltr' id='par_1_6' title="bbox 2487 730 3965 1089">
     <span class='ocr_line' id='line_1_17' title="bbox 2489 730 3964 814; baseline 0.001 -21"><span class='ocrx_word' id='word_1_106' title='bbox 2489 730 2756 793; x_wconf 88' lang='lat' dir='ltr'>electiva</span> <span class='ocrx_word' id='word_1_107' title='bbox 2800 739 2863 794; x_wconf 87' lang='lat' dir='ltr'>et</span> <span class='ocrx_word' id='word_1_108' title='bbox 2906 732 3338 814; x_wconf 80' lang='lat' dir='ltr'>imaginativa,</span> <span class='ocrx_word' id='word_1_109' title='bbox 3383 735 3534 797; x_wconf 90' lang='lat' dir='ltr'>licet</span> <span class='ocrx_word' id='word_1_110' title='bbox 3575 733 3803 796; x_wconf 89' lang='lat' dir='ltr'>ceteris</span> <span class='ocrx_word' id='word_1_111' title='bbox 3841 752 3964 795; x_wconf 89' lang='lat' dir='ltr'>sen·</span> 
     </span>
     <span class='ocr_line' id='line_1_18' title="bbox 2489 829 3964 915; baseline 0.002 -24"><span class='ocrx_word' id='word_1_112' title='bbox 2489 829 2666 892; x_wconf 90' lang='lat' dir='ltr'>sibus</span> <span class='ocrx_word' id='word_1_113' title='bbox 2712 838 2938 892; x_wconf 88' lang='lat' dir='ltr'>careat.</span> <span class='ocrx_word' id='word_1_114' title='bbox 2975 832 3039 894; x_wconf 93' lang='lat' dir='ltr'>Si</span> <span class='ocrx_word' id='word_1_115' title='bbox 3085 833 3259 894; x_wconf 89' lang='lat' dir='ltr'>enim</span> <span class='ocrx_word' id='word_1_116' title='bbox 3289 834 3390 913; x_wconf 90' lang='lat' dir='ltr'>(ut</span> <span class='ocrx_word' id='word_1_117' title='bbox 3433 832 3762 915; x_wconf 88' lang='lat' dir='ltr'>inquiunt)</span> <span class='ocrx_word' id='word_1_118' title='bbox 3789 832 3964 895; x_wconf 90' lang='lat' dir='ltr'>sensi-</span> 
     </span>
     <span class='ocr_line' id='line_1_19' title="bbox 2487 927 3965 1013; baseline 0.003 -26"><span class='ocrx_word' id='word_1_119' title='bbox 2487 927 2618 989; x_wconf 84' lang='lat' dir='ltr'>tiva</span> <span class='ocrx_word' id='word_1_120' title='bbox 2655 945 2784 989; x_wconf 92' lang='lat' dir='ltr'>non</span> <span class='ocrx_word' id='word_1_121' title='bbox 2825 937 3014 1003; x_wconf 88' lang='lat' dir='ltr'>esset,</span> <span class='ocrx_word' id='word_1_122' title='bbox 3068 930 3186 992; x_wconf 90' lang='lat' dir='ltr'>hoc</span> <span class='ocrx_word' id='word_1_123' title='bbox 3231 930 3420 994; x_wconf 91' lang='lat' dir='ltr'>modo</span> <span class='ocrx_word' id='word_1_124' title='bbox 3473 938 3652 993; x_wconf 87' lang='lat' dir='ltr'>actus</span> <span class='ocrx_word' id='word_1_125' title='bbox 3703 930 3965 1013; x_wconf 88' lang='lat' dir='ltr'>eorporis</span> 
     </span>
     <span class='ocr_line' id='line_1_20' title="bbox 2489 1024 2866 1089; baseline 0.005 -3"><span class='ocrx_word' id='word_1_126' title='bbox 2489 1042 2616 1087; x_wconf 92' lang='lat' dir='ltr'>non</span> <span class='ocrx_word' id='word_1_127' title='bbox 2659 1024 2866 1089; x_wconf 88' lang='lat' dir='ltr'>fiere-t.</span> 
     </span>
    </p>

    <p class='ocr_par' dir='ltr' id='par_1_7' title="bbox 2486 1123 3973 1797">
     <span class='ocr_line' id='line_1_21' title="bbox 2565 1123 3970 1208; baseline 0.002 -23"><span class='ocrx_word' id='word_1_128' title='bbox 2565 1123 2775 1198; x_wconf 84' lang='lat' dir='ltr'>Perre,</span> <span class='ocrx_word' id='word_1_129' title='bbox 2829 1127 3312 1189; x_wconf 87' lang='lat' dir='ltr'>commentatori</span> <span class='ocrx_word' id='word_1_130' title='bbox 3371 1126 3632 1190; x_wconf 85' lang='lat' dir='ltr'>Averroi</span> <span class='ocrx_word' id='word_1_131' title='bbox 3692 1127 3823 1190; x_wconf 79' lang='lat' dir='ltr'>haec</span> <span class='ocrx_word' id='word_1_132' title='bbox 3877 1144 3970 1208; x_wconf 87' lang='lat' dir='ltr'>po·</span> 
     </span>
     <span class='ocr_line' id='line_1_22' title="bbox 2489 1222 3968 1305; baseline 0.002 -23"><span class='ocrx_word' id='word_1_133' title='bbox 2489 1222 2634 1284; x_wconf 86' lang='lat' dir='ltr'>sitio</span> <span class='ocrx_word' id='word_1_134' title='bbox 2679 1240 2804 1284; x_wconf 88' lang='lat' dir='ltr'>non</span> <span class='ocrx_word' id='word_1_135' title='bbox 2853 1223 3111 1305; x_wconf 86' lang='lat' dir='ltr'>placuit.</span> <span class='ocrx_word' id='word_1_136' title='bbox 3161 1224 3328 1287; x_wconf 88' lang='lat' dir='ltr'>Dicit</span> <span class='ocrx_word' id='word_1_137' title='bbox 3369 1226 3543 1287; x_wconf 88' lang='lat' dir='ltr'>enim</span> <span class='ocrx_word' id='word_1_138' title='bbox 3591 1226 3658 1287; x_wconf 91' lang='lat' dir='ltr'>in</span> <span class='ocrx_word' id='word_1_139' title='bbox 3705 1224 3864 1287; x_wconf 86' lang='lat' dir='ltr'>libro</span> <span class='ocrx_word' id='word_1_140' title='bbox 3899 1225 3968 1286; x_wconf 91' lang='lat' dir='ltr'>de</span> 
     </span>
     <span class='ocr_line' id='line_1_23' title="bbox 2488 1319 3971 1405; baseline 0.002 -25"><span class='ocrx_word' id='word_1_141' title='bbox 2488 1319 2852 1382; x_wconf 85' lang='lat' dir='ltr'>Substantia</span> <span class='ocrx_word' id='word_1_142' title='bbox 2908 1321 3104 1395; x_wconf 80' lang='lat' dir='ltr'>orbiS‚</span> <span class='ocrx_word' id='word_1_143' title='bbox 3156 1324 3325 1405; x_wconf 90' lang='lat' dir='ltr'>quod</span> <span class='ocrx_word' id='word_1_144' title='bbox 3385 1324 3450 1384; x_wconf 91' lang='lat' dir='ltr'>in</span> <span class='ocrx_word' id='word_1_145' title='bbox 3510 1322 3672 1387; x_wconf 90' lang='lat' dir='ltr'>coelo</span> <span class='ocrx_word' id='word_1_146' title='bbox 3728 1341 3852 1386; x_wconf 90' lang='lat' dir='ltr'>non</span> <span class='ocrx_word' id='word_1_147' title='bbox 3898 1324 3971 1384; x_wconf 88' lang='lat' dir='ltr'>sit</span> 
     </span>
     <span class='ocr_line' id='line_1_24' title="bbox 2487 1419 3973 1503; baseline 0.004 -24"><span class='ocrx_word' id='word_1_148' title='bbox 2487 1419 2772 1492; x_wconf 85' lang='lat' dir='ltr'>materia,</span> <span class='ocrx_word' id='word_1_149' title='bbox 2805 1419 2928 1482; x_wconf 91' lang='lat' dir='ltr'>nisi</span> <span class='ocrx_word' id='word_1_150' title='bbox 2977 1420 3086 1482; x_wconf 89' lang='lat' dir='ltr'>illa</span> <span class='ocrx_word' id='word_1_151' title='bbox 3127 1440 3268 1503; x_wconf 85' lang='lat' dir='ltr'>quae</span> <span class='ocrx_word' id='word_1_152' title='bbox 3309 1430 3407 1485; x_wconf 88' lang='lat' dir='ltr'>est</span> <span class='ocrx_word' id='word_1_153' title='bbox 3449 1420 3812 1502; x_wconf 72' lang='lat' dir='ltr'>subJectum</span> <span class='ocrx_word' id='word_1_154' title='bbox 3855 1440 3973 1485; x_wconf 90' lang='lat' dir='ltr'>mo·</span> 
     </span>
     <span class='ocr_line' id='line_1_25' title="bbox 2486 1518 3972 1601; baseline 0.003 -24"><span class='ocrx_word' id='word_1_155' title='bbox 2486 1524 2610 1591; x_wconf 79' lang='lat' dir='ltr'>tuS,</span> <span class='ocrx_word' id='word_1_156' title='bbox 2642 1534 2768 1579; x_wconf 92' lang='lat' dir='ltr'>non</span> <span class='ocrx_word' id='word_1_157' title='bbox 2808 1524 3018 1580; x_wconf 91' lang='lat' dir='ltr'>autem</span> <span class='ocrx_word' id='word_1_158' title='bbox 3063 1518 3172 1580; x_wconf 91' lang='lat' dir='ltr'>illa</span> <span class='ocrx_word' id='word_1_159' title='bbox 3210 1540 3352 1601; x_wconf 83' lang='lat' dir='ltr'>quae</span> <span class='ocrx_word' id='word_1_160' title='bbox 3392 1527 3489 1582; x_wconf 89' lang='lat' dir='ltr'>est</span> <span class='ocrx_word' id='word_1_161' title='bbox 3526 1520 3873 1583; x_wconf 89' lang='lat' dir='ltr'>seeundum</span> <span class='ocrx_word' id='word_1_162' title='bbox 3911 1538 3972 1581; x_wconf 89' lang='lat' dir='ltr'>se</span> 
     </span>
     <span class='ocr_line' id='line_1_26' title="bbox 2486 1616 3972 1700; baseline 0.001 -25"><span class='ocrx_word' id='word_1_163' title='bbox 2486 1632 2645 1695; x_wconf 90' lang='lat' dir='ltr'>pura</span> <span class='ocrx_word' id='word_1_164' title='bbox 2689 1616 2994 1696; x_wconf 88' lang='lat' dir='ltr'>potentia,</span> <span class='ocrx_word' id='word_1_165' title='bbox 3027 1623 3091 1678; x_wconf 92' lang='lat' dir='ltr'>et</span> <span class='ocrx_word' id='word_1_166' title='bbox 3129 1616 3496 1697; x_wconf 89' lang='lat' dir='ltr'>subjeetum</span> <span class='ocrx_word' id='word_1_167' title='bbox 3543 1618 3824 1700; x_wconf 91' lang='lat' dir='ltr'>primum</span> <span class='ocrx_word' id='word_1_168' title='bbox 3863 1617 3972 1678; x_wconf 91' lang='lat' dir='ltr'>for-</span> 
     </span>
     <span class='ocr_line' id='line_1_27' title="bbox 2486 1712 3969 1797; baseline 0.003 -24"><span class='ocrx_word' id='word_1_169' title='bbox 2486 1731 2605 1775; x_wconf 81' lang='lat' dir='ltr'>mae</span> <span class='ocrx_word' id='word_1_170' title='bbox 2634 1712 3089 1776; x_wconf 87' lang='lat' dir='ltr'>substantialis.</span> <span class='ocrx_word' id='word_1_171' title='bbox 3107 1715 3284 1777; x_wconf 83' lang='lat' dir='ltr'>Unde</span> <span class='ocrx_word' id='word_1_172' title='bbox 3315 1723 3782 1797; x_wconf 88' lang='lat' dir='ltr'>consequenter</span> <span class='ocrx_word' id='word_1_173' title='bbox 3807 1715 3969 1790; x_wconf 87' lang='lat' dir='ltr'>dicit,</span> 
     </span>
    </p>
   </div>
   <div class='ocr_carea' id='block_1_7' title="bbox 871 1812 3969 1898">
    <p class='ocr_par' dir='ltr' id='par_1_8' title="bbox 871 1812 3969 1898">
     <span class='ocr_line' id='line_1_28' title="bbox 871 1812 3969 1898; baseline 0 -23"><span class='ocrx_word' id='word_1_174' title='bbox 871 1822 975 1876; x_wconf 91' lang='lat' dir='ltr'>tus</span> <span class='ocrx_word' id='word_1_175' title='bbox 1026 1834 1215 1878; x_wconf 89' lang='lat' dir='ltr'>causa</span> <span class='ocrx_word' id='word_1_176' title='bbox 1263 1835 1401 1878; x_wconf 88' lang='lat' dir='ltr'>esse</span> <span class='ocrx_word' id='word_1_177' title='bbox 1452 1834 1580 1879; x_wconf 92' lang='lat' dir='ltr'>non</span> <span class='ocrx_word' id='word_1_178' title='bbox 1641 1823 1870 1898; x_wconf 86' lang='lat' dir='ltr'>potest.</span> <span class='ocrx_word' id='word_1_179' title='bbox 1923 1816 2186 1888; x_wconf 83' lang='lat' dir='ltr'>RursuS,</span> <span class='ocrx_word' id='word_1_180' title='bbox 2235 1814 2371 1877; x_wconf 86' lang='lat' dir='ltr'>Ari·</span> <span class='ocrx_word' id='word_1_181' title='bbox 2407 1813 2454 1875; x_wconf 91' lang='lat' dir='ltr'>B</span> <span class='ocrx_word' id='word_1_182' title='bbox 2484 1812 2652 1892; x_wconf 92' lang='lat' dir='ltr'>quod</span> <span class='ocrx_word' id='word_1_183' title='bbox 2693 1812 2908 1873; x_wconf 88' lang='lat' dir='ltr'>anima</span> <span class='ocrx_word' id='word_1_184' title='bbox 2946 1812 3090 1875; x_wconf 89' lang='lat' dir='ltr'>coeli</span> <span class='ocrx_word' id='word_1_185' title='bbox 3132 1814 3214 1874; x_wconf 93' lang='lat' dir='ltr'>sit</span> <span class='ocrx_word' id='word_1_186' title='bbox 3256 1812 3466 1876; x_wconf 91' lang='lat' dir='ltr'>solum</span> <span class='ocrx_word' id='word_1_187' title='bbox 3511 1813 3969 1887; x_wconf 82' lang='lat' dir='ltr'>intellectualiS,</span> 
     </span>
    </p>
   </div>
   <div class='ocr_carea' id='block_1_8' title="bbox 860 1913 2369 2960">
    <p class='ocr_par' dir='ltr' id='par_1_9' title="bbox 860 1913 2369 2960">
     <span class='ocr_line' id='line_1_29' title="bbox 871 1913 2367 1997; baseline 0.001 -23"><span class='ocrx_word' id='word_1_188' title='bbox 871 1913 1129 1976; x_wconf 89' lang='lat' dir='ltr'>stoteles</span> <span class='ocrx_word' id='word_1_189' title='bbox 1194 1922 1417 1977; x_wconf 88' lang='lat' dir='ltr'>octavo</span> <span class='ocrx_word' id='word_1_190' title='bbox 1474 1914 1887 1997; x_wconf 82' lang='lat' dir='ltr'>Physicorum</span> <span class='ocrx_word' id='word_1_191' title='bbox 1955 1915 2367 1988; x_wconf 88' lang='lat' dir='ltr'>demonstrat,</span> 
     </span>
     <span class='ocr_line' id='line_1_30' title="bbox 869 2011 2369 2094; baseline 0.001 -22"><span class='ocrx_word' id='word_1_192' title='bbox 869 2011 1037 2092; x_wconf 88' lang='lat' dir='ltr'>quod</span> <span class='ocrx_word' id='word_1_193' title='bbox 1080 2012 1240 2073; x_wconf 90' lang='lat' dir='ltr'>nihil</span> <span class='ocrx_word' id='word_1_194' title='bbox 1284 2020 1573 2074; x_wconf 87' lang='lat' dir='ltr'>movetur</span> <span class='ocrx_word' id='word_1_195' title='bbox 1610 2032 1644 2074; x_wconf 89' lang='lat' dir='ltr'>a</span> <span class='ocrx_word' id='word_1_196' title='bbox 1685 2032 1751 2075; x_wconf 94' lang='lat' dir='ltr'>se</span> <span class='ocrx_word' id='word_1_197' title='bbox 1791 2013 1931 2094; x_wconf 90' lang='lat' dir='ltr'>ipso</span> <span class='ocrx_word' id='word_1_198' title='bbox 1968 2012 2091 2074; x_wconf 88' lang='lat' dir='ltr'>nisi</span> <span class='ocrx_word' id='word_1_199' title='bbox 2130 2012 2369 2074; x_wconf 88' lang='lat' dir='ltr'>anima-</span> 
     </span>
     <span class='ocr_line' id='line_1_31' title="bbox 867 2108 2364 2173; baseline 0.001 -3"><span class='ocrx_word' id='word_1_200' title='bbox 867 2116 1025 2170; x_wconf 89' lang='lat' dir='ltr'>tum.</span> <span class='ocrx_word' id='word_1_201' title='bbox 1091 2108 1182 2171; x_wconf 90' lang='lat' dir='ltr'>Ob</span> <span class='ocrx_word' id='word_1_202' title='bbox 1242 2109 1361 2172; x_wconf 91' lang='lat' dir='ltr'>hoc</span> <span class='ocrx_word' id='word_1_203' title='bbox 1418 2111 1791 2173; x_wconf 86' lang='lat' dir='ltr'>Aristoteles</span> <span class='ocrx_word' id='word_1_204' title='bbox 1847 2111 2072 2173; x_wconf 87' lang='lat' dir='ltr'>asserit</span> <span class='ocrx_word' id='word_1_205' title='bbox 2131 2111 2364 2173; x_wconf 88' lang='lat' dir='ltr'>eoelum</span> 
     </span>
     <span class='ocr_line' id='line_1_32' title="bbox 868 2207 2368 2290; baseline 0.001 -21"><span class='ocrx_word' id='word_1_206' title='bbox 868 2207 1221 2269; x_wconf 87' lang='lat' dir='ltr'>animatum</span> <span class='ocrx_word' id='word_1_207' title='bbox 1279 2227 1441 2279; x_wconf 90' lang='lat' dir='ltr'>esse,</span> <span class='ocrx_word' id='word_1_208' title='bbox 1491 2210 1704 2270; x_wconf 88' lang='lat' dir='ltr'>anima</span> <span class='ocrx_word' id='word_1_209' title='bbox 1766 2209 1987 2290; x_wconf 91' lang='lat' dir='ltr'>utique</span> <span class='ocrx_word' id='word_1_210' title='bbox 2047 2208 2247 2271; x_wconf 91' lang='lat' dir='ltr'>nobili</span> <span class='ocrx_word' id='word_1_211' title='bbox 2307 2216 2368 2270; x_wconf 92' lang='lat' dir='ltr'>et</span> 
     </span>
     <span class='ocr_line' id='line_1_33' title="bbox 868 2305 2365 2387; baseline 0.002 -20"><span class='ocrx_word' id='word_1_212' title='bbox 868 2305 1285 2368; x_wconf 85' lang='lat' dir='ltr'>intellectuali</span> <span class='ocrx_word' id='word_1_213' title='bbox 1322 2323 1334 2367; x_wconf 92' lang='lat'>:</span> <span class='ocrx_word' id='word_1_214' title='bbox 1370 2308 1539 2387; x_wconf 92' lang='lat' dir='ltr'>quod</span> <span class='ocrx_word' id='word_1_215' title='bbox 1578 2308 1859 2369; x_wconf 89' lang='lat' dir='ltr'>secundo</span> <span class='ocrx_word' id='word_1_216' title='bbox 1899 2307 2077 2380; x_wconf 88' lang='lat' dir='ltr'>Coeli,</span> <span class='ocrx_word' id='word_1_217' title='bbox 2111 2314 2176 2369; x_wconf 91' lang='lat' dir='ltr'>et</span> <span class='ocrx_word' id='word_1_218' title='bbox 2211 2308 2365 2370; x_wconf 91' lang='lat' dir='ltr'>duo-</span> 
     </span>
     <span class='ocr_line' id='line_1_34' title="bbox 866 2404 2368 2489; baseline 0.002 -24"><span class='ocrx_word' id='word_1_219' title='bbox 866 2404 1117 2467; x_wconf 87' lang='lat' dir='ltr'>decimo</span> <span class='ocrx_word' id='word_1_220' title='bbox 1147 2405 1370 2468; x_wconf 86' lang='lat' dir='ltr'>Primae</span> <span class='ocrx_word' id='word_1_221' title='bbox 1401 2406 1845 2489; x_wconf 81' lang='lat' dir='ltr'>philosophiae,</span> <span class='ocrx_word' id='word_1_222' title='bbox 1868 2417 1933 2469; x_wconf 91' lang='lat' dir='ltr'>et</span> <span class='ocrx_word' id='word_1_223' title='bbox 1961 2414 2184 2470; x_wconf 88' lang='lat' dir='ltr'>octavo</span> <span class='ocrx_word' id='word_1_224' title='bbox 2215 2407 2368 2489; x_wconf 81' lang='lat' dir='ltr'>Phy-</span> 
     </span>
     <span class='ocr_line' id='line_1_35' title="bbox 864 2503 2364 2585; baseline 0.003 -21"><span class='ocrx_word' id='word_1_225' title='bbox 864 2503 1144 2565; x_wconf 89' lang='lat' dir='ltr'>sieorum</span> <span class='ocrx_word' id='word_1_226' title='bbox 1206 2512 1423 2585; x_wconf 90' lang='lat' dir='ltr'>aperte</span> <span class='ocrx_word' id='word_1_227' title='bbox 1486 2504 1849 2567; x_wconf 87' lang='lat' dir='ltr'>confitetur.</span> <span class='ocrx_word' id='word_1_228' title='bbox 1903 2506 2166 2579; x_wconf 82' lang='lat' dir='ltr'>RursuS,</span> <span class='ocrx_word' id='word_1_229' title='bbox 2218 2524 2364 2569; x_wconf 89' lang='lat' dir='ltr'>nam</span> 
     </span>
     <span class='ocr_line' id='line_1_36' title="bbox 863 2600 2363 2683; baseline 0.001 -21"><span class='ocrx_word' id='word_1_230' title='bbox 863 2600 1269 2664; x_wconf 90' lang='lat' dir='ltr'>nobilissimo</span> <span class='ocrx_word' id='word_1_231' title='bbox 1300 2602 1760 2683; x_wconf 90' lang='lat' dir='ltr'>corpori,quod</span> <span class='ocrx_word' id='word_1_232' title='bbox 1782 2602 1975 2665; x_wconf 91' lang='lat' dir='ltr'>etiam</span> <span class='ocrx_word' id='word_1_233' title='bbox 2006 2610 2363 2667; x_wconf 89' lang='lat' dir='ltr'>ceterorum</span> 
     </span>
     <span class='ocr_line' id='line_1_37' title="bbox 861 2700 2362 2781; baseline 0.002 -21"><span class='ocrx_word' id='word_1_234' title='bbox 861 2716 1203 2781; x_wconf 86' lang='lat' dir='ltr'>corporum</span> <span class='ocrx_word' id='word_1_235' title='bbox 1272 2700 1667 2763; x_wconf 83' lang='lat' dir='ltr'>causativum</span> <span class='ocrx_word' id='word_1_236' title='bbox 1740 2709 1804 2763; x_wconf 91' lang='lat' dir='ltr'>et</span> <span class='ocrx_word' id='word_1_237' title='bbox 1868 2700 2362 2781; x_wconf 82' lang='lat' dir='ltr'>gubernativum</span> 
     </span>
     <span class='ocr_line' id='line_1_38' title="bbox 860 2797 2361 2881; baseline 0.002 -23"><span class='ocrx_word' id='word_1_238' title='bbox 860 2804 977 2870; x_wconf 87' lang='lat' dir='ltr'>est,</span> <span class='ocrx_word' id='word_1_239' title='bbox 1010 2797 1279 2860; x_wconf 90' lang='lat' dir='ltr'>debetur</span> <span class='ocrx_word' id='word_1_240' title='bbox 1322 2798 1724 2862; x_wconf 90' lang='lat' dir='ltr'>nobilissima</span> <span class='ocrx_word' id='word_1_241' title='bbox 1765 2799 1971 2862; x_wconf 87' lang='lat' dir='ltr'>forma</span> <span class='ocrx_word' id='word_1_242' title='bbox 2006 2816 2019 2861; x_wconf 91' lang='lat'>:</span> <span class='ocrx_word' id='word_1_243' title='bbox 2055 2818 2197 2881; x_wconf 81' lang='lat' dir='ltr'>quae</span> <span class='ocrx_word' id='word_1_244' title='bbox 2235 2818 2361 2862; x_wconf 91' lang='lat' dir='ltr'>non</span> 
     </span>
     <span class='ocr_line' id='line_1_39' title="bbox 860 2896 2365 2960; baseline 0.002 -4"><span class='ocrx_word' id='word_1_245' title='bbox 860 2902 957 2956; x_wconf 91' lang='lat' dir='ltr'>est</span> <span class='ocrx_word' id='word_1_246' title='bbox 998 2896 1123 2957; x_wconf 90' lang='lat' dir='ltr'>nisi</span> <span class='ocrx_word' id='word_1_247' title='bbox 1169 2896 1619 2959; x_wconf 89' lang='lat' dir='ltr'>intellectualis</span> <span class='ocrx_word' id='word_1_248' title='bbox 1664 2897 1895 2959; x_wconf 90' lang='lat' dir='ltr'>anima.</span> <span class='ocrx_word' id='word_1_249' title='bbox 1938 2897 2013 2959; x_wconf 89' lang='lat' dir='ltr'>Et</span> <span class='ocrx_word' id='word_1_250' title='bbox 2052 2898 2217 2959; x_wconf 90' lang='lat' dir='ltr'>hanc</span> <span class='ocrx_word' id='word_1_251' title='bbox 2260 2898 2365 2960; x_wconf 91' lang='lat' dir='ltr'>do-</span> 
     </span>
    </p>
   </div>
   <div class='ocr_carea' id='block_1_9' title="bbox 2472 1909 3971 2978">
    <p class='ocr_par' dir='ltr' id='par_1_10' title="bbox 2472 1909 3971 2978">
     <span class='ocr_line' id='line_1_40' title="bbox 2483 1909 3968 1993; baseline 0.002 -23"><span class='ocrx_word' id='word_1_252' title='bbox 2483 1927 2606 1971; x_wconf 90' lang='lat' dir='ltr'>non</span> <span class='ocrx_word' id='word_1_253' title='bbox 2661 1909 2882 1973; x_wconf 90' lang='lat' dir='ltr'>orbem</span> <span class='ocrx_word' id='word_1_254' title='bbox 2932 1928 3048 1973; x_wconf 90' lang='lat' dir='ltr'>ceu</span> <span class='ocrx_word' id='word_1_255' title='bbox 3090 1912 3336 1993; x_wconf 88' lang='lat' dir='ltr'>primus</span> <span class='ocrx_word' id='word_1_256' title='bbox 3385 1920 3563 1975; x_wconf 87' lang='lat' dir='ltr'>actus</span> <span class='ocrx_word' id='word_1_257' title='bbox 3605 1912 3968 1985; x_wconf 77' lang='lat' dir='ltr'>informanS,</span> 
     </span>
     <span class='ocr_line' id='line_1_41' title="bbox 2483 2007 3969 2095; baseline 0.004 -27"><span class='ocrx_word' id='word_1_258' title='bbox 2483 2007 2593 2069; x_wconf 91' lang='lat' dir='ltr'>sed</span> <span class='ocrx_word' id='word_1_259' title='bbox 2652 2027 2766 2090; x_wconf 90' lang='lat' dir='ltr'>per</span> <span class='ocrx_word' id='word_1_260' title='bbox 2823 2008 2921 2070; x_wconf 91' lang='lat' dir='ltr'>sui</span> <span class='ocrx_word' id='word_1_261' title='bbox 2983 2008 3246 2072; x_wconf 90' lang='lat' dir='ltr'>luminis</span> <span class='ocrx_word' id='word_1_262' title='bbox 3298 2010 3704 2073; x_wconf 82' lang='lat' dir='ltr'>influentiam</span> <span class='ocrx_word' id='word_1_263' title='bbox 3755 2029 3969 2095; x_wconf 88' lang='lat' dir='ltr'>appro-</span> 
     </span>
     <span class='ocr_line' id='line_1_42' title="bbox 2483 2106 3970 2186; baseline 0.003 -20"><span class='ocrx_word' id='word_1_264' title='bbox 2483 2106 2688 2186; x_wconf 87' lang='lat' dir='ltr'>priata</span> <span class='ocrx_word' id='word_1_265' title='bbox 2729 2106 2788 2167; x_wconf 87' lang='lat' dir='ltr'>ei</span> <span class='ocrx_word' id='word_1_266' title='bbox 2824 2123 2837 2167; x_wconf 89' lang='lat'>:</span> <span class='ocrx_word' id='word_1_267' title='bbox 2873 2114 2936 2167; x_wconf 90' lang='lat' dir='ltr'>et</span> <span class='ocrx_word' id='word_1_268' title='bbox 2977 2108 3070 2168; x_wconf 92' lang='lat' dir='ltr'>sic</span> <span class='ocrx_word' id='word_1_269' title='bbox 3123 2107 3349 2170; x_wconf 86' lang='lat' dir='ltr'>asserit</span> <span class='ocrx_word' id='word_1_270' title='bbox 3389 2108 3622 2172; x_wconf 89' lang='lat' dir='ltr'>coelum</span> <span class='ocrx_word' id='word_1_271' title='bbox 3667 2127 3809 2171; x_wconf 90' lang='grc'><strong>6336</strong></span> <span class='ocrx_word' id='word_1_272' title='bbox 3849 2109 3970 2171; x_wconf 81' lang='lat' dir='ltr'>ani·</span> 
     </span>
     <span class='ocr_line' id='line_1_43' title="bbox 2481 2204 3967 2289; baseline 0.003 -25"><span class='ocrx_word' id='word_1_273' title='bbox 2481 2210 2742 2265; x_wconf 86' lang='lat' dir='ltr'>matum.</span> <span class='ocrx_word' id='word_1_274' title='bbox 2815 2204 3124 2287; x_wconf 89' lang='lat' dir='ltr'>Denique,</span> <span class='ocrx_word' id='word_1_275' title='bbox 3199 2206 3478 2268; x_wconf 83' lang='lat' dir='ltr'>admittit</span> <span class='ocrx_word' id='word_1_276' title='bbox 3543 2208 3710 2289; x_wconf 85' lang='lat' dir='ltr'>quod</span> <span class='ocrx_word' id='word_1_277' title='bbox 3783 2207 3967 2279; x_wconf 87' lang='lat' dir='ltr'>orbis,</span> 
     </span>
     <span class='ocr_line' id='line_1_44' title="bbox 2479 2302 3971 2381; baseline 0.003 -18"><span class='ocrx_word' id='word_1_278' title='bbox 2479 2302 2730 2365; x_wconf 88' lang='lat' dir='ltr'>secluso</span> <span class='ocrx_word' id='word_1_279' title='bbox 2773 2311 3037 2377; x_wconf 89' lang='lat' dir='ltr'>motore,</span> <span class='ocrx_word' id='word_1_280' title='bbox 3072 2305 3156 2366; x_wconf 91' lang='lat' dir='ltr'>sit</span> <span class='ocrx_word' id='word_1_281' title='bbox 3195 2305 3402 2368; x_wconf 90' lang='lat' dir='ltr'>adhuc</span> <span class='ocrx_word' id='word_1_282' title='bbox 3444 2313 3591 2368; x_wconf 87' lang='lat' dir='ltr'>actu</span> <span class='ocrx_word' id='word_1_283' title='bbox 3635 2324 3774 2381; x_wconf 91' lang='grc'><strong>6113,</strong></span> <span class='ocrx_word' id='word_1_284' title='bbox 3817 2308 3971 2369; x_wconf 87' lang='lat' dir='ltr'>sicut</span> 
     </span>
     <span class='ocr_line' id='line_1_45' title="bbox 2478 2401 3806 2482; baseline 0.005 -21"><span class='ocrx_word' id='word_1_285' title='bbox 2478 2408 2538 2462; x_wconf 89' lang='lat' dir='ltr'>et</span> <span class='ocrx_word' id='word_1_286' title='bbox 2567 2401 2848 2463; x_wconf 88' lang='lat' dir='ltr'>animam</span> <span class='ocrx_word' id='word_1_287' title='bbox 2879 2401 3020 2482; x_wconf 90' lang='lat' dir='ltr'>ejus</span> <span class='ocrx_word' id='word_1_288' title='bbox 3051 2402 3208 2465; x_wconf 89' lang='lat' dir='ltr'>dicit</span> <span class='ocrx_word' id='word_1_289' title='bbox 3239 2404 3302 2465; x_wconf 88' lang='lat' dir='ltr'>in</span> <span class='ocrx_word' id='word_1_290' title='bbox 3335 2422 3402 2466; x_wconf 92' lang='grc'>36</span> <span class='ocrx_word' id='word_1_291' title='bbox 3435 2404 3806 2468; x_wconf 77' lang='lat' dir='ltr'>subsistere.</span> 
     </span>
     <span class='ocr_line' id='line_1_46' title="bbox 2557 2499 3969 2584; baseline 0.006 -23"><span class='ocrx_word' id='word_1_292' title='bbox 2557 2499 2700 2563; x_wconf 83' lang='lat' dir='ltr'>Haec</span> <span class='ocrx_word' id='word_1_293' title='bbox 2758 2508 2972 2563; x_wconf 88' lang='lat' dir='ltr'>autem</span> <span class='ocrx_word' id='word_1_294' title='bbox 3023 2502 3243 2584; x_wconf 87' lang='lat' dir='ltr'>opinio</span> <span class='ocrx_word' id='word_1_295' title='bbox 3289 2502 3474 2565; x_wconf 86' lang='lat' dir='ltr'>valde</span> <span class='ocrx_word' id='word_1_296' title='bbox 3523 2504 3969 2569; x_wconf 86' lang='lat' dir='ltr'>irrationabilis</span> 
     </span>
     <span class='ocr_line' id='line_1_47' title="bbox 2475 2599 3970 2683; baseline 0.005 -25"><span class='ocrx_word' id='word_1_297' title='bbox 2475 2604 2570 2659; x_wconf 92' lang='lat' dir='ltr'>est</span> <span class='ocrx_word' id='word_1_298' title='bbox 2621 2614 2635 2658; x_wconf 91' lang='lat'><strong>:</strong></span> <span class='ocrx_word' id='word_1_299' title='bbox 2688 2600 2858 2679; x_wconf 89' lang='lat' dir='ltr'>quod</span> <span class='ocrx_word' id='word_1_300' title='bbox 2907 2599 3080 2662; x_wconf 89' lang='lat' dir='ltr'>enim</span> <span class='ocrx_word' id='word_1_301' title='bbox 3129 2619 3207 2662; x_wconf 83' lang='lat' dir='ltr'>ex</span> <span class='ocrx_word' id='word_1_302' title='bbox 3253 2601 3504 2664; x_wconf 91' lang='lat' dir='ltr'>duobus</span> <span class='ocrx_word' id='word_1_303' title='bbox 3556 2603 3818 2665; x_wconf 87' lang='lat' dir='ltr'>entibus</span> <span class='ocrx_word' id='word_1_304' title='bbox 3866 2623 3970 2683; x_wconf 90' lang='lat' dir='ltr'>per</span> 
     </span>
     <span class='ocr_line' id='line_1_48' title="bbox 2473 2696 3970 2765; baseline 0.005 -9"><span class='ocrx_word' id='word_1_305' title='bbox 2473 2714 2542 2757; x_wconf 90' lang='lat' dir='ltr'>se</span> <span class='ocrx_word' id='word_1_306' title='bbox 2582 2696 3081 2760; x_wconf 86' lang='lat' dir='ltr'>subsistentibus</span> <span class='ocrx_word' id='word_1_307' title='bbox 3119 2706 3184 2761; x_wconf 91' lang='lat' dir='ltr'>et</span> <span class='ocrx_word' id='word_1_308' title='bbox 3226 2699 3292 2761; x_wconf 90' lang='lat' dir='ltr'>in</span> <span class='ocrx_word' id='word_1_309' title='bbox 3335 2707 3480 2762; x_wconf 90' lang='lat' dir='ltr'>actu</span> <span class='ocrx_word' id='word_1_310' title='bbox 3521 2701 3970 2765; x_wconf 84' lang='lat' dir='ltr'>exsistentibus</span> 
     </span>
     <span class='ocr_line' id='line_1_49' title="bbox 2472 2792 3964 2881; baseline 0.005 -28"><span class='ocrx_word' id='word_1_311' title='bbox 2472 2792 2589 2855; x_wconf 83' lang='lat' dir='ltr'>fiat</span> <span class='ocrx_word' id='word_1_312' title='bbox 2635 2813 2785 2858; x_wconf 90' lang='lat' dir='ltr'>vere</span> <span class='ocrx_word' id='word_1_313' title='bbox 2837 2815 3060 2871; x_wconf 90' lang='lat' dir='ltr'>unum,</span> <span class='ocrx_word' id='word_1_314' title='bbox 3107 2815 3368 2880; x_wconf 89' lang='lat' dir='ltr'>prorsus</span> <span class='ocrx_word' id='word_1_315' title='bbox 3411 2798 3819 2881; x_wconf 88' lang='lat' dir='ltr'>impossibile</span> <span class='ocrx_word' id='word_1_316' title='bbox 3858 2810 3964 2863; x_wconf 87' lang='lat' dir='ltr'>est.</span> 
     </span>
     <span class='ocr_line' id='line_1_50' title="bbox 2472 2891 3970 2978; baseline 0.005 -26"><span class='ocrx_word' id='word_1_317' title='bbox 2472 2891 2617 2955; x_wconf 90' lang='lat' dir='ltr'>Ideo</span> <span class='ocrx_word' id='word_1_318' title='bbox 2669 2893 2914 2957; x_wconf 90' lang='lat' dir='ltr'>salvare</span> <span class='ocrx_word' id='word_1_319' title='bbox 2959 2913 3087 2958; x_wconf 92' lang='lat' dir='ltr'>non</span> <span class='ocrx_word' id='word_1_320' title='bbox 3132 2902 3342 2977; x_wconf 87' lang='lat' dir='ltr'>potest</span> <span class='ocrx_word' id='word_1_321' title='bbox 3383 2898 3553 2978; x_wconf 90' lang='lat' dir='ltr'>quod</span> <span class='ocrx_word' id='word_1_322' title='bbox 3606 2898 3846 2961; x_wconf 90' lang='lat' dir='ltr'>coelum</span> <span class='ocrx_word' id='word_1_323' title='bbox 3893 2899 3970 2960; x_wconf 86' lang='lat' dir='ltr'>sit</span> 
     </span>
    </p>
   </div>
   <div class='ocr_carea' id='block_1_10' title="bbox 860 2992 3967 3077">
    <p class='ocr_par' dir='ltr' id='par_1_11' title="bbox 860 2992 3967 3077">
     <span class='ocr_line' id='line_1_51' title="bbox 860 2992 3967 3077; baseline 0.002 -23"><span class='ocrx_word' id='word_1_324' title='bbox 860 2993 1131 3054; x_wconf 88' lang='lat' dir='ltr'>ctrinam</span> <span class='ocrx_word' id='word_1_325' title='bbox 1185 3000 1317 3055; x_wconf 90' lang='lat' dir='ltr'>tota</span> <span class='ocrx_word' id='word_1_326' title='bbox 1364 2994 1579 3056; x_wconf 89' lang='lat' dir='ltr'>schola</span> <span class='ocrx_word' id='word_1_327' title='bbox 1620 2994 2184 3076; x_wconf 84' lang='lat' dir='ltr'>Peripateticorum</span> <span class='ocrx_word' id='word_1_328' title='bbox 2225 3014 2360 3057; x_wconf 88' lang='lat' dir='ltr'>sus·</span> <span class='ocrx_word' id='word_1_329' title='bbox 2397 2993 2441 3056; x_wconf 89' lang='lat' dir='ltr'>C</span> <span class='ocrx_word' id='word_1_330' title='bbox 2474 3008 2620 3052; x_wconf 85' lang='lat' dir='ltr'>vere</span> <span class='ocrx_word' id='word_1_331' title='bbox 2668 2992 3046 3067; x_wconf 88' lang='lat' dir='ltr'>animatum,</span> <span class='ocrx_word' id='word_1_332' title='bbox 3100 2993 3282 3075; x_wconf 88' lang='lat' dir='ltr'>quasi</span> <span class='ocrx_word' id='word_1_333' title='bbox 3330 2993 3575 3077; x_wconf 88' lang='lat' dir='ltr'>aliquid</span> <span class='ocrx_word' id='word_1_334' title='bbox 3625 3016 3830 3059; x_wconf 90' lang='lat' dir='ltr'>unum</span> <span class='ocrx_word' id='word_1_335' title='bbox 3879 3016 3967 3059; x_wconf 89' lang='lat' dir='ltr'>se—</span> 
     </span>
    </p>
   </div>
   <div class='ocr_carea' id='block_1_11' title="bbox 853 3090 2362 4156">
    <p class='ocr_par' dir='ltr' id='par_1_12' title="bbox 853 3090 2362 4156">
     <span class='ocr_line' id='line_1_52' title="bbox 859 3090 2362 3173; baseline 0.003 -22"><span class='ocrx_word' id='word_1_336' title='bbox 859 3090 1022 3152; x_wconf 89' lang='lat' dir='ltr'>tinet</span> <span class='ocrx_word' id='word_1_337' title='bbox 1068 3108 1082 3153; x_wconf 93' lang='lat'><strong>:</strong></span> <span class='ocrx_word' id='word_1_338' title='bbox 1135 3110 1328 3173; x_wconf 90' lang='lat' dir='ltr'>quam</span> <span class='ocrx_word' id='word_1_339' title='bbox 1383 3092 1575 3154; x_wconf 89' lang='lat' dir='ltr'>etiam</span> <span class='ocrx_word' id='word_1_340' title='bbox 1616 3100 1763 3155; x_wconf 89' lang='lat' dir='ltr'>ante</span> <span class='ocrx_word' id='word_1_341' title='bbox 1808 3111 1916 3155; x_wconf 91' lang='lat' dir='ltr'>eos</span> <span class='ocrx_word' id='word_1_342' title='bbox 1961 3092 2248 3155; x_wconf 86' lang='lat' dir='ltr'>Socrates</span> <span class='ocrx_word' id='word_1_343' title='bbox 2298 3101 2362 3156; x_wconf 91' lang='lat' dir='ltr'>et</span> 
     </span>
     <span class='ocr_line' id='line_1_53' title="bbox 858 3188 2358 3265; baseline 0.002 -15"><span class='ocrx_word' id='word_1_344' title='bbox 858 3188 1032 3251; x_wconf 91' lang='lat' dir='ltr'>Plato</span> <span class='ocrx_word' id='word_1_345' title='bbox 1102 3207 1249 3251; x_wconf 93' lang='lat' dir='ltr'>cum</span> <span class='ocrx_word' id='word_1_346' title='bbox 1319 3189 1545 3253; x_wconf 88' lang='lat' dir='ltr'>Stoicis</span> <span class='ocrx_word' id='word_1_347' title='bbox 1612 3191 2120 3254; x_wconf 88' lang='lat' dir='ltr'>introduxerunt.</span> <span class='ocrx_word' id='word_1_348' title='bbox 2183 3192 2358 3265; x_wconf 89' lang='lat' dir='ltr'>Quod</span> 
     </span>
     <span class='ocr_line' id='line_1_54' title="bbox 856 3285 2360 3369; baseline 0.003 -22"><span class='ocrx_word' id='word_1_349' title='bbox 856 3286 989 3367; x_wconf 74' lang='lat' dir='ltr'>Jam</span> <span class='ocrx_word' id='word_1_350' title='bbox 1021 3285 1391 3369; x_wconf 88' lang='lat' dir='ltr'>frequenter</span> <span class='ocrx_word' id='word_1_351' title='bbox 1418 3297 1745 3352; x_wconf 90' lang='lat' dir='ltr'>ostensum</span> <span class='ocrx_word' id='word_1_352' title='bbox 1778 3296 1875 3351; x_wconf 89' lang='lat' dir='ltr'>est</span> <span class='ocrx_word' id='word_1_353' title='bbox 1904 3308 1982 3351; x_wconf 87' lang='lat' dir='ltr'>ex</span> <span class='ocrx_word' id='word_1_354' title='bbox 2012 3289 2200 3352; x_wconf 90' lang='lat' dir='ltr'>dietis</span> <span class='ocrx_word' id='word_1_355' title='bbox 2231 3290 2360 3352; x_wconf 91' lang='lat' dir='ltr'>Pla-</span> 
     </span>
     <span class='ocr_line' id='line_1_55' title="bbox 859 3386 2360 3469; baseline 0.001 -20"><span class='ocrx_word' id='word_1_356' title='bbox 859 3386 1027 3449; x_wconf 85' lang='lat' dir='ltr'>tonis</span> <span class='ocrx_word' id='word_1_357' title='bbox 1072 3394 1136 3449; x_wconf 90' lang='lat' dir='ltr'>et</span> <span class='ocrx_word' id='word_1_358' title='bbox 1179 3388 1405 3462; x_wconf 86' lang='lat' dir='ltr'>Procli,</span> <span class='ocrx_word' id='word_1_359' title='bbox 1440 3407 1648 3469; x_wconf 90' lang='lat' dir='ltr'>neque</span> <span class='ocrx_word' id='word_1_360' title='bbox 1694 3389 1989 3469; x_wconf 82' lang='lat' dir='ltr'>congruit</span> <span class='ocrx_word' id='word_1_361' title='bbox 2031 3388 2140 3450; x_wconf 89' lang='lat' dir='ltr'>illa</span> <span class='ocrx_word' id='word_1_362' title='bbox 2189 3408 2360 3451; x_wconf 90' lang='lat' dir='ltr'>resu-</span> 
     </span>
     <span class='ocr_line' id='line_1_56' title="bbox 862 3485 2358 3567; baseline 0.003 -22"><span class='ocrx_word' id='word_1_363' title='bbox 862 3502 1037 3546; x_wconf 87' lang='lat' dir='ltr'>mere</span> <span class='ocrx_word' id='word_1_364' title='bbox 1068 3485 1273 3547; x_wconf 91' lang='lat' dir='ltr'>modo.</span> <span class='ocrx_word' id='word_1_365' title='bbox 1295 3519 1377 3529; x_wconf 97' lang='lat'><strong>—</strong></span> <span class='ocrx_word' id='word_1_366' title='bbox 1398 3485 1741 3549; x_wconf 88' lang='lat' dir='ltr'>Enimvero</span> <span class='ocrx_word' id='word_1_367' title='bbox 1770 3486 1888 3547; x_wconf 91' lang='lat' dir='ltr'>hac</span> <span class='ocrx_word' id='word_1_368' title='bbox 1921 3486 2235 3567; x_wconf 90' lang='lat' dir='ltr'>positione</span> <span class='ocrx_word' id='word_1_369' title='bbox 2266 3487 2358 3549; x_wconf 95' lang='lat' dir='ltr'>sic</span> 
     </span>
     <span class='ocr_line' id='line_1_57' title="bbox 857 3580 2356 3665; baseline 0.002 -22"><span class='ocrx_word' id='word_1_370' title='bbox 857 3588 1083 3655; x_wconf 90' lang='lat' dir='ltr'>stante,</span> <span class='ocrx_word' id='word_1_371' title='bbox 1115 3580 1467 3644; x_wconf 79' lang='lat' dir='ltr'>difficultas</span> <span class='ocrx_word' id='word_1_372' title='bbox 1515 3582 1792 3644; x_wconf 84' lang='lat' dir='ltr'>maxima</span> <span class='ocrx_word' id='word_1_373' title='bbox 1836 3581 2244 3665; x_wconf 78' lang='lat' dir='ltr'>relinquitur,</span> <span class='ocrx_word' id='word_1_374' title='bbox 2275 3603 2356 3646; x_wconf 91' lang='lat' dir='ltr'>an</span> 
     </span>
     <span class='ocr_line' id='line_1_58' title="bbox 856 3680 2354 3755; baseline 0.001 -12"><span class='ocrx_word' id='word_1_375' title='bbox 856 3680 1163 3744; x_wconf 89' lang='lat' dir='ltr'>coelorum</span> <span class='ocrx_word' id='word_1_376' title='bbox 1211 3680 1443 3745; x_wconf 82' lang='lat' dir='ltr'>animae</span> <span class='ocrx_word' id='word_1_377' title='bbox 1488 3681 1951 3743; x_wconf 89' lang='lat' dir='ltr'>intellectuales</span> <span class='ocrx_word' id='word_1_378' title='bbox 1997 3682 2230 3755; x_wconf 90' lang='lat' dir='ltr'>solum,</span> <span class='ocrx_word' id='word_1_379' title='bbox 2275 3702 2354 3745; x_wconf 92' lang='lat' dir='ltr'>an</span> 
     </span>
     <span class='ocr_line' id='line_1_59' title="bbox 854 3777 2355 3861; baseline 0.001 -20"><span class='ocrx_word' id='word_1_380' title='bbox 854 3777 1048 3841; x_wconf 89' lang='lat' dir='ltr'>etiam</span> <span class='ocrx_word' id='word_1_381' title='bbox 1096 3777 1418 3842; x_wconf 81' lang='lat' dir='ltr'>sensitivae</span> <span class='ocrx_word' id='word_1_382' title='bbox 1459 3777 1854 3861; x_wconf 82' lang='lat' dir='ltr'>appellandae</span> <span class='ocrx_word' id='word_1_383' title='bbox 1899 3779 2045 3841; x_wconf 90' lang='lat' dir='ltr'>sint.</span> <span class='ocrx_word' id='word_1_384' title='bbox 2096 3780 2172 3841; x_wconf 90' lang='lat' dir='ltr'>Et</span> <span class='ocrx_word' id='word_1_385' title='bbox 2221 3780 2355 3861; x_wconf 92' lang='lat' dir='ltr'>qui-</span> 
     </span>
     <span class='ocr_line' id='line_1_60' title="bbox 853 3863 2352 3958; baseline 0.001 -21"><span class='ocrx_word' id='word_1_386' title='bbox 853 3875 998 3938; x_wconf 91' lang='lat' dir='ltr'>dem</span> <span class='ocrx_word' id='word_1_387' title='bbox 1030 3878 1201 3958; x_wconf 90' lang='lat' dir='ltr'>quod</span> <span class='ocrx_word' id='word_1_388' title='bbox 1232 3896 1459 3939; x_wconf 90' lang='lat' dir='ltr'>sensus</span> <span class='ocrx_word' id='word_1_389' title='bbox 1502 3877 1847 3939; x_wconf 86' lang='lat' dir='ltr'>exteriores</span> <span class='ocrx_word' id='word_1_390' title='bbox 1888 3863 2352 3952; x_wconf 74' lang='lat' dir='ltr'>non&#39;habeant,</span> 
     </span>
     <span class='ocr_line' id='line_1_61' title="bbox 854 3974 2358 4056; baseline 0.001 -19"><span class='ocrx_word' id='word_1_391' title='bbox 854 3974 1061 4055; x_wconf 87' lang='lat' dir='ltr'>palam</span> <span class='ocrx_word' id='word_1_392' title='bbox 1094 3982 1211 4049; x_wconf 89' lang='lat' dir='ltr'>est,</span> <span class='ocrx_word' id='word_1_393' title='bbox 1244 3975 1547 4055; x_wconf 90' lang='lat' dir='ltr'>quoniam</span> <span class='ocrx_word' id='word_1_394' title='bbox 1590 3993 1856 4056; x_wconf 88' lang='lat' dir='ltr'>corpora</span> <span class='ocrx_word' id='word_1_395' title='bbox 1895 3975 2182 4038; x_wconf 89' lang='lat' dir='ltr'>coelestia</span> <span class='ocrx_word' id='word_1_396' title='bbox 2209 3984 2358 4038; x_wconf 89' lang='lat' dir='ltr'>sunt</span> 
     </span>
     <span class='ocr_line' id='line_1_62' title="bbox 853 4073 2354 4156; baseline 0.001 -21"><span class='ocrx_word' id='word_1_397' title='bbox 853 4074 1129 4136; x_wconf 84' lang='lat' dir='ltr'>maxime</span> <span class='ocrx_word' id='word_1_398' title='bbox 1174 4073 1520 4136; x_wconf 83' lang='lat' dir='ltr'>uniformia</span> <span class='ocrx_word' id='word_1_399' title='bbox 1561 4081 1626 4136; x_wconf 87' lang='lat' dir='ltr'>et</span> <span class='ocrx_word' id='word_1_400' title='bbox 1668 4074 1989 4155; x_wconf 90' lang='lat' dir='ltr'>simplicia</span> <span class='ocrx_word' id='word_1_401' title='bbox 2022 4092 2037 4135; x_wconf 73' lang='grc' dir='ltr'><strong><em>ε</em></strong></span> <span class='ocrx_word' id='word_1_402' title='bbox 2082 4091 2208 4137; x_wconf 88' lang='grc'><strong>11011</strong></span> <span class='ocrx_word' id='word_1_403' title='bbox 2241 4075 2354 4156; x_wconf 83' lang='lat' dir='ltr'>igi-</span> 
     </span>
    </p>
   </div>
   <div class='ocr_carea' id='block_1_12' title="bbox 2465 3090 3970 4153">
    <p class='ocr_par' dir='ltr' id='par_1_13' title="bbox 2465 3090 3970 4153">
     <span class='ocr_line' id='line_1_63' title="bbox 2473 3090 3970 3175; baseline 0.004 -24"><span class='ocrx_word' id='word_1_404' title='bbox 2473 3090 2752 3153; x_wconf 88' lang='lat' dir='ltr'>cundum</span> <span class='ocrx_word' id='word_1_405' title='bbox 2807 3110 2947 3154; x_wconf 91' lang='lat' dir='ltr'>esse</span> <span class='ocrx_word' id='word_1_406' title='bbox 2990 3100 3056 3154; x_wconf 91' lang='lat' dir='ltr'>et</span> <span class='ocrx_word' id='word_1_407' title='bbox 3095 3093 3378 3175; x_wconf 87' lang='lat' dir='ltr'>speciem</span> <span class='ocrx_word' id='word_1_408' title='bbox 3417 3093 3536 3156; x_wconf 87' lang='lat' dir='ltr'>fiat</span> <span class='ocrx_word' id='word_1_409' title='bbox 3584 3113 3661 3157; x_wconf 90' lang='lat' dir='ltr'>ex</span> <span class='ocrx_word' id='word_1_410' title='bbox 3711 3096 3870 3159; x_wconf 88' lang='lat' dir='ltr'>orbe</span> <span class='ocrx_word' id='word_1_411' title='bbox 3909 3104 3970 3158; x_wconf 87' lang='lat' dir='ltr'>et</span> 
     </span>
     <span class='ocr_line' id='line_1_64' title="bbox 2469 3187 3966 3273; baseline 0.005 -24"><span class='ocrx_word' id='word_1_412' title='bbox 2469 3187 2700 3251; x_wconf 86' lang='lat' dir='ltr'>anima.</span> <span class='ocrx_word' id='word_1_413' title='bbox 2733 3188 2952 3269; x_wconf 89' lang='lat' dir='ltr'>Neque</span> <span class='ocrx_word' id='word_1_414' title='bbox 2982 3188 3196 3271; x_wconf 90' lang='lat' dir='ltr'>aliqua</span> <span class='ocrx_word' id='word_1_415' title='bbox 3226 3189 3438 3252; x_wconf 87' lang='lat' dir='ltr'>vitalis</span> <span class='ocrx_word' id='word_1_416' title='bbox 3475 3194 3764 3273; x_wconf 87' lang='lat' dir='ltr'>operatio</span> <span class='ocrx_word' id='word_1_417' title='bbox 3803 3210 3966 3256; x_wconf 87' lang='lat' dir='ltr'>eom-</span> 
     </span>
     <span class='ocr_line' id='line_1_65' title="bbox 2471 3287 3966 3374; baseline 0.005 -28"><span class='ocrx_word' id='word_1_418' title='bbox 2471 3287 2907 3348; x_wconf 88' lang='lat' dir='ltr'>muniearetur</span> <span class='ocrx_word' id='word_1_419' title='bbox 2949 3287 3088 3350; x_wconf 89' lang='lat' dir='ltr'>orbi</span> <span class='ocrx_word' id='word_1_420' title='bbox 3133 3306 3171 3349; x_wconf 90' lang='lat' dir='ltr'>a</span> <span class='ocrx_word' id='word_1_421' title='bbox 3212 3287 3322 3349; x_wconf 90' lang='lat' dir='ltr'>tali</span> <span class='ocrx_word' id='word_1_422' title='bbox 3368 3290 3603 3364; x_wconf 89' lang='lat' dir='ltr'>anima,</span> <span class='ocrx_word' id='word_1_423' title='bbox 3648 3291 3779 3353; x_wconf 90' lang='lat' dir='ltr'>nisi</span> <span class='ocrx_word' id='word_1_424' title='bbox 3828 3292 3966 3374; x_wconf 90' lang='lat' dir='ltr'>quis</span> 
     </span>
     <span class='ocr_line' id='line_1_66' title="bbox 2469 3385 3966 3474; baseline 0.005 -28"><span class='ocrx_word' id='word_1_425' title='bbox 2469 3385 2638 3447; x_wconf 89' lang='lat' dir='ltr'>dicat</span> <span class='ocrx_word' id='word_1_426' title='bbox 2677 3392 2921 3447; x_wconf 91' lang='lat' dir='ltr'>motum</span> <span class='ocrx_word' id='word_1_427' title='bbox 2960 3387 3134 3449; x_wconf 90' lang='lat' dir='ltr'>orbis</span> <span class='ocrx_word' id='word_1_428' title='bbox 3163 3406 3304 3451; x_wconf 91' lang='lat' dir='ltr'>esse</span> <span class='ocrx_word' id='word_1_429' title='bbox 3335 3388 3530 3451; x_wconf 90' lang='lat' dir='ltr'>vitam</span> <span class='ocrx_word' id='word_1_430' title='bbox 3571 3389 3713 3471; x_wconf 85' lang='lat' dir='ltr'>ejus</span> <span class='ocrx_word' id='word_1_431' title='bbox 3750 3408 3766 3453; x_wconf 93' lang='lat'><strong>:</strong></span> <span class='ocrx_word' id='word_1_432' title='bbox 3802 3392 3966 3474; x_wconf 85' lang='lat' dir='ltr'>quod</span> 
     </span>
     <span class='ocr_line' id='line_1_67' title="bbox 2468 3483 3964 3571; baseline 0.005 -27"><span class='ocrx_word' id='word_1_433' title='bbox 2468 3500 2595 3545; x_wconf 91' lang='lat' dir='ltr'>non</span> <span class='ocrx_word' id='word_1_434' title='bbox 2634 3490 2731 3545; x_wconf 90' lang='lat' dir='ltr'>est</span> <span class='ocrx_word' id='word_1_435' title='bbox 2771 3483 2897 3546; x_wconf 90' lang='lat' dir='ltr'>nisi</span> <span class='ocrx_word' id='word_1_436' title='bbox 2938 3504 3055 3567; x_wconf 89' lang='lat' dir='ltr'>per</span> <span class='ocrx_word' id='word_1_437' title='bbox 3093 3484 3585 3551; x_wconf 88' lang='lat' dir='ltr'>similitudinem</span> <span class='ocrx_word' id='word_1_438' title='bbox 3625 3490 3964 3571; x_wconf 88' lang='lat' dir='ltr'>quamdam</span> 
     </span>
     <span class='ocr_line' id='line_1_68' title="bbox 2466 3582 3966 3665; baseline 0.005 -22"><span class='ocrx_word' id='word_1_439' title='bbox 2466 3600 2712 3643; x_wconf 85' lang='lat' dir='ltr'>verum.</span> <span class='ocrx_word' id='word_1_440' title='bbox 2747 3582 3075 3657; x_wconf 80' lang='lat' dir='ltr'>Praeterea,</span> <span class='ocrx_word' id='word_1_441' title='bbox 3108 3584 3278 3664; x_wconf 92' lang='lat' dir='ltr'>quod</span> <span class='ocrx_word' id='word_1_442' title='bbox 3311 3592 3499 3665; x_wconf 80' lang='lat' dir='ltr'>negat</span> <span class='ocrx_word' id='word_1_443' title='bbox 3527 3586 3594 3647; x_wconf 92' lang='lat' dir='ltr'>in</span> <span class='ocrx_word' id='word_1_444' title='bbox 3626 3587 3792 3650; x_wconf 87' lang='lat' dir='ltr'>coelo</span> <span class='ocrx_word' id='word_1_445' title='bbox 3829 3607 3966 3650; x_wconf 90' lang='lat' dir='ltr'>esse</span> 
     </span>
     <span class='ocr_line' id='line_1_69' title="bbox 2468 3678 3966 3754; baseline 0.006 -14"><span class='ocrx_word' id='word_1_446' title='bbox 2468 3678 2821 3754; x_wconf 87' lang='lat' dir='ltr'>materiam,</span> <span class='ocrx_word' id='word_1_447' title='bbox 2841 3687 3061 3742; x_wconf 86' lang='lat' dir='ltr'>eontra</span> <span class='ocrx_word' id='word_1_448' title='bbox 3087 3681 3491 3745; x_wconf 85' lang='lat' dir='ltr'>Aristotelem</span> <span class='ocrx_word' id='word_1_449' title='bbox 3523 3691 3621 3746; x_wconf 90' lang='lat' dir='ltr'>est</span> <span class='ocrx_word' id='word_1_450' title='bbox 3651 3684 3717 3747; x_wconf 89' lang='lat' dir='ltr'>in</span> <span class='ocrx_word' id='word_1_451' title='bbox 3749 3687 3966 3749; x_wconf 84' lang='lat' dir='ltr'>multis</span> 
     </span>
     <span class='ocr_line' id='line_1_70' title="bbox 2469 3776 3968 3856; baseline 0.007 -18"><span class='ocrx_word' id='word_1_452' title='bbox 2469 3776 2643 3839; x_wconf 77' lang='lat' dir='ltr'>locis,</span> <span class='ocrx_word' id='word_1_453' title='bbox 2677 3778 2782 3839; x_wconf 89' lang='lat' dir='ltr'>Ait</span> <span class='ocrx_word' id='word_1_454' title='bbox 2811 3778 2984 3841; x_wconf 89' lang='lat' dir='ltr'>enim</span> <span class='ocrx_word' id='word_1_455' title='bbox 3017 3796 3208 3843; x_wconf 91' lang='lat' dir='ltr'>omne</span> <span class='ocrx_word' id='word_1_456' title='bbox 3247 3780 3574 3856; x_wconf 90' lang='lat' dir='ltr'>sensibile,</span> <span class='ocrx_word' id='word_1_457' title='bbox 3609 3799 3804 3847; x_wconf 91' lang='lat' dir='ltr'>omne</span> <span class='ocrx_word' id='word_1_458' title='bbox 3841 3804 3968 3848; x_wconf 90' lang='grc'><strong>1110-</strong></span> 
     </span>
     <span class='ocr_line' id='line_1_71' title="bbox 2467 3873 3966 3961; baseline 0.007 -26"><span class='ocrx_word' id='word_1_459' title='bbox 2467 3873 2594 3935; x_wconf 91' lang='lat' dir='ltr'>bile</span> <span class='ocrx_word' id='word_1_460' title='bbox 2635 3882 2698 3936; x_wconf 73' lang='grc'>61</span> <span class='ocrx_word' id='word_1_461' title='bbox 2735 3892 2927 3937; x_wconf 86' lang='grc'><strong>0111116</strong></span> <span class='ocrx_word' id='word_1_462' title='bbox 2966 3884 3278 3958; x_wconf 89' lang='lat' dir='ltr'>quantum</span> <span class='ocrx_word' id='word_1_463' title='bbox 3319 3878 3556 3941; x_wconf 87' lang='lat' dir='ltr'>habere</span> <span class='ocrx_word' id='word_1_464' title='bbox 3597 3882 3966 3961; x_wconf 78' lang='lat' dir='ltr'>materiam3</span> 
     </span>
     <span class='ocr_line' id='line_1_72' title="bbox 2465 3972 3966 4053; baseline 0.005 -20"><span class='ocrx_word' id='word_1_465' title='bbox 2465 3972 2695 4034; x_wconf 87' lang='lat' dir='ltr'>dividit</span> <span class='ocrx_word' id='word_1_466' title='bbox 2714 3974 2905 4035; x_wconf 90' lang='lat' dir='ltr'>etiam</span> <span class='ocrx_word' id='word_1_467' title='bbox 2931 3973 3354 4038; x_wconf 86' lang='lat' dir='ltr'>substantiam</span> <span class='ocrx_word' id='word_1_468' title='bbox 3376 3975 3440 4038; x_wconf 93' lang='lat' dir='ltr'>in</span> <span class='ocrx_word' id='word_1_469' title='bbox 3467 3979 3824 4053; x_wconf 86' lang='lat' dir='ltr'>materiam,</span> <span class='ocrx_word' id='word_1_470' title='bbox 3847 3980 3966 4043; x_wconf 90' lang='lat' dir='ltr'>for-</span> 
     </span>
     <span class='ocr_line' id='line_1_73' title="bbox 2465 4072 3967 4153; baseline 0.006 -21"><span class='ocrx_word' id='word_1_471' title='bbox 2465 4090 2649 4144; x_wconf 91' lang='lat' dir='ltr'>mam,</span> <span class='ocrx_word' id='word_1_472' title='bbox 2665 4077 2728 4133; x_wconf 92' lang='lat' dir='ltr'>et</span> <span class='ocrx_word' id='word_1_473' title='bbox 2750 4072 3176 4153; x_wconf 90' lang='lat' dir='ltr'>compositum</span> <span class='ocrx_word' id='word_1_474' title='bbox 3198 4081 3492 4136; x_wconf 89' lang='lat' dir='ltr'>constans</span> <span class='ocrx_word' id='word_1_475' title='bbox 3513 4093 3592 4138; x_wconf 83' lang='lat' dir='ltr'>ex</span> <span class='ocrx_word' id='word_1_476' title='bbox 3615 4076 3967 4151; x_wconf 87' lang='lat' dir='ltr'>illis.Quum</span> 
     </span>
    </p>
   </div>
   <div class='ocr_carea' id='block_1_13' title="bbox 851 4169 3968 4259">
    <p class='ocr_par' dir='ltr' id='par_1_14' title="bbox 851 4169 3968 4259">
     <span class='ocr_line' id='line_1_74' title="bbox 851 4169 3968 4259; baseline 0.002 -25"><span class='ocrx_word' id='word_1_477' title='bbox 851 4181 957 4234; x_wconf 92' lang='lat' dir='ltr'>tur</span> <span class='ocrx_word' id='word_1_478' title='bbox 986 4171 1225 4235; x_wconf 88' lang='lat' dir='ltr'>habent</span> <span class='ocrx_word' id='word_1_479' title='bbox 1252 4190 1505 4252; x_wconf 83' lang='lat' dir='ltr'>organa.</span> <span class='ocrx_word' id='word_1_480' title='bbox 1536 4172 1657 4235; x_wconf 88' lang='lat' dir='ltr'>Sed</span> <span class='ocrx_word' id='word_1_481' title='bbox 1688 4172 1840 4254; x_wconf 88' lang='lat' dir='ltr'>quia</span> <span class='ocrx_word' id='word_1_482' title='bbox 1870 4172 2232 4235; x_wconf 87' lang='lat' dir='ltr'>intellectus</span> <span class='ocrx_word' id='word_1_483' title='bbox 2264 4192 2355 4237; x_wconf 88' lang='lat' dir='ltr'>se·</span> <span class='ocrx_word' id='word_1_484' title='bbox 2387 4174 2436 4236; x_wconf 91' lang='lat' dir='ltr'>D</span> <span class='ocrx_word' id='word_1_485' title='bbox 2467 4169 2661 4250; x_wconf 85' lang='lat' dir='ltr'>igitur</span> <span class='ocrx_word' id='word_1_486' title='bbox 2690 4170 2925 4234; x_wconf 89' lang='lat' dir='ltr'>eoelum</span> <span class='ocrx_word' id='word_1_487' title='bbox 2957 4189 3083 4234; x_wconf 91' lang='lat' dir='ltr'>non</span> <span class='ocrx_word' id='word_1_488' title='bbox 3117 4173 3200 4234; x_wconf 89' lang='lat' dir='ltr'>sit</span> <span class='ocrx_word' id='word_1_489' title='bbox 3231 4172 3438 4236; x_wconf 88' lang='lat' dir='ltr'>forma</span> <span class='ocrx_word' id='word_1_490' title='bbox 3465 4182 3716 4238; x_wconf 90' lang='lat' dir='ltr'>tautum</span> <span class='ocrx_word' id='word_1_491' title='bbox 3759 4196 3968 4259; x_wconf 87' lang='lat' dir='ltr'>neque</span> 
     </span>
    </p>
   </div>
   <div class='ocr_carea' id='block_1_14' title="bbox 841 4271 2352 4946">
    <p class='ocr_par' dir='ltr' id='par_1_15' title="bbox 841 4271 2352 4946">
     <span class='ocr_line' id='line_1_75' title="bbox 851 4271 2350 4354; baseline 0.001 -21"><span class='ocrx_word' id='word_1_492' title='bbox 851 4271 1133 4334; x_wconf 89' lang='lat' dir='ltr'>cundum</span> <span class='ocrx_word' id='word_1_493' title='bbox 1157 4290 1225 4333; x_wconf 89' lang='lat' dir='ltr'>se</span> <span class='ocrx_word' id='word_1_494' title='bbox 1255 4272 1513 4334; x_wconf 90' lang='lat' dir='ltr'>omnino</span> <span class='ocrx_word' id='word_1_495' title='bbox 1532 4278 1854 4354; x_wconf 87' lang='lat' dir='ltr'>separatus</span> <span class='ocrx_word' id='word_1_496' title='bbox 1884 4280 1979 4333; x_wconf 91' lang='lat' dir='ltr'>est</span> <span class='ocrx_word' id='word_1_497' title='bbox 1999 4274 2350 4335; x_wconf 90' lang='lat' dir='ltr'>seeundum</span> 
     </span>
     <span class='ocr_line' id='line_1_76' title="bbox 849 4370 2352 4452; baseline -0.001 -17"><span class='ocrx_word' id='word_1_498' title='bbox 849 4389 989 4435; x_wconf 89' lang='lat' dir='ltr'>esse</span> <span class='ocrx_word' id='word_1_499' title='bbox 1029 4378 1093 4432; x_wconf 88' lang='lat' dir='ltr'>et</span> <span class='ocrx_word' id='word_1_500' title='bbox 1135 4370 1407 4452; x_wconf 88' lang='lat' dir='ltr'>operari,</span> <span class='ocrx_word' id='word_1_501' title='bbox 1442 4378 1511 4431; x_wconf 86' lang='lat' dir='ltr'>ut</span> <span class='ocrx_word' id='word_1_502' title='bbox 1551 4370 1921 4452; x_wconf 83' lang='lat' dir='ltr'>frequenter</span> <span class='ocrx_word' id='word_1_503' title='bbox 1964 4372 2352 4434; x_wconf 91' lang='lat' dir='ltr'>demonstra-</span> 
     </span>
     <span class='ocr_line' id='line_1_77' title="bbox 846 4468 2350 4548; baseline 0 -17"><span class='ocrx_word' id='word_1_504' title='bbox 846 4478 985 4531; x_wconf 89' lang='lat' dir='ltr'>tum</span> <span class='ocrx_word' id='word_1_505' title='bbox 1027 4476 1121 4531; x_wconf 89' lang='lat' dir='ltr'>est</span> <span class='ocrx_word' id='word_1_506' title='bbox 1161 4485 1395 4548; x_wconf 85' lang='lat' dir='ltr'>supra3</span> <span class='ocrx_word' id='word_1_507' title='bbox 1442 4468 1496 4529; x_wconf 91' lang='lat' dir='ltr'>si</span> <span class='ocrx_word' id='word_1_508' title='bbox 1542 4468 1759 4530; x_wconf 88' lang='lat' dir='ltr'>anima</span> <span class='ocrx_word' id='word_1_509' title='bbox 1804 4468 1948 4531; x_wconf 88' lang='lat' dir='ltr'>coeli</span> <span class='ocrx_word' id='word_1_510' title='bbox 1998 4470 2205 4531; x_wconf 92' lang='lat' dir='ltr'>solum</span> <span class='ocrx_word' id='word_1_511' title='bbox 2260 4470 2350 4531; x_wconf 92' lang='lat' dir='ltr'>in-</span> 
     </span>
     <span class='ocr_line' id='line_1_78' title="bbox 846 4566 2348 4647; baseline 0.001 -18"><span class='ocrx_word' id='word_1_512' title='bbox 846 4566 1229 4629; x_wconf 88' lang='lat' dir='ltr'>tellectualis</span> <span class='ocrx_word' id='word_1_513' title='bbox 1287 4574 1476 4639; x_wconf 89' lang='lat' dir='ltr'>esset,</span> <span class='ocrx_word' id='word_1_514' title='bbox 1538 4584 1667 4629; x_wconf 91' lang='lat' dir='ltr'>non</span> <span class='ocrx_word' id='word_1_515' title='bbox 1726 4573 1941 4647; x_wconf 88' lang='lat' dir='ltr'>posset</span> <span class='ocrx_word' id='word_1_516' title='bbox 2006 4574 2077 4628; x_wconf 91' lang='lat' dir='ltr'>ut</span> <span class='ocrx_word' id='word_1_517' title='bbox 2141 4566 2348 4630; x_wconf 83' lang='lat' dir='ltr'>forma</span> 
     </span>
     <span class='ocr_line' id='line_1_79' title="bbox 844 4663 2344 4728; baseline 0 -1"><span class='ocrx_word' id='word_1_518' title='bbox 844 4663 1281 4728; x_wconf 87' lang='lat' dir='ltr'>substantialis</span> <span class='ocrx_word' id='word_1_519' title='bbox 1348 4672 1412 4726; x_wconf 90' lang='lat' dir='ltr'>et</span> <span class='ocrx_word' id='word_1_520' title='bbox 1474 4664 1860 4726; x_wconf 89' lang='lat' dir='ltr'>intrinsecus</span> <span class='ocrx_word' id='word_1_521' title='bbox 1928 4672 2106 4727; x_wconf 89' lang='lat' dir='ltr'>actus</span> <span class='ocrx_word' id='word_1_522' title='bbox 2175 4666 2344 4727; x_wconf 88' lang='lat' dir='ltr'>uniri</span> 
     </span>
     <span class='ocr_line' id='line_1_80' title="bbox 841 4763 2344 4847; baseline 0 -20"><span class='ocrx_word' id='word_1_523' title='bbox 841 4764 1003 4828; x_wconf 84' lang='lat' dir='ltr'>orbi.</span> <span class='ocrx_word' id='word_1_524' title='bbox 1037 4763 1401 4826; x_wconf 90' lang='lat' dir='ltr'>Intellectus</span> <span class='ocrx_word' id='word_1_525' title='bbox 1440 4763 1614 4825; x_wconf 91' lang='lat' dir='ltr'>enim</span> <span class='ocrx_word' id='word_1_526' title='bbox 1656 4764 2010 4826; x_wconf 88' lang='lat' dir='ltr'>seeundum</span> <span class='ocrx_word' id='word_1_527' title='bbox 2049 4766 2218 4847; x_wconf 89' lang='lat' dir='ltr'>quod</span> <span class='ocrx_word' id='word_1_528' title='bbox 2251 4765 2344 4827; x_wconf 93' lang='lat' dir='ltr'>in-</span> 
     </span>
     <span class='ocr_line' id='line_1_81' title="bbox 841 4862 2342 4946; baseline 0.001 -20"><span class='ocrx_word' id='word_1_529' title='bbox 841 4865 1158 4936; x_wconf 82' lang='lat' dir='ltr'>tellectuS,</span> <span class='ocrx_word' id='word_1_530' title='bbox 1210 4862 1401 4925; x_wconf 89' lang='lat' dir='ltr'>habet</span> <span class='ocrx_word' id='word_1_531' title='bbox 1448 4881 1587 4925; x_wconf 91' lang='lat' dir='ltr'>esse</span> <span class='ocrx_word' id='word_1_532' title='bbox 1637 4862 1703 4924; x_wconf 90' lang='lat' dir='ltr'>in</span> <span class='ocrx_word' id='word_1_533' title='bbox 1753 4882 1821 4925; x_wconf 91' lang='grc'>36</span> <span class='ocrx_word' id='word_1_534' title='bbox 1869 4870 2040 4926; x_wconf 89' lang='lat' dir='ltr'>stans</span> <span class='ocrx_word' id='word_1_535' title='bbox 2089 4872 2151 4926; x_wconf 87' lang='lat' dir='ltr'>et</span> <span class='ocrx_word' id='word_1_536' title='bbox 2202 4883 2342 4946; x_wconf 92' lang='lat' dir='ltr'>pro-</span> 
     </span>
    </p>
   </div>
   <div class='ocr_carea' id='block_1_15' title="bbox 2457 4270 3967 4847">
    <p class='ocr_par' dir='ltr' id='par_1_16' title="bbox 2457 4270 3967 4847">
     <span class='ocr_line' id='line_1_82' title="bbox 2469 4270 3965 4353; baseline 0.007 -24"><span class='ocrx_word' id='word_1_537' title='bbox 2469 4270 2729 4331; x_wconf 87' lang='lat' dir='ltr'>materia</span> <span class='ocrx_word' id='word_1_538' title='bbox 2760 4288 2940 4351; x_wconf 89' lang='lat' dir='ltr'>pura,</span> <span class='ocrx_word' id='word_1_539' title='bbox 2963 4278 3214 4352; x_wconf 89' lang='lat' dir='ltr'>oportet</span> <span class='ocrx_word' id='word_1_540' title='bbox 3241 4273 3412 4353; x_wconf 90' lang='lat' dir='ltr'>quod</span> <span class='ocrx_word' id='word_1_541' title='bbox 3444 4274 3528 4335; x_wconf 92' lang='lat' dir='ltr'>sit</span> <span class='ocrx_word' id='word_1_542' title='bbox 3555 4292 3632 4336; x_wconf 84' lang='lat' dir='ltr'>ex</span> <span class='ocrx_word' id='word_1_543' title='bbox 3663 4276 3764 4337; x_wconf 88' lang='lat' dir='ltr'>his</span> <span class='ocrx_word' id='word_1_544' title='bbox 3798 4294 3965 4339; x_wconf 90' lang='lat' dir='ltr'>com·</span> 
     </span>
     <span class='ocr_line' id='line_1_83' title="bbox 2464 4368 3961 4455; baseline 0.006 -27"><span class='ocrx_word' id='word_1_545' title='bbox 2464 4368 2761 4449; x_wconf 89' lang='lat' dir='ltr'>positum.</span> <span class='ocrx_word' id='word_1_546' title='bbox 2812 4368 2933 4431; x_wconf 88' lang='lat' dir='ltr'>Sed</span> <span class='ocrx_word' id='word_1_547' title='bbox 2991 4370 3126 4433; x_wconf 81' lang='lat' dir='ltr'>haec</span> <span class='ocrx_word' id='word_1_548' title='bbox 3187 4369 3474 4433; x_wconf 82' lang='lat' dir='ltr'>sufficiat</span> <span class='ocrx_word' id='word_1_549' title='bbox 3530 4372 3623 4435; x_wconf 93' lang='lat' dir='ltr'>sic</span> <span class='ocrx_word' id='word_1_550' title='bbox 3679 4380 3961 4455; x_wconf 84' lang='lat' dir='ltr'>tangere.</span> 
     </span>
     <span class='ocr_line' id='line_1_84' title="bbox 2459 4466 3965 4554; baseline 0.005 -27"><span class='ocrx_word' id='word_1_551' title='bbox 2459 4466 2595 4528; x_wconf 90' lang='lat' dir='ltr'>Non</span> <span class='ocrx_word' id='word_1_552' title='bbox 2635 4466 2808 4528; x_wconf 91' lang='lat' dir='ltr'>enim</span> <span class='ocrx_word' id='word_1_553' title='bbox 2851 4466 2916 4527; x_wconf 91' lang='lat' dir='ltr'>in</span> <span class='ocrx_word' id='word_1_554' title='bbox 2962 4466 3084 4529; x_wconf 91' lang='lat' dir='ltr'>hoc</span> <span class='ocrx_word' id='word_1_555' title='bbox 3123 4485 3316 4549; x_wconf 91' lang='lat' dir='ltr'>opere</span> <span class='ocrx_word' id='word_1_556' title='bbox 3357 4476 3578 4532; x_wconf 82' lang='lat' dir='ltr'>eontra</span> <span class='ocrx_word' id='word_1_557' title='bbox 3613 4472 3778 4534; x_wconf 91' lang='lat' dir='ltr'>hanc</span> <span class='ocrx_word' id='word_1_558' title='bbox 3824 4474 3965 4554; x_wconf 86' lang='lat' dir='ltr'>ejus</span> 
     </span>
     <span class='ocr_line' id='line_1_85' title="bbox 2461 4564 3862 4649; baseline 0.004 -22"><span class='ocrx_word' id='word_1_559' title='bbox 2461 4564 2842 4645; x_wconf 87' lang='lat' dir='ltr'>positionem</span> <span class='ocrx_word' id='word_1_560' title='bbox 2890 4564 3197 4628; x_wconf 91' lang='lat' dir='ltr'>diffusius</span> <span class='ocrx_word' id='word_1_561' title='bbox 3243 4566 3703 4649; x_wconf 89' lang='lat' dir='ltr'>disputandum</span> <span class='ocrx_word' id='word_1_562' title='bbox 3745 4580 3862 4635; x_wconf 89' lang='lat' dir='ltr'>est.</span> 
     </span>
     <span class='ocr_line' id='line_1_86' title="bbox 2536 4663 3967 4745; baseline 0.006 -20"><span class='ocrx_word' id='word_1_563' title='bbox 2536 4663 2823 4745; x_wconf 91' lang='lat' dir='ltr'>Insuper,</span> <span class='ocrx_word' id='word_1_564' title='bbox 2857 4664 2911 4726; x_wconf 92' lang='lat' dir='ltr'>S.</span> <span class='ocrx_word' id='word_1_565' title='bbox 2948 4664 3220 4727; x_wconf 81' lang='lat' dir='ltr'>Thomas</span> <span class='ocrx_word' id='word_1_566' title='bbox 3261 4666 3326 4727; x_wconf 91' lang='lat' dir='ltr'>in</span> <span class='ocrx_word' id='word_1_567' title='bbox 3367 4666 3488 4729; x_wconf 91' lang='lat' dir='ltr'>hoc</span> <span class='ocrx_word' id='word_1_568' title='bbox 3517 4669 3779 4734; x_wconf 86' lang='lat' dir='ltr'>Averroi</span> <span class='ocrx_word' id='word_1_569' title='bbox 3815 4688 3967 4733; x_wconf 87' lang='lat' dir='ltr'>eon-</span> 
     </span>
     <span class='ocr_line' id='line_1_87' title="bbox 2457 4761 3964 4847; baseline 0.006 -24"><span class='ocrx_word' id='word_1_570' title='bbox 2457 4762 2680 4824; x_wconf 89' lang='lat' dir='ltr'>formis</span> <span class='ocrx_word' id='word_1_571' title='bbox 2740 4769 2857 4834; x_wconf 88' lang='lat' dir='ltr'>est,</span> <span class='ocrx_word' id='word_1_572' title='bbox 2917 4761 3070 4845; x_wconf 86' lang='lat' dir='ltr'>quia</span> <span class='ocrx_word' id='word_1_573' title='bbox 3140 4763 3298 4826; x_wconf 88' lang='lat' dir='ltr'>dicit</span> <span class='ocrx_word' id='word_1_574' title='bbox 3365 4768 3722 4829; x_wconf 89' lang='lat' dir='ltr'>secundum</span> <span class='ocrx_word' id='word_1_575' title='bbox 3783 4788 3964 4847; x_wconf 79' lang='lat' dir='ltr'>men-</span> 
     </span>
    </p>
   </div>
   <div class='ocr_carea' id='block_1_16' title="bbox 2452 4860 3965 4930">
    <p class='ocr_par' dir='ltr' id='par_1_17' title="bbox 2452 4860 3965 4930">
     <span class='ocr_line' id='line_1_88' title="bbox 2452 4860 3965 4930; baseline 0.006 -9"><span class='ocrx_word' id='word_1_576' title='bbox 2452 4868 2580 4921; x_wconf 93' lang='lat' dir='ltr'>tem</span> <span class='ocrx_word' id='word_1_577' title='bbox 2641 4860 2996 4923; x_wconf 84' lang='lat' dir='ltr'>Aristotelis</span> <span class='ocrx_word' id='word_1_578' title='bbox 3051 4862 3332 4924; x_wconf 88' lang='lat' dir='ltr'>animam</span> <span class='ocrx_word' id='word_1_579' title='bbox 3394 4865 3541 4927; x_wconf 90' lang='lat' dir='ltr'>coeli</span> <span class='ocrx_word' id='word_1_580' title='bbox 3599 4866 3806 4929; x_wconf 90' lang='lat' dir='ltr'>solum</span> <span class='ocrx_word' id='word_1_581' title='bbox 3872 4868 3965 4930; x_wconf 90' lang='lat' dir='ltr'>in·</span> 
     </span>
    </p>
   </div>
   <div class='ocr_carea' id='block_1_17' title="bbox 841 4959 3962 5044">
    <p class='ocr_par' dir='ltr' id='par_1_18' title="bbox 841 4959 3962 5044">
     <span class='ocr_line' id='line_1_89' title="bbox 841 4959 3962 5044; baseline 0.001 -21"><span class='ocrx_word' id='word_1_582' title='bbox 841 4962 1047 5044; x_wconf 88' lang='lat' dir='ltr'>priam</span> <span class='ocrx_word' id='word_1_583' title='bbox 1105 4960 1605 5024; x_wconf 86' lang='lat' dir='ltr'>subsistentiam.</span> <span class='ocrx_word' id='word_1_584' title='bbox 1661 4962 1751 5024; x_wconf 84' lang='lat' dir='ltr'>Ex</span> <span class='ocrx_word' id='word_1_585' title='bbox 1810 4962 1929 5025; x_wconf 91' lang='lat' dir='ltr'>hoc</span> <span class='ocrx_word' id='word_1_586' title='bbox 1988 4963 2143 5025; x_wconf 91' lang='lat' dir='ltr'>moti</span> <span class='ocrx_word' id='word_1_587' title='bbox 2194 4971 2344 5025; x_wconf 90' lang='lat' dir='ltr'>sunt</span> <span class='ocrx_word' id='word_1_588' title='bbox 2449 4959 2880 5021; x_wconf 88' lang='lat' dir='ltr'>tellectualem</span> <span class='ocrx_word' id='word_1_589' title='bbox 2943 4978 3121 5039; x_wconf 84' lang='lat' dir='ltr'>esse3</span> <span class='ocrx_word' id='word_1_590' title='bbox 3181 4960 3291 5022; x_wconf 91' lang='lat' dir='ltr'>sed</span> <span class='ocrx_word' id='word_1_591' title='bbox 3355 4961 3421 5023; x_wconf 92' lang='lat' dir='ltr'>in</span> <span class='ocrx_word' id='word_1_592' title='bbox 3485 4962 3608 5027; x_wconf 92' lang='grc'><strong>1106</strong></span> <span class='ocrx_word' id='word_1_593' title='bbox 3662 4965 3962 5029; x_wconf 88' lang='lat' dir='ltr'>dissentit</span> 
     </span>
    </p>
   </div>
   <div class='ocr_carea' id='block_1_18' title="bbox 838 5059 2342 5341">
    <p class='ocr_par' dir='ltr' id='par_1_19' title="bbox 838 5059 2342 5341">
     <span class='ocr_line' id='line_1_90' title="bbox 843 5059 2342 5143; baseline 0.001 -21"><span class='ocrx_word' id='word_1_594' title='bbox 843 5060 1028 5122; x_wconf 88' lang='lat' dir='ltr'>multi</span> <span class='ocrx_word' id='word_1_595' title='bbox 1080 5059 1667 5141; x_wconf 89' lang='lat' dir='ltr'>Peripateticorum,</span> <span class='ocrx_word' id='word_1_596' title='bbox 1715 5067 1941 5143; x_wconf 88' lang='lat' dir='ltr'>utputa</span> <span class='ocrx_word' id='word_1_597' title='bbox 1988 5061 2342 5124; x_wconf 82' lang='lat' dir='ltr'>Alexander</span> 
     </span>
     <span class='ocr_line' id='line_1_91' title="bbox 840 5159 2337 5242; baseline 0.001 -20"><span class='ocrx_word' id='word_1_598' title='bbox 840 5167 904 5222; x_wconf 89' lang='lat' dir='ltr'>et</span> <span class='ocrx_word' id='word_1_599' title='bbox 933 5159 1339 5241; x_wconf 78' lang='lat' dir='ltr'>PorphyriuS,</span> <span class='ocrx_word' id='word_1_600' title='bbox 1372 5160 1696 5222; x_wconf 88' lang='lat' dir='ltr'>Avicenna</span> <span class='ocrx_word' id='word_1_601' title='bbox 1725 5168 1788 5222; x_wconf 91' lang='lat' dir='ltr'>et</span> <span class='ocrx_word' id='word_1_602' title='bbox 1816 5160 2088 5240; x_wconf 83' lang='lat' dir='ltr'>Algazel,</span> <span class='ocrx_word' id='word_1_603' title='bbox 2122 5167 2186 5222; x_wconf 89' lang='lat' dir='ltr'>et</span> <span class='ocrx_word' id='word_1_604' title='bbox 2226 5162 2337 5242; x_wconf 92' lang='lat' dir='ltr'>qui</span> 
     </span>
     <span class='ocr_line' id='line_1_92' title="bbox 838 5256 2334 5341; baseline -0.001 -19"><span class='ocrx_word' id='word_1_605' title='bbox 838 5277 947 5322; x_wconf 87' lang='lat' dir='ltr'>eos</span> <span class='ocrx_word' id='word_1_606' title='bbox 974 5264 1352 5341; x_wconf 89' lang='lat' dir='ltr'>sequuntur,</span> <span class='ocrx_word' id='word_1_607' title='bbox 1381 5256 1461 5317; x_wconf 87' lang='lat' dir='ltr'>ad</span> <span class='ocrx_word' id='word_1_608' title='bbox 1502 5258 1869 5337; x_wconf 90' lang='lat' dir='ltr'>ponendum</span> <span class='ocrx_word' id='word_1_609' title='bbox 1909 5258 2079 5339; x_wconf 89' lang='lat' dir='ltr'>quod</span> <span class='ocrx_word' id='word_1_610' title='bbox 2120 5258 2334 5321; x_wconf 89' lang='lat' dir='ltr'>anima</span> 
     </span>
    </p>
   </div>
   <div class='ocr_carea' id='block_1_19' title="bbox 2444 5057 3956 5325">
    <p class='ocr_par' dir='ltr' id='par_1_20' title="bbox 2444 5057 3956 5325">
     <span class='ocr_line' id='line_1_93' title="bbox 2449 5057 3956 5139; baseline 0.005 -20"><span class='ocrx_word' id='word_1_611' title='bbox 2449 5077 2484 5119; x_wconf 88' lang='lat' dir='ltr'>a</span> <span class='ocrx_word' id='word_1_612' title='bbox 2543 5057 3073 5131; x_wconf 77' lang='lat' dir='ltr'>commentatore,</span> <span class='ocrx_word' id='word_1_613' title='bbox 3134 5059 3305 5139; x_wconf 89' lang='lat' dir='ltr'>quod</span> <span class='ocrx_word' id='word_1_614' title='bbox 3371 5059 3528 5121; x_wconf 87' lang='lat' dir='ltr'>dicit</span> <span class='ocrx_word' id='word_1_615' title='bbox 3598 5064 3956 5126; x_wconf 91' lang='lat' dir='ltr'>secundum</span> 
     </span>
     <span class='ocr_line' id='line_1_94' title="bbox 2446 5155 3955 5243; baseline 0.005 -25"><span class='ocrx_word' id='word_1_616' title='bbox 2446 5156 2902 5237; x_wconf 89' lang='lat' dir='ltr'>Philosophum</span> <span class='ocrx_word' id='word_1_617' title='bbox 2933 5155 3126 5218; x_wconf 86' lang='lat' dir='ltr'>talem</span> <span class='ocrx_word' id='word_1_618' title='bbox 3157 5156 3440 5221; x_wconf 89' lang='lat' dir='ltr'>animam</span> <span class='ocrx_word' id='word_1_619' title='bbox 3483 5160 3654 5222; x_wconf 87' lang='lat' dir='ltr'>uniri</span> <span class='ocrx_word' id='word_1_620' title='bbox 3699 5164 3955 5243; x_wconf 86' lang='lat' dir='ltr'>corpori</span> 
     </span>
     <span class='ocr_line' id='line_1_95' title="bbox 2444 5254 3953 5325; baseline 0.005 -8"><span class='ocrx_word' id='word_1_621' title='bbox 2444 5255 2796 5317; x_wconf 91' lang='lat' dir='ltr'>secundum</span> <span class='ocrx_word' id='word_1_622' title='bbox 2857 5254 3280 5320; x_wconf 86' lang='lat' dir='ltr'>substantiam</span> <span class='ocrx_word' id='word_1_623' title='bbox 3349 5276 3531 5321; x_wconf 87' lang='lat' dir='ltr'>suam</span> <span class='ocrx_word' id='word_1_624' title='bbox 3590 5258 3756 5321; x_wconf 90' lang='lat' dir='ltr'>sieut</span> <span class='ocrx_word' id='word_1_625' title='bbox 3824 5261 3953 5325; x_wconf 85' lang='lat' dir='ltr'>for·</span> 
     </span>
    </p>
   </div>
   <div class='ocr_carea' id='block_1_20' title="bbox 4237 0 4257 1343">
    <p class='ocr_par' dir='ltr' id='par_1_21' title="bbox 4237 0 4257 1343">
     <span class='ocr_line' id='line_1_96' title="bbox 4237 0 4257 1343; baseline 0 0"><span class='ocrx_word' id='word_1_626' title='bbox 4237 0 4257 1343; x_wconf 95' lang='lat' dir='ltr'> </span> 
     </span>
    </p>
   </div>
   <div class='ocr_carea' id='block_1_21' title="bbox 4241 2618 4251 3285">
    <p class='ocr_par' dir='ltr' id='par_1_22' title="bbox 4241 2618 4251 3285">
     <span class='ocr_line' id='line_1_97' title="bbox 4241 2618 4251 3285; baseline 0 0"><span class='ocrx_word' id='word_1_627' title='bbox 4241 2618 4251 3285; x_wconf 95' lang='lat' dir='ltr'> </span> 
     </span>
    </p>
   </div>
   <div class='ocr_carea' id='block_1_22' title="bbox 4222 2618 4271 6212">
    <p class='ocr_par' dir='ltr' id='par_1_23' title="bbox 4222 2618 4271 6212">
     <span class='ocr_line' id='line_1_98' title="bbox 4222 2618 4271 6212; baseline 0 0"><span class='ocrx_word' id='word_1_628' title='bbox 4222 2618 4271 6212; x_wconf 95' lang='lat' dir='ltr'> </span> 
     </span>
    </p>
   </div>
  </div>
 </body>
</html>
