4300 6259
903 543 1328 593 nmmum
1367 544 1827 593 Pultosormm.
1873 563 1948 575 ·-
1993 546 2072 593 DE
2113 546 2545 595 HBTAPHYsmA
2584 548 2889 596 GENERALI
3370 534 3450 598 35

343 732 420 775 ex
451 712 778 777 similibus
818 714 1058 777 similia
1097 732 1475 798 procreans3
1507 722 1578 777 ut
1611 722 1708 777 est
1744 714 1842 776 vis
1870 713 1922 777 A
1953 723 2081 797 pta,
2115 716 2181 777 in
2214 715 2515 780 virtutem
2559 717 3080 791 intellectualem,
3116 716 3446 791 moralem,

341 812 725 891 generativa.
768 813 1000 886 Quarto
1040 813 1359 895 accipitur
1405 830 1522 895 pro
1569 812 1842 875 naturali
1951 814 2340 877 cardinalem
2399 815 2951 898 theologicamque
3000 816 3329 890 dividitur,
3382 822 3455 877 ut

343 927 456 971 seu
527 909 741 973 innata
809 910 1246 985 inclinatione,
1307 911 1678 993 operatione
1735 918 1846 973 aut
1952 910 2118 975 infra
2162 911 2555 975 tractabitur.
2592 914 2845 987 Quarto,
2879 913 3244 996 specialiter
3280 914 3451 997 capi-

345 1006 730 1089 proprietate
765 1024 779 1069 :
813 1008 980 1070 sicut
1009 1016 1234 1071 natura
1275 1009 1568 1089 gravium
1610 1008 1846 1071 dicitur
1951 1018 2056 1071 tur
2100 1028 2215 1093 pro
2260 1010 2634 1074 fortitudine
2681 1031 2821 1094 quae
2866 1020 2963 1075 est
3002 1012 3207 1075 virtus
3254 1012 3453 1074 cardi-

347 1104 497 1166 ferri
528 1104 850 1180 deorsum,
884 1114 948 1169 et
979 1114 1204 1169 natura
1235 1106 1473 1169 levium
1516 1107 1668 1169 ferri
1709 1124 1846 1169 sur·
1951 1108 2114 1171 nalis
2149 1126 2164 1170 :
2198 1117 2268 1171 ut
2298 1128 2497 1191 quum
2533 1110 2599 1171 in
2631 1109 2797 1172 libro
2826 1110 3165 1192 Sapientiae
3195 1109 3447 1191 legitur,

345 1212 724 1285 sum,atque
754 1212 980 1267 natura
1011 1204 1314 1267 cholerici
1347 1213 1444 1268 est
1475 1205 1601 1267 cito
1633 1204 1838 1267 irasci.
1953 1207 2121 1289 quod
2182 1208 2321 1289 ipsa
2369 1207 2683 1291 sapientia
2737 1208 3253 1290 temperantiam,
3305 1228 3450 1291 pru·
3480 1229 3742 1287 Sap-aua.

346 1301 579 1374 Quinto
620 1302 1060 1375 determinate,
1095 1310 1284 1385 prout
1323 1303 1390 1366 in
1429 1303 1712 1387 Physicis
1751 1321 1846 1365 re·
1953 1305 2259 1379 dentiam,
2318 1307 2657 1387 justitiam,
2720 1314 2784 1368 et
2840 1306 3168 1379 virtutem,
3232 1305 3296 1368 id
3354 1315 3451 1369 est

347 1401 614 1483 peritur,
649 1408 720 1463 ut
749 1421 948 1483 quum
981 1401 1218 1464 dicitur
1242 1420 1255 1463 :
1281 1402 1516 1465 Natura
1545 1410 1643 1464 est
1668 1402 1842 1485 prin·
1955 1401 2422 1477 fortitudinem,
2492 1404 2695 1467 docet.
2759 1404 3013 1478 Quint0,
3076 1422 3193 1487 pro
3256 1422 3449 1487 opere

347 1498 590 1582 cipium
633 1507 842 1562 motus
883 1508 946 1562 et
989 1500 1225 1582 quietis
1268 1500 1409 1581 ejus
1455 1500 1519 1562 in
1559 1517 1686 1581 quo
1724 1508 1841 1573 est,
1953 1500 2261 1576 virtuoso,
2326 1500 2473 1566 forti
2534 1521 2646 1565 seu
2706 1510 2989 1575 strenuo,
3042 1502 3224 1583 juxta
3288 1503 3449 1565 illud

349 1616 462 1679 per
491 1616 576 1659 se.
601 1598 789 1660 Sexto
819 1598 1372 1673 communissime,
1401 1616 1516 1680 pro
1555 1599 1731 1661 omni
1772 1616 1848 1661 eo
1953 1600 2460 1663 Machabaeorum
2496 1620 2509 1663 ε
2546 1602 2621 1663 Ut
2650 1601 2853 1663 virtus
2882 1600 2961 1663 de
2990 1602 3245 1681 negotio
3283 1602 3453 1682 judi·
3530 1620 3565 1663 ιι
3585 1616 3743 1666 men.

346 1696 516 1778 quod
549 1696 878 1759 intellectu
911 1697 1162 1779 concipi
1205 1705 1434 1779 potest,
1469 1706 1539 1758 ut
1578 1697 1731 1758 dum
1762 1697 1850 1758 ait
1955 1703 2144 1758 caret.
2171 1696 2379 1770 Sext0‚
2410 1714 2525 1780 pro
2556 1716 2745 1759 causa
2776 1697 2967 1759 totius
2997 1705 3227 1760 nostrae
3256 1698 3455 1759 virtu-
3481 1696 3553 1737 ”⁹
3582 1686 3649 1727 ¹⁷·

346 1795 602 1858 Boetius
655 1812 669 1857 :
721 1794 958 1857 Natura
1015 1803 1112 1857 est
1169 1814 1390 1858 earum
1441 1814 1656 1857 rerum
1707 1814 1850 1876 quae
1958 1795 2062 1869 tis,
2105 1795 2274 1857 sicut
2321 1798 2387 1857 in
2436 1796 2685 1859 Psalmo
2732 1796 2963 1876 legitur
2997 1813 3011 1857 ε
3044 1796 3315 1877 Diligam
3367 1804 3451 1871 te,
3483 1810 3747 1861 Panna.

350 1914 550 1976 quum
610 1894 758 1969 sint,
813 1894 1140 1959 intellectu
1200 1896 1651 1977 quoquomodo
1705 1893 1848 1976 capi
1885 1896 1932 1959 B
1963 1894 2252 1967 Domine,
2300 1894 2607 1957 fortitudo
2655 1912 2844 1974 mea3
2898 1894 3007 1957 ubi
3066 1894 3190 1957 alia
3247 1895 3455 1957 littera

353 2000 637 2075 possunt.
672 1992 958 2076 Septimo
997 2012 1114 2077 pro
1152 2012 1558 2077 quacumque
1601 2012 1670 2055 re
1709 2012 1850 2075 quae
1961 1992 2153 2054 habet
2186 2010 2200 2054 :
2234 1992 2505 2073 Diligam
2554 1999 2638 2066 te,
2694 1993 2982 2067 Domine,
3026 1993 3229 2055 virtus
3288 2012 3451 2056 mea.

350 2091 452 2153 vel
483 2109 670 2173 agere
700 2100 908 2174 potest
939 2092 1036 2155 vel
1073 2092 1201 2175 pati
1229 2101 1330 2155 :et
1362 2094 1454 2155 sic
1485 2100 1616 2155 tam
1647 2090 1853 2154 forma
1962 2091 2267 2173 Septim0,
2300 2109 2416 2173 pro
2445 2090 2707 2173 speciali
2740 2091 2934 2155 choro
2978 2101 3043 2154 et
3084 2091 3307 2155 ordine
3350 2111 3459 2155 an·

352 2209 544 2272 quam
589 2190 856 2253 materia
897 2191 1267 2253 nominatur
1309 2199 1554 2254 natura.

431 2290 768 2372 Quumque
799 2288 1086 2352 naturale
1131 2309 1168 2352 a
1211 2298 1439 2353 natura
1481 2308 1714 2353 nomen
1755 2308 1854 2351 ac-

354 2389 618 2471 ceperit,
679 2396 888 2470 potest
945 2388 1232 2452 naturale
1300 2396 1392 2452 tot
1461 2390 1665 2453 modis
1724 2387 1851 2450 dici

355 2495 510 2569 quot
541 2496 788 2561 natura,
821 2495 976 2569 puta
1005 2488 1176 2570 quod
1205 2487 1398 2550 alicui
1431 2488 1734 2551 convenit
1777 2505 1853 2549 ex

355 2605 470 2649 sua
499 2593 746 2659 natura,
775 2594 886 2649 aut
913 2604 990 2649 ex
1022 2586 1238 2649 innata
1276 2586 1714 2669 dispositione,
1746 2591 1858 2648 aut

355 2703 392 2746 a
424 2684 763 2748 creationis
792 2684 1074 2748 exordio.
1107 2686 1348 2749 Rursus
1379 2693 1642 2748 vocatur
1680 2692 1860 2747 natu-

358 2782 510 2856 rale,
552 2782 724 2865 quod
771 2782 980 2863 agitur
1027 2790 1136 2845 aut
1177 2783 1465 2865 procedit
1501 2782 1856 2845 secundum

361 2899 644 2953 cursum,
689 2881 894 2963 legem
945 2882 1320 2945 ordinemve
1369 2889 1628 2944 naturae.
1670 2880 1858 2943 Natu-

363 2980 516 3043 ralia
546 2999 769 3043 rursus
800 2980 1120 3055 dicuntur,
1154 2982 1232 3044 de
1262 2981 1500 3063 quibus
1539 2980 1860 3044 naturales

361 3097 473 3141 seu
518 3079 798 3163 physicae
840 3085 1112 3142 tractant
1152 3079 1453 3143 scientiae.

701 3287 1222 3353 PROPOSITIO
1268 3288 1520 3351 XVIII.

443 3472 720 3539 Virtus
765 3471 1114 3537 sumitur
1159 3469 1445 3537 multis
1493 3470 1768 3537 modis.

443 3571 656 3634 Primo
707 3587 986 3650 namque
1035 3568 1351 3649 accipitur
1404 3586 1520 3649 pro
1577 3575 1866 3631 extremo

368 3688 479 3731 seu
539 3668 819 3731 maximo
876 3667 954 3729 de
1010 3666 1316 3748 potentia,
1381 3673 1450 3727 ut
1517 3684 1718 3748 quum
1775 3666 1864 3728 ait

365 3765 784 3847 Philosophus
837 3782 852 3827 ε
901 3764 1116 3826 Virtus
1165 3764 1256 3827 rei
1316 3771 1620 3847 pensatur
1670 3782 1866 3846 penes

365 3863 718 3927 maximum
771 3863 836 3925 in
886 3862 1052 3944 quod
1105 3868 1332 3944 potest.
1383 3862 1698 3936 Secundo,
1751 3880 1868 3944 pro

365 3964 574 4027 activa
603 3962 886 4045 potentia
915 3978 1028 4023 seu
1060 3960 1332 4023 naturali
1365 3960 1600 4041 vigore.
1634 3960 1866 4043 Sicque

369 4064 434 4125 in
474 4062 651 4125 omni
693 4080 759 4125 re
803 4067 1014 4123 creata
1057 4067 1384 4141 ponuntur
1427 4059 1723 4134 essentia,
1757 4079 1866 4143 po-

367 4162 589 4237 tentia,
620 4161 786 4223 actio
821 4177 835 4222 :
868 4166 932 4222 et
961 4158 1128 4221 sicut
1157 4158 1319 4220 nihil
1351 4166 1449 4221 est
1487 4176 1716 4239 expers
1759 4178 1866 4221 na-

1961 2190 2252 2271 gelorum
2295 2190 2407 2272 qui
2449 2190 2861 2273 appellantur
2900 2190 3198 2253 Virtutes,

2332 2401 2852 2466 PROPOSITIO
2898 2401 3085 2465 XIX.

2045 2584 2417 2651 Mensura
2453 2585 2877 2666 aliquando
2915 2587 3461 2654 transcenden-

1965 2684 2090 2750 ter
2129 2683 2547 2765 accipitur.

2047 2782 2225 2855 Quod
2256 2788 2371 2855 est,
2406 2782 2557 2863 quia
2590 2782 2655 2843 in
2689 2782 2863 2845 omni
2908 2801 3141 2863 genere
3183 2802 3257 2845 ac
3300 2782 3465 2847 ordi·

1969 2898 2070 2952 ne,
2105 2879 2388 2961 primum
2419 2879 2655 2941 dicitur
2684 2898 2822 2943 esse
2854 2899 3151 2943 mensura
3179 2899 3252 2943 ac
3285 2899 3467 2961 regu-

1971 2977 2028 3041 la
2085 2977 2511 3041 secundorum
2573 2997 2647 3041 ac
2704 2986 3061 3042 ceterorum
3120 2979 3186 3042 in
3242 2979 3465 3043 ordine

1895 3076 2080 3143 Cillo
2131 3094 2146 3138 :
2198 3077 2351 3158 quia
2405 3076 2843 3139 certificantur
2899 3085 2962 3139 et
3018 3086 3469 3141 mensurantur

1970 3193 2086 3257 per
2123 3174 2405 3256 primum
2452 3174 2631 3237 illud.
2666 3174 2908 3256 Nempe
2949 3193 3077 3257 quo
3120 3175 3214 3238 illi
3258 3177 3467 3259 primo

1970 3272 2213 3336 fuerint
2241 3273 2553 3337 viciniora
2582 3280 2645 3335 et
2674 3273 3007 3348 similiora,
3040 3292 3117 3336 eo
3147 3274 3213 3337 in
3244 3275 3467 3337 ordine

1971 3371 2083 3435 illo
2112 3379 2263 3434 sunt
2292 3371 2691 3455 perfectiora.
2726 3371 2957 3454 Sicque
2987 3372 3240 3436 Creator
3268 3374 3470 3435 omni-

1973 3476 2199 3552 potens
2236 3470 2472 3532 dicitur
2511 3470 2951 3534 universorum
2994 3488 3310 3533 mensura.
3354 3472 3469 3534 De-

1974 3568 2122 3631 inde
2154 3586 2455 3631 mensura
2484 3567 2564 3630 ad
2594 3569 3014 3650 quantitatem
3049 3571 3248 3651 magis
3277 3570 3471 3652 perti-

1975 3684 2126 3728 nere
2174 3666 2448 3739 videtur,
2499 3684 2699 3747 quum
2748 3674 2813 3729 et
2860 3674 3116 3749 tempus
3174 3686 3475 3730 mensura

1973 3764 2427 3847 temporalium
2458 3782 2674 3827 rerum
2712 3772 2987 3827 vocetur.
3021 3763 3227 3847 Atque
3272 3772 3343 3827 ut
3380 3765 3474 3827 di-

1975 3881 2159 3925 versa
2188 3870 2641 3925 mensurentur
2666 3880 2741 3925 ac
2772 3862 3209 3925 certificentur
3248 3864 3470 3927 eadem

1977 3979 2297 4035 mensura,
2348 3968 2599 4043 oportet
2645 3980 2785 4023 eam
2836 3962 3185 4025 consistere
3234 3960 3474 4025 unifor—

1976 4079 2167 4123 mem.
2228 4060 2457 4122 AEvum
2529 4076 2703 4133 vere,
2772 4060 2941 4141 quod
3013 4068 3469 4142 perpetuorum

1973 4166 2036 4222 et
2085 4165 2519 4241 separatarum
2566 4156 3066 4221 substantiarum
3115 4158 3475 4241 appellatur

368 4260 592 4325 taralis
623 4268 688 4323 et
712 4259 986 4343 propriae
1016 4256 1404 4341 operationis
1434 4265 1545 4319 aut
1571 4258 1863 4333 actioniS,
1895 4260 1944 4325 D
1977 4275 2298 4331 mensura,
2342 4256 2605 4319 alterius
2641 4263 2739 4319 est
2777 4262 3037 4319 naturae.
3080 4256 3239 4320 Sunt
3277 4258 3471 4321 etiam

368 4360 554 4424 aliter
583 4358 662 4422 ad
690 4359 890 4421 finem
933 4376 1064 4421 suae
1094 4355 1516 4419 institutionis
1555 4372 1682 4419 non
1724 4374 1865 4439 pos-

371 4466 467 4523 set
523 4457 926 4540 pertingere;
977 4455 1070 4517 sic
1127 4454 1306 4517 nulla
1353 4472 1454 4517 res
1504 4472 1734 4537 expers
1773 4463 1870 4519 est

372 4555 678 4621 naturalis
715 4554 1051 4636 cujusdam
1090 4553 1390 4636 potentiae
1428 4572 1541 4618 seu
1587 4554 1863 4617 virtutis.

369 4655 604 4729 Tertio,
653 4671 768 4736 pro
817 4652 1036 4714 habitu
1097 4653 1404 4727 virtuose,
1456 4670 1584 4734 quo
1630 4653 1870 4715 vivitur

372 4754 538 4817 bene
565 4761 629 4816 et
659 4751 1062 4815 laudabiliter
1089 4751 1298 4831 agitur
1321 4769 1336 4830 ;
1371 4759 1434 4813 et
1475 4750 1561 4814 ita
1589 4768 1870 4815 commu-

373 4854 541 4915 niter
581 4852 850 4934 capitur,
897 4858 1088 4931 atque
1147 4850 1214 4911 in
1273 4848 1441 4912 libro
1499 4849 1868 4913 Ethicorum

373 4949 682 5014 definitur
716 4966 730 5010 ε
763 4949 978 5011 Virtus
1009 4955 1109 5010 est
1135 4966 1278 5029 quae
1309 4946 1648 5009 habentem
1678 4948 1870 5030 perfi-

373 5051 484 5123 cit,
517 5056 582 5111 et
619 5065 780 5130 opus
811 5048 952 5127 ejus
990 5046 1230 5109 bonum
1269 5045 1518 5125 reddit;
1550 5046 1867 5128 itemque:

375 5148 590 5211 Virtus
634 5154 732 5210 est
774 5145 1031 5209 habitus
1081 5144 1514 5207 intellectivus
1555 5144 1622 5207 in
1662 5145 1874 5209 medio

377 5246 753 5319 consistens,
803 5252 969 5323 etc.;
1019 5244 1190 5325 quod
1249 5251 1463 5306 tamen
1521 5245 1600 5306 de
1649 5242 1874 5306 morali

376 5346 708 5430 accipitur.
743 5345 978 5407 Verum
1008 5343 1212 5406 virtus
1242 5344 1672 5406 communiter
1701 5362 1872 5406 sum-

1975 4357 2244 4420 diversae
2281 4354 2639 4437 corporales
2680 4373 2995 4419 mensurae
3026 4355 3106 4418 ad
3144 4374 3325 4419 suam
3370 4375 3469 4420 ca·-

1975 4455 2281 4538 tegoriam
2327 4461 2705 4536 spectantes.

2367 4662 2886 4729 PROPOSITIO
2930 4662 3085 4727 XX.

2070 4850 2356 4916 Forma
2422 4864 2469 4915 a
2534 4848 2943 4915 formando
3011 4850 3152 4915 aut
3226 4844 3473 4915 infor-

1977 4949 2266 5015 mando
2308 4961 2595 5014 nomen
2634 4946 2963 5027 accepit.

2062 5045 2221 5109 Hinc
2250 5043 2486 5127 duplex
2528 5052 2625 5107 est
2661 5043 2887 5118 forma,
2922 5052 3077 5127 puta
3108 5062 3121 5107 :
3153 5044 3353 5109 forma
3382 5044 3475 5110 fo-

1983 5145 2069 5206 ris
2101 5160 2389 5218 manenS,
2423 5161 2535 5205 seu
2575 5159 2865 5206 seorsum
2904 5150 2970 5204 et
2996 5144 3339 5226 separatim
3370 5163 3475 5207 ex-

1983 5242 2215 5305 sistens
2270 5248 2447 5304 extra
2505 5240 2570 5302 id
2619 5241 2789 5324 quod
2849 5239 3080 5304 format
3107 5258 3123 5321 ;
3170 5243 3474 5325 quemad·

1988 5342 2250 5405 modum
2294 5340 2501 5403 forma
2545 5338 2739 5420 sigilli
2781 5346 3112 5422 permanet
3158 5340 3224 5404 in
3264 5341 3475 5427 sigillo
