4300 6259
1029 517 1452 565 nmmum
1493 514 1952 563 Puttosopch.
2000 532 2078 545 -·
2123 514 2201 563 08
2243 516 2443 563 Armua
2484 517 2815 565 nummu
3396 498 3475 563 57

371 688 514 752 tiale
543 708 692 753 esse
719 690 950 755 animai
979 689 1306 754 rationalis
1335 696 1466 751 tam
1497 687 1868 763 fecundum,
1901 682 1954 749 A
1984 686 2361 769 parificatur
2398 689 2587 753 modo
2626 688 2879 753 essendi
2918 706 2931 751 :
2968 689 3131 763 ideo,
3172 688 3341 753 sicut
3386 708 3483 754 es·

373 787 694 851 excellens
753 798 818 853 et
871 790 1136 871 plenum
1195 796 1312 863 est,
1375 796 1445 851 ut
1499 795 1567 850 et
1621 785 1872 869 corpori

373 888 908 961 communicetur,
927 896 992 950 et
1020 888 1176 949 illud
1207 886 1511 951 essentiet
1538 894 1600 949 et
1631 893 1874 949 susten-

376 993 482 1059 tet,
525 985 842 1059 vivificet,
885 994 1136 1049 moveat
1175 1004 1250 1049 ac
1289 985 1612 1057 informet,
1653 1002 1874 1047 secun-

375 1084 524 1147 dum
555 1084 730 1166 quod
763 1083 1096 1147 inferiores
1127 1083 1362 1147 formas
1405 1083 1764 1147 virtualiter
1807 1082 1871 1144 in

377 1201 442 1246 se
470 1182 942 1265 complectitur,
973 1184 1258 1247 continet
1285 1190 1349 1245 et
1379 1181 1668 1246 includit.
1702 1181 1754 1243 N
1761 1180 1874 1243 ihi-

379 1282 438 1345 lo
467 1282 705 1357 minus,
737 1282 802 1346 in
833 1290 1144 1365 quantum
1177 1280 1694 1345 intellectualiter
1722 1280 1876 1343 vita-

380 1382 456 1455 le,
487 1390 552 1445 et
579 1400 730 1445 cum
761 1380 1070 1463 separatis
1108 1381 1482 1444 substantiis
1511 1379 1752 1444 habens
1783 1380 1874 1442 in-

377 1480 874 1544 tellectualitatis
913 1480 1331 1554 consortium,
1373 1480 1440 1543 in
1485 1498 1554 1542 se
1597 1478 1872 1542 liberum

379 1587 728 1662 permanet,
765 1579 1122 1643 subsistens
1159 1598 1232 1642 ac
1271 1586 1654 1662 separatum.
1687 1576 1874 1640 Nem·

379 1697 456 1761 pe
515 1678 582 1739 id
629 1678 827 1760 exigit
884 1678 1378 1741 venustissimus
1433 1677 1590 1741 ordo
1649 1675 1870 1739 mundi

375 1784 565 1859 atque
595 1776 1028 1859 pulcherrima
1056 1794 1270 1839 rerum
1301 1774 1636 1849 connexio,
1669 1782 1740 1837 ut
1777 1774 1874 1837 in-

1983 805 2052 850 se
2089 787 2321 851 animae
2360 787 2687 851 rationalis
2726 796 3035 870 quantum
3086 788 3165 852 ad
3213 789 3481 871 gradum

1985 904 2174 949 suum
2228 906 2626 970 supremum,
2678 896 2775 951 est
2834 887 3109 951 liberum
3169 896 3235 950 et
3292 906 3485 971 super

1985 986 2271 1069 corporis
2300 986 2735 1049 exsistentiam
2768 987 3107 1061 elevatum,
3132 985 3485 1050 subsistens

1985 1092 2048 1148 et
2079 1092 2253 1147 stans
2294 1084 2357 1147 in
2401 1103 2509 1163 se;
2542 1086 2635 1148 sic
2676 1086 2843 1149 actio
2885 1086 3115 1149 animae
3158 1084 3483 1148 rationalis

1985 1184 2193 1266 quoad
2224 1184 2489 1265 gradum
2521 1204 2711 1247 suum
2742 1184 3149 1257 diviniorem,
3184 1183 3485 1247 videlicet

1985 1284 2264 1365 cognitio
2296 1283 2701 1357 intellectiva,
2736 1283 3191 1365 contemplatio
3222 1301 3381 1365 pura
3420 1289 3484 1345 et

1985 1380 2303 1455 intuitiva,
2347 1400 2473 1445 non
2506 1381 2765 1453 reflexa,
2799 1389 2895 1445 est
2924 1381 3165 1464 absque
3198 1382 3483 1463 corporis

1985 1479 2437 1543 communione
2475 1488 2539 1543 et
2568 1480 3005 1563 independens
3046 1479 3127 1542 ab
3172 1480 3303 1555 illo,
3338 1498 3485 1543 con-

1983 1578 2215 1641 sistens
2246 1587 2311 1642 et
2340 1598 2603 1643 manens
2634 1580 2699 1641 in
2730 1579 3009 1661 simplici
3043 1586 3274 1642 mente.
3296 1578 3485 1643 Porro

1983 1678 2037 1740 si
2073 1677 2291 1751 insteS‚
2326 1678 2627 1760 quoniam
2660 1677 2999 1741 Aristotele
3030 1684 3212 1752 teste,
3234 1683 3484 1759 oportet

1987 1777 2451 1857 intelligentem
2496 1778 2937 1859 phantasmata
2978 1776 3319 1858 speculari,
3352 1776 3481 1838 imo

379 1882 472 1937 ter
500 1875 738 1939 formas
769 1874 1046 1939 totaliter
1087 1884 1408 1957 separatas
1452 1874 1516 1938 in
1563 1892 1632 1937 se
1672 1872 1870 1937 libere
1905 1868 1956 1933 Β
1983 1876 2203 1939 divino
2231 1882 2296 1938 et
2324 1876 2753 1939 sacratissimo
2790 1876 3091 1958 Dionysio
3130 1882 3481 1959 protestan-

378 1974 816 2046 subsistenteS,
851 1982 919 2035 ut
945 1982 1092 2037 sunt
1127 1973 1582 2055 intelligentiis,
1614 1981 1679 2036 et
1707 1973 1872 2035 inter

378 2072 610 2135 formas
644 2072 972 2135 immersas
1005 2072 1286 2136 materiai
1316 2080 1380 2135 et
1410 2070 1872 2153 inseparabiles

379 2169 457 2232 ab
513 2172 764 2244 eadem,
825 2172 956 2233 sint
1009 2169 1230 2235 formae
1291 2172 1480 2234 modo
1539 2170 1749 2234 medio
1805 2188 1872 2232 se

287 2298 349 2325 ιι.
381 2268 706 2343 habentes,
743 2278 814 2331 ut
843 2276 1082 2332 tactum
1113 2276 1230 2343 est,
1267 2276 1484 2352 utpote
1515 2268 1742 2332 animae
1783 2286 1874 2331 ra-

382 2367 668 2430 tionaleS.

456 2466 910 2529 Verumtamen
966 2466 1182 2530 anima
1237 2465 1382 2529 talis
1439 2466 1752 2529 exsistens
1809 2464 1872 2527 in

377 2583 667 2647 corpore,
719 2582 844 2628 non
895 2565 1152 2648 proprie
1195 2572 1292 2627 est
1341 2582 1632 2648 persona,
1673 2582 1873 2646 quum

375 2664 460 2725 sit
489 2662 932 2727 substantialis
963 2682 1108 2746 pars
1139 2663 1442 2737 hominiS,
1477 2682 1594 2726 nec
1634 2662 1876 2726 habens

371 2780 514 2823 esse
561 2762 828 2824 omnino
877 2763 940 2823 in
991 2781 1060 2824 se
1107 2769 1170 2825 et
1221 2780 1334 2845 per
1379 2781 1448 2825 se
1497 2761 1874 2836 subsisteuS,

371 2860 672 2941 quamvis
701 2858 1008 2924 subsistat
1039 2879 1152 2943 per
1182 2880 1250 2924 se
1281 2861 1496 2943 aliquo
1529 2862 1735 2930 modo,
1759 2861 1880 2924 sic-

373 2965 444 3019 ut
481 2976 858 3040 expressum
899 2967 1014 3021 est.
1049 2959 1401 3041 Propterea,
1433 2959 1604 3041 quod
1635 2960 1692 3023 S.
1729 2960 1876 3023 Gre-

1983 1982 2068 2045 te,
2103 1973 2501 2055 impossibile
2531 1982 2625 2037 est
2656 1973 2841 2037 nobis
2878 1973 3286 2057 resplendere
3324 1973 3481 2035 divi·
3522 1988 3582 2061 no
3602 1988 3770 2033 emim,

1985 2091 2140 2135 num
2198 2072 2471 2144 radium,
2526 2072 2647 2134 nisi
2706 2070 3233 2134 circumvelatum
3284 2070 3479 2133 variis
3538 2064 3615 2093 ’ω’
3660 2066 3727 2095 ·¹·

1983 2171 2371 2253 tegumentis
2398 2171 2802 2234 sensibilium
2843 2170 3233 2249 formarum3
3266 2170 3477 2233 dicen-

1985 2270 2163 2341 dum,
2213 2268 2383 2352 quod
2441 2268 2627 2333 aliter
2679 2268 3095 2349 judicandum
3146 2276 3244 2331 est
3288 2269 3367 2331 de
3416 2286 3483 2329 re

1988 2367 2197 2450 quoad
2256 2386 2445 2431 suum
2507 2368 2864 2441 exordium,
2918 2376 2980 2430 et
3036 2368 3221 2429 aliter
3276 2365 3483 2449 quoad

1987 2484 2177 2529 suum
2248 2483 2637 2548 processum.
2699 2466 3037 2548 Quumque
3104 2463 3489 2528 intellectiva

1991 2574 2206 2629 nostra
2254 2565 2533 2647 cognitio
2578 2584 2615 2627 a
2662 2565 2967 2627 sensitiva
3022 2562 3308 2645 incipiat,
3370 2564 3488 2627 rite

1989 2664 2365 2727 conceditur
2394 2662 2565 2745 quod
2598 2662 3085 2743 intelligentem,
3122 2663 3185 2724 in
3228 2681 3357 2725 suae
3398 2662 3489 2724 in·

1989 2762 2373 2825 tellectionis
2414 2760 2719 2843 primaevo
2758 2761 3017 2823 exordio
3054 2769 3117 2823 et
3158 2761 3221 2823 in
3262 2759 3485 2823 oblito-

1989 2880 2130 2923 rum
2194 2860 2627 2923 recordatione
2684 2878 2757 2922 ac
2816 2877 2979 2922 nova
3047 2859 3484 2926 instructione.

1990 2978 2251 3022 necesse
2294 2958 2377 3021 sit
2418 2958 2735 3041 speculari
2780 2958 3237 3040 phantasmata.
3280 2956 3482 3030 Quum

371 3056 594 3137 gorius
623 3056 972 3140 NyssenuS,
1006 3057 1200 3119 frater
1228 3057 1294 3119 B.
1327 3058 1567 3133 Basilii,
1603 3058 1666 3120 in
1713 3056 1875 3121 libro
1913 3061 1958 3127 C
1989 3065 2201 3120 autem
2247 3056 2582 3119 scientiam
2626 3064 2723 3119 est
2762 3056 3033 3137 adeptus
3080 3062 3143 3119 et
3190 3056 3487 3136 intelligi-

369 3171 492 3217 suo
519 3153 600 3217 de
629 3154 900 3217 Homine
931 3162 1336 3237 protestatur,
1369 3156 1652 3219 animam
1681 3156 1872 3219 etiam

376 3253 441 3315 in
497 3270 766 3336 corpore
823 3254 1278 3317 consistentem
1325 3274 1466 3317 esse
1515 3273 1874 3337 personam,

371 3352 546 3435 quod
581 3350 878 3414 Albcrtus
909 3370 1166 3435 quoque
1195 3351 1426 3434 allegat
1455 3360 1520 3415 et
1547 3352 1874 3436 approbat,

375 3448 841 3513 moderandum
871 3458 1330 3525 censetur,non
1361 3452 1830 3515 extendendum
1861 3468 1876 3513 :

373 3556 442 3611 ut
483 3548 742 3611 dicatur
783 3566 1074 3630 persona,
1109 3548 1280 3629 large
1308 3556 1566 3630 sumpto
1609 3549 1728 3612 hoc
1771 3567 1881 3612 no—

373 3648 576 3718 mine,
621 3646 776 3729 quia
815 3654 912 3709 est
955 3646 1279 3710 rationalis
1321 3648 1618 3721 essentia,
1662 3666 1774 3730 per
1811 3666 1880 3711 se

371 3745 594 3827 aliquo
625 3743 816 3808 modo
843 3744 1218 3807 subsistens.
1237 3745 1560 3809 Postremo
1591 3764 1708 3809 nec
1741 3764 1882 3827 pro-

373 3845 511 3925 prie
585 3862 814 3907 verum
847 3848 990 3916 'est,
1053 3843 1222 3925 quod
1281 3843 1474 3907 homo
1531 3844 1614 3907 sit
1666 3846 1882 3909 anima

371 3942 706 4006 rationalis
744 3948 930 4003 utens
969 3959 1234 4025 corpore
1266 3959 1280 4004 ε
1315 3962 1680 4025 quanquam
1712 3944 1882 4007 Plato

373 4041 434 4104 id
478 4041 742 4114 dixerit,
777 4040 956 4121 Hugo
995 4058 1252 4123 quoque
1293 4042 1372 4105 de
1417 4042 1476 4103 S.
1511 4042 1784 4116 Victore,
1818 4050 1882 4106 et

369 4141 474 4203 alii
507 4126 803 4223 quidam,
835 4146 1188 4202 asserentes
1223 4140 1550 4203 materiam
1585 4160 1710 4205 non
1741 4160 1880 4205 esse

1989 3155 2104 3218 bili
2135 3156 2351 3238 specie
2394 3154 2797 3229 informatuS,
2832 3162 3039 3236 potest
3071 3154 3161 3215 uti
3193 3154 3483 3228 scie-ntia,

1988 3262 2053 3315 et
2079 3253 2415 3317 actualiter
2450 3253 2894 3336 contemplari,
2928 3251 3304 3333 intelligere,
3338 3271 3483 3316 con-

1989 3351 2291 3425 siderare,
2360 3370 2762 3434 nequaquam
2828 3352 2907 3415 ad
2975 3352 3351 3435 phantasma
3418 3370 3485 3413 se

1989 3450 2591 3514 convertendozimo
2622 3451 2740 3513 hoc
2770 3450 3105 3533 puritatem
3136 3448 3488 3531 intelligen-

1991 3550 2094 3613 tiae
2125 3548 2489 3632 impediret,
2522 3549 3209 3632 contemplationisque
3248 3548 3490 3621 clarita,-

1991 3656 2120 3711 tem
2154 3668 2227 3710 ac
2266 3648 2467 3711 aciem
2512 3648 2876 3712 offuscaret.
2912 3648 3198 3730 Denique
3244 3647 3491 3730 species

1991 3746 2102 3809 illa
2145 3744 2570 3827 intelligibilis
2612 3765 2649 3808 a
2698 3746 3137 3809 materialibus
3184 3745 3490 3829 appendi-

1991 3844 2175 3908 cibus
2220 3844 2353 3925 jam
2404 3842 2729 3927 depurata,
2784 3845 2849 3907 in
2898 3843 3259 3907 intellectus
3309 3844 3491 3906 lumi-

1992 3963 2070 4007 ne
2115 3944 2599 4025 conquiescenS,
2641 3942 3043 4005 sufficienter
3084 3950 3493 4025 repraesentat

1993 4061 2181 4105 suum
2246 4042 2573 4123 objectum
2632 4061 2745 4104 seu
2805 4050 3093 4105 naturam
3154 4043 3341 4124 cujus
3394 4050 3491 4105 est

1991 4142 2263 4224 species,
2308 4142 2437 4204 imo
2482 4140 2810 4224 limpidius
2852 4160 3043 4223 quam
3089 4142 3141 4205 si
3182 4144 3257 4205 ad
3294 4143 3489 4225 phan-

369 4238 620 4320 aliquid
651 4236 946 4300 essentiae
985 4236 1074 4299 rei
1103 4237 1430 4300 naturalis.
1465 4238 1668 4302 Homo
1709 4260 1880 4303 nam·
1910 4244 1961 4308 D
1991 4248 2189 4303 tasma
2220 4246 2659 4321 retorqueatur
2692 4256 2707 4301 ε
2740 4257 2891 4321 ergo
2919 4258 3033 4323 per
3064 4242 3267 4323 ipsam
3308 4249 3487 4303 natu-

371 4354 496 4418 que
526 4342 631 4398 est
661 4334 942 4412 animal3
973 4334 1187 4396 anima
1217 4342 1430 4398 autem
1465 4354 1592 4398 non
1623 4345 1720 4399 est
1747 4336 1880 4399 ani-

375 4434 522 4507 mal,
571 4450 780 4516 quum
829 4432 1066 4495 animal
1115 4432 1200 4495 sit
1247 4451 1478 4515 corpus
1525 4434 1878 4499 animatum

371 4532 786 4595 sensitivam.

745 4740 1268 4807 PROPOSITIO
1315 4742 1522 4806 XLV.

451 4930 632 4997 Non
659 4928 792 4995 eet
819 4940 1140 4995 necesse
1169 4926 1575 4996 hominem
1605 4930 1692 4995 tn
1721 4943 1882 4997 om-

371 5028 452 5095 n!
481 5028 684 5097 actu
710 5026 1221 5093 intellecttvo
1250 5025 1722 5107 phantasma
1741 5028 1880 5094 an-

371 5128 580 5207 quod
625 5124 1054 5207 speculan.

448 5224 630 5300 Quod
663 5222 1104 5304 est,quoniam
1133 5241 1320 5303 agere
1349 5224 1640 5306 sequitur
1669 5224 1878 5306 ipsum

371 5340 508 5387 esse
535 5342 574 5385 a
605 5339 742 5405 quo
773 5320 1092 5404 procedit3
1112 5320 1336 5385 modus
1367 5340 1622 5405 quoque
1651 5323 1881 5404 agendi

1995 4357 2062 4401 ra
2113 4338 2537 4421 intelligibilis
2581 4338 2749 4401 clare
2793 4346 2857 4401 et
2899 4338 3303 4403 sufficienter
3346 4358 3489 4403 con·

1992 4438 2283 4519 spicitur,
2319 4439 2857 4519 quemadmodum
2906 4438 2970 4501 in
3015 4458 3089 4501 ca
3132 4441 3285 4503 satis
3330 4460 3487 4523 pure

1994 4536 2255 4599 relucet.
2308 4535 2622 4619 AmpliuS,
2673 4535 3001 4600 sensibilia
3048 4540 3360 4602 exteriora
3408 4540 3489 4603 ab

1995 4634 2407 4698 interioribus
2474 4635 2769 4697 sensibus
2836 4646 3307 4717 cognoscuntur
3378 4658 3491 4722 per

1993 4734 2243 4816 species
2292 4732 2355 4795 in
2409 4732 2821 4796 interioribus
2866 4734 3163 4797 sensibus
3210 4755 3489 4800 reserva-

1995 4840 2110 4903 tas,
2156 4831 2349 4894 etiam
2394 4831 2459 4893 in
2504 4833 2889 4895 exteriorum
2942 4833 3339 4914 objectorum
3387 4836 3491 4898 ab·

1991 4931 2237 5008 sentia3
2290 4948 2405 4993 nec
2457 4947 2618 5013 opus
2674 4938 2771 4993 est
2820 4932 3067 5014 species
3118 4932 3258 4996 illas
3318 4934 3489 4999 intus

1993 5036 2323 5093 contentas
2372 5030 2451 5092 ad
2500 5030 2813 5092 exteriora
2874 5030 3227 5095 reflectere.
3281 5034 3483 5107 Quum

1991 5144 2142 5208 ergo
2210 5126 2457 5209 species
2527 5127 2951 5208 intelligibilis
3020 5128 3085 5191 in
3157 5129 3485 5193 intellectu

1991 5225 2360 5307 persistenS,
2392 5224 2624 5288 clarior
2665 5226 3145 5309 vigorosiorque
3183 5230 3487 5293 consistat

1988 5324 2066 5385 ad
2115 5323 2699 5406 repraesentandum
2758 5344 2948 5388 suum
2994 5325 3323 5409 objectum
3372 5349 3481 5392 seu
