4300 6259
913 450 1036 517 188

913 641 994 706 dc
1037 649 1208 706 terra
1255 640 1496 704 creavit
1540 639 1895 713 hominem,
1946 646 2012 702 et
2055 639 2411 701 secundum
2442 637 2493 702 A
2525 657 2707 701 suam
2750 639 2831 702 ad
2872 639 3074 703 Deum
3117 639 3623 704 conversionem.
3653 641 3746 704 Ita
3784 639 3848 702 hi
3878 637 3989 722 ipsi

915 739 1264 820 imaginem
1301 757 1486 802 suam
1526 739 1682 802 fecit
1721 737 1904 800 illum
1930 755 1948 816 3
1979 737 2195 820 posuit
2230 737 2417 800 timo-

913 856 1052 900 rem
1085 837 1260 898 illius
1289 855 1484 919 super
1511 854 1770 899 omnem
1809 843 2165 898 creaturam
2194 852 2211 912 ;
2242 853 2415 897 crea-

912 936 1006 998 vit
1045 936 1140 998 eis
1179 935 1514 998 scientiam
1557 934 1844 1016 spirituS‚
1883 951 2076 996 sensu
2122 931 2417 1014 implevit

913 1034 1106 1096 corda
1163 1031 1464 1110 illorum3
1515 1032 1760 1095 addidit
1817 1031 1944 1094 illis
2000 1029 2415 1112 disciplinam

912 1131 1200 1214 spiritua,
1231 1138 1298 1194 et
1327 1130 1466 1212 lege
1497 1131 1642 1193 vitae
1672 1129 2054 1193 hereditavit
2083 1129 2247 1191 illos.

993 1230 1280 1311 Denique
1322 1228 1655 1312 paradisus
1701 1227 2044 1300 terrestria,
2089 1246 2291 1309 quum
2332 1228 2416 1290 sit

907 1327 1898 1408 amoenissimuS,pulcherrimus
1927 1333 1992 1388 ct
2020 1326 2417 1407 temperatis·

911 1427 1116 1490 simus
1162 1425 1362 1500 locuS,
1397 1426 1463 1487 in
1508 1443 1636 1508 quo
1677 1443 1798 1488 nec
1842 1431 2253 1506 tempestates
2294 1443 2414 1486 nec

911 1523 1150 1608 pluviae
1183 1531 1594 1606 generantur,
1637 1542 1757 1586 nec
1797 1522 2305 1602 meteorologicae
2340 1521 2415 1584 fi-

909 1630 1030 1685 unt
1078 1621 1557 1705 impressioneS,
1592 1621 1775 1685 valde
1823 1620 2228 1702 competebat
2274 1638 2415 1703 pro-

911 1722 1440 1804 portionatusque
1477 1721 1604 1783 fuit
1645 1721 1872 1804 primis
1921 1720 2295 1802 parentibus
2349 1728 2414 1783 et

909 1819 1286 1882 habitationi
1319 1838 1541 1882 eorum
1579 1838 1594 1881 ε
1627 1821 1778 1901 quia
1809 1820 1872 1881 in
1905 1837 2134 1900 magna
2171 1818 2409 1881 conditi
2439 1823 2486 1884 B
2525 1829 2794 1894 rectum,
2847 1821 2909 1883 id
2969 1828 3068 1883 est
3120 1821 3370 1901 justum
3406 1839 3421 1884 :
3463 1823 3637 1905 quod
3682 1841 3807 1886 non
3852 1822 3997 1885 solet
4024 1807 4075 1845 ³⁰·

909 1927 1092 1980 erant
1135 1918 1366 1981 mentis
1406 1925 1471 1980 et
1509 1918 1886 1981 interiorum
1927 1917 2411 1999 tranquillitate,

911 2023 976 2078 et
1021 2016 1560 2098 temperatissima
1607 2016 1894 2097 corporis
1943 2014 2410 2097 complexione,

911 2133 986 2177 ac
1033 2116 1310 2197 quadam
1359 2115 1856 2188 immortalitate,
1896 2134 2024 2197 qua
2069 2120 2418 2197 potuerunt

913 2230 1042 2275 non
1083 2212 1269 2285 mori,
1302 2213 1356 2274 si
1403 2213 1704 2275 videlicet
1744 2231 1874 2276 non
1920 2219 2275 2295 peccarent.
2311 2212 2415 2275 Sic

912 2311 1156 2393 quippe
1193 2310 1450 2373 fuerant
1486 2311 1780 2386 instituti,
1817 2319 1887 2374 ut
1926 2311 1992 2373 in
2034 2311 2128 2374 eis
2175 2310 2415 2373 malum

912 2427 1122 2492 poenae
1167 2426 1296 2472 non
1344 2410 1734 2491 praecederet
1782 2409 2094 2472 malitiam
2144 2407 2351 2491 culpae
2396 2425 2411 2470 t

911 2508 1066 2590 quia
1113 2525 1242 2570 non
1293 2507 1510 2570 decuit
1566 2508 1857 2571 rationali
1919 2515 2225 2570 creaturae
2285 2514 2415 2569 tam

911 2604 1278 2669 sublimiter
1345 2614 1408 2669 et
1475 2606 2046 2688 supernaturaliter
2111 2605 2417 2668 institutae

913 2703 1124 2786 infligi
1192 2722 1450 2787 poenam
1516 2712 1858 2786 antequam
1915 2703 2229 2766 incideret
2285 2703 2419 2765 cul-

914 2820 1088 2884 pam,
1120 2821 1323 2885 quum
1372 2821 1562 2885 poena
1606 2803 1690 2866 sit
1731 2801 2027 2876 effectuS‚
2071 2821 2317 2865 merces
2355 2809 2421 2863 et

915 2900 1076 2964 ultio
1113 2900 1319 2983 culpae
1359 2901 1426 2962 in
1476 2901 1848 2981 hujusmodi
1899 2907 2207 2963 creatura.
2251 2899 2420 2962 Atta-

917 3017 1065 3061 men
1108 2999 1470 3062 concreatio
1513 2999 1841 3080 originalis
1887 2998 2177 3080 justitiae,
2219 3006 2419 3060 trans·
2450 2995 2497 3061 C
2530 2998 2793 3070 ratione,
2822 2997 3084 3060 rationis
3115 3015 3370 3079 quoque
3400 2997 3521 3060 sub
3554 2998 3853 3063 Creatore.
3876 2998 4006 3061 Haec

914 3097 1068 3160 latio
1107 3097 1172 3158 in
1211 3096 1601 3179 paradisum,
1640 3097 1884 3159 mansio
1926 3104 2056 3158 tam
2105 3096 2418 3178 tranquil-

916 3196 996 3270 la,
1043 3196 1486 3259 immortalitas
1530 3214 1787 3278 quoque
1827 3196 1958 3276 jam
2001 3202 2187 3268 tacta,
2238 3203 2420 3258 erant

916 3294 1418 3376 supernaturalia
1438 3295 1630 3356 dona:
1649 3295 1814 3357 unde
1842 3302 1906 3357 et
1934 3301 2196 3376 >propter
2224 3301 2424 3356 trans·

917 3393 1312 3475 gressionem
1366 3393 1723 3474 primorum
1781 3399 2119 3474 parentum
2172 3391 2421 3454 sublata

919 3496 1070 3552 sunt
1098 3491 1210 3553 cis.
1247 3490 1567 3552 Naturalia
1596 3507 1770 3564 vero,
1806 3490 2101 3571 quamvis
2140 3508 2256 3570 per
2296 3489 2423 3550 cul-

921 3606 1068 3670 pam
1097 3588 1314 3670 aliquo
1345 3589 1532 3651 modo
1561 3588 1870 3650 laedantur
1908 3593 1972 3649 et
2011 3587 2421 3669 indisponan-

919 3693 1046 3756 tur,
1069 3703 1196 3748 non
1226 3693 1436 3747 tamen
1472 3686 1736 3748 omnino
1767 3685 2100 3756 tolluntur,
2126 3703 2327 3766 quum
2359 3693 2422 3746 et

921 3783 986 3844 in
1016 3783 1410 3846 daemonibus
1441 3784 1788 3846 manserint
1819 3783 2172 3863 integra,ut
2198 3792 2425 3865 quarto

921 3882 1202 3963 capitulo
1269 3882 1348 3944 de
1418 3882 1663 3945 Divinis
1719 3880 2092 3944 nominibus
2154 3900 2421 3962 magnus

921 3979 1261 4063 Dionysius
1304 3986 1712 4043 contestatur.

1268 4188 1788 4254 PROPOSITIO
1835 4190 2072 4253 XCVI.

1005 4372 1233 4440 Sicut
1278 4373 1374 4439 de
1423 4373 1756 4453 angens,
1808 4374 1928 4438 lta
1986 4372 2082 4438 de
2135 4369 2424 4451 primis

923 4468 1393 4553 parentibus
1463 4470 1781 4537 diversa
1849 4469 2191 4536 habetur
2257 4472 2423 4550 opi—

921 4573 1082 4652 n10,
1125 4584 1228 4636 an
1271 4569 1362 4634 in
1404 4570 1669 4648 gratia
1715 4570 2041 4647 gratum
2085 4567 2423 4636 faciente

923 4671 1008 4737 et
1047 4668 1381 4736 caritate
1429 4668 1597 4733 sint
1642 4665 1966 4733 condtti.

1004 4766 1181 4842 Quod
1218 4773 1336 4840 est,
1379 4766 1533 4848 quia
1579 4766 1657 4828 de
1703 4765 1948 4846 angelis
1995 4765 2238 4847 opinati
2279 4773 2428 4827 sunt

925 4865 1187 4948 quidam
1220 4865 1432 4945 magni
1465 4863 1778 4937 doctoreS,
1813 4864 1982 4945 quod
2024 4862 2088 4925 in
2129 4863 2429 4925 naturali·

927 4962 1048 5025 bus
1078 4963 1208 5025 sint
1236 4961 1410 5036 facti,
1431 4979 1558 5025 non
1591 4961 1656 5024 in
1689 4960 2285 5044 supernaturalibus
2315 4960 2428 5023 do-

929 5061 1032 5123 nis
1073 5060 1290 5142 gratiae
1333 5067 1585 5141 gratum
1627 5059 1944 5132 facientis„
1986 5067 2178 5141 atque
2220 5058 2429 5140 angeli

934 5158 1364 5240 praedestinati
1394 5176 1469 5220 ea
1497 5158 1722 5221 saltem
1756 5159 1834 5221 de
1863 5174 2144 5239 congruo
2185 5175 2432 5240 prome-

937 5262 1204 5318 ruerunt
1248 5272 1324 5317 ac
1378 5263 1801 5338 susceperunt
1842 5263 1989 5319 ante
2039 5255 2431 5321 meritoriam

1561 465 1984 514 naumann
2025 465 2423 512 motoelm.
2468 483 2551 495 —
2590 466 2669 512 DE:
2709 466 3073 514 cormrrlonss
3112 467 3367 515 nomms

2452 4179 2499 4241 D
2530 4176 2841 4258 gratifica,
2904 4175 3149 4238 caritati
3210 4175 3410 4250 unita,
3471 4196 3615 4258 quae
3673 4178 4018 4240 meritorios

2523 738 2815 802 doctores
2855 758 2930 802 ac
2988 739 3095 801 alii
3152 739 3415 822 quidam
3464 742 3545 803 de
3594 739 3818 823 primis
3860 740 3993 803 scri·

2526 845 2793 919 pserunt
2822 837 3214 921 parentibus.
3230 839 3355 901 Alii
3388 857 3544 902 vero
3573 840 3855 902 doctores
3878 856 3992 902 non

2526 937 2829 1011 minores,
2861 938 3071 1001 testati
3102 944 3251 999 sunt
3291 937 3369 1000 de
3409 938 3721 1021 utrisque,
3752 938 3907 1019 quod
3936 938 3993 998 in

2524 1036 2785 1098 caritate
2835 1044 2899 1099 et
2954 1036 3087 1098 fide
3142 1055 3217 1098 ac
3278 1037 3479 1118 gratia
3524 1037 3655 1100 sint
3703 1036 3990 1119 plasmati.

2524 1134 2651 1196 Nec
2683 1135 2761 1197 de
2793 1135 2891 1198 his
2932 1135 3185 1197 videtur
3225 1135 3365 1197 sine
3408 1134 3795 1198 revelatione
3831 1135 3995 1197 certi-

2522 1232 2679 1294 tudo
2718 1250 2904 1315 posse
2942 1232 3185 1306 haberi,
3224 1233 3350 1295 nisi
3390 1241 3701 1315 quantum
3740 1252 3815 1297 ex
3850 1233 3996 1296 Scri-

2523 1330 2731 1413 pturis
2762 1331 3046 1394 docetur.
3077 1330 3555 1406 Verumtamen,
3589 1331 3891 1414 quidquid
3918 1331 3999 1392 di·

2524 1437 2709 1491 catur
2752 1429 2831 1490 de
2880 1427 3147 1508 angelis,
3195 1429 3274 1491 dc
3323 1429 3583 1492 homine
3634 1428 4000 1512 protoplasto

2523 1526 2761 1588 certius
2791 1543 2937 1588 reor
2961 1544 3037 1589 ac
3067 1526 3305 1600 verina,
3338 1528 3509 1609 quod
3540 1527 3608 1590 in
3646 1527 3841 1609 gratia
3876 1545 3999 1607 gra-

2521 1632 2659 1686 tum
2693 1623 2967 1686 faciente
2996 1624 3307 1687 formatus
3336 1625 3647 1708 sit,quem
3678 1633 3832 1690 teste
3859 1644 3999 1708 prae-

2520 1722 2789 1803 allegata
2856 1723 3195 1804 scriptura,
3259 1723 3425 1786 Deus
3485 1723 3642 1787 fecit
3696 1724 3775 1786 ab
3829 1723 3997 1786 initio
4038 1741 4210 1787 aaa«,

2524 1919 2852 2000 Scriptura
2898 1918 3023 1980 nisi
3072 1919 3152 1981 de
3199 1919 3507 1993 virtuoso,
3548 1920 3891 1995 caritatem,
3928 1920 3995 1981 fi-

2524 2018 2669 2080 dem
2713 2017 3111 2099 gratiamque
3167 2015 3463 2091 habente,
3508 2037 3811 2092 asserere,
3860 2037 3999 2101 prae·

2524 2115 2741 2178 sertim
2776 2133 2977 2196 quum
3015 2115 3228 2195 justus
3271 2133 3349 2178 ex
3393 2116 3527 2178 fide
3568 2117 3761 2191 vivat,
3792 2135 3998 2179 secun·
4027 2137 4221 2184 anm-a

2525 2213 2681 2275 dum
2712 2212 3126 2294 Scripturam.
3162 2213 3250 2276 De
3278 2218 3552 2295 utroque
3580 2215 3771 2277 etiam
3808 2215 3999 2298 primo

2526 2317 2788 2393 parente
2817 2310 3179 2374 communis
3209 2317 3275 2374 et
3304 2329 3571 2374 concors
3594 2311 3875 2375 doctrina
3896 2319 3997 2384 est,

2527 2410 2698 2491 quod
2730 2409 2797 2472 in
2826 2408 3121 2490 originali
3162 2409 3292 2472 sint
3326 2409 3478 2472 facti
3510 2409 3777 2492 justitia.
3806 2410 4002 2474 Nihilo

2528 2507 2744 2571 minus
2773 2506 3295 2570 diversificantur
3323 2507 3495 2570 circa
3521 2508 3645 2572 hoc
3676 2509 4001 2592 ipsum,di-

2527 2614 2742 2669 centes
2792 2606 2961 2688 quod
3010 2605 3248 2688 duplex
3284 2614 3384 2668 est
3416 2606 3670 2688 justitia
3714 2627 3853 2690 quae
3889 2607 4004 2690 pri-

2528 2721 2635 2766 mo
2663 2704 2911 2767 homini
2941 2703 3151 2785 potuit
3179 2703 3522 2766 convenire
3550 2722 3627 2766 ac
3654 2703 4005 2768 tribuituna

2526 2801 2878 2883 originalis,
2912 2801 3269 2863 consistens
3300 2800 3367 2863 in
3397 2800 3614 2865 debito
3644 2802 3864 2866 ordine
3890 2821 4007 2864 car-

2527 2900 2629 2962 nis
2660 2899 2780 2962 sub
2814 2898 3050 2973 anima,
3086 2897 3597 2982 inferiorumque
3625 2901 3855 2963 virium
3899 2899 4007 2962 sub

2525 3096 2774 3178 justitia
2803 3095 3123 3157 ordinavit
3158 3103 3223 3157 et
3262 3094 3643 3159 rectificavit
3681 3097 4007 3160 humanam

2528 3202 2846 3267 naturam,
2868 3212 2945 3255 ex
2974 3193 3193 3255 divina
3222 3193 3623 3257 institutione
3652 3202 3717 3258 et
3744 3195 4008 3258 donatio-

2531 3311 2635 3364 ne,
2673 3292 2739 3354 in
2785 3292 2987 3374 ipsius
3031 3300 3273 3354 naturae
3316 3292 3691 3374 primordio,
3721 3294 3799 3356 ad
3836 3292 4011 3375 perfi-

2530 3391 2830 3453 ciendum
2871 3397 3113 3453 naturae
3154 3391 3497 3472 participes
3540 3408 3554 3452 :
3598 3391 3743 3454 ideo
3779 3392 4012 3473 primus

2530 3489 2721 3552 homo
2751 3489 2803 3550 si
2837 3506 2964 3551 non
2998 3495 3343 3569 peccasset,
3373 3488 3693 3568 justitiam
3738 3490 3917 3552 istam
3953 3490 4009 3551 in

2532 3595 2815 3670 posteros
2845 3585 3313 3659 transfudisset,
3347 3604 3474 3649 non
3503 3585 3881 3660 efficienter,
3914 3587 4013 3649 scd

2532 3705 2646 3768 per
2678 3686 2935 3748 modum
2970 3685 3361 3766 dispositivae
3396 3703 3471 3746 ac
3516 3685 3855 3750 meritoriae
3883 3705 4015 3748 cau-

2531 3805 2636 3858 sae,
2670 3785 2823 3866 quia
2860 3801 3007 3844 cum
3049 3782 3479 3846 transfusione
3516 3791 3758 3848 naturae
3782 3785 4017 3866 justitia

2531 3883 2650 3945 ista
2680 3881 2874 3944 simul
2916 3880 3144 3944 collata
3183 3890 3248 3943 et
3286 3881 3499 3944 infusa
3536 3881 3765 3946 fuisset
3799 3903 3838 3946 a
3875 3884 4012 3954 Deo,

2530 3981 2597 4042 in
2629 3980 2833 4063 ipsius
2871 3979 3103 4042 animae
3142 3979 3464 4042 creatione
3502 3989 3568 4042 et
3604 3981 3841 4044 unione
3878 4000 4013 4044 cum

2530 4095 2816 4160 corpore.
2840 4078 3028 4140 Porro
3058 4076 3185 4140 alia
3204 4085 3303 4140 est
3326 4077 3599 4158 justitia,
3622 4079 3896 4160 gratuita
3914 4098 4017 4142 seu

2530 4275 2710 4338 elicit
2735 4282 2915 4336 actus
2949 4291 2963 4335 :
3000 4274 3066 4336 in
3096 4293 3223 4356 qua
3252 4274 3319 4336 hi
3352 4275 3465 4356 qui
3497 4275 3721 4338 dicunt
3750 4277 4017 4358 primum

2533 4373 2863 4436 hominem
2893 4389 3020 4434 non
3053 4391 3192 4434 esse
3222 4381 3507 4435 creatum
3552 4373 3617 4436 in
3654 4375 3859 4455 gratia
3892 4371 4020 4455 gra-

2534 4480 2671 4534 tum
2721 4470 3018 4544 faciente,
3070 4470 3262 4533 etiam
3314 4471 3599 4534 sentiunt
3648 4472 3859 4554 ipsum
3902 4489 4019 4534 non

2534 4587 2674 4633 esse
2718 4569 3123 4650 productum,
3158 4569 3267 4630 sed
3312 4568 3521 4631 solum
3567 4569 3633 4631 in
3677 4570 3885 4652 prima
3922 4568 4021 4630 illa

2534 4664 2828 4748 originali
2869 4665 3156 4746 justitia3
3188 4672 3253 4728 et
3288 4666 3550 4740 addunt,
3584 4667 3752 4749 quod
3787 4667 4023 4748 justitia

2537 4765 2646 4827 illa
2674 4764 2947 4846 gratuita
2976 4780 3103 4825 non
3135 4762 3363 4826 fuisset
3391 4763 3705 4826 transfusa
3732 4765 3799 4826 in
3830 4772 4026 4847 poste-

2538 4881 2662 4936 roS,
2702 4862 2998 4944 quamvis
3039 4862 3232 4943 primi
3282 4869 3577 4943 parentes
3626 4862 3692 4925 in
3741 4862 4021 4945 originali

2533 4961 2782 5042 justitia
2824 4959 3269 5044 perstitissent.

2619 5059 2929 5140 Denique,
2963 5058 3193 5121 horum
3231 5057 3341 5139 qui
3384 5057 3608 5121 dicunt
3646 5059 3887 5141 primos
3925 5077 4023 5142 pa-

2542 5163 2753 5220 rentes
2786 5157 2852 5218 in
2880 5156 3084 5237 gratia
3118 5162 3371 5236 gratum
3412 5155 3685 5220 faciente
3724 5157 4023 5226 conditos,

2545 5253 2806 5338 quidam
2855 5253 3265 5346 arbitrantur,
3311 5253 3482 5336 quod
3529 5254 3655 5318 nisi
3700 5253 4025 5319 tentationi
