4300 6259
957 466 1381 513 tantumno
1422 464 1880 512 PsslLOSOPmCA.
1929 482 2008 494 —
2053 464 2130 511 nr.
2172 464 2540 512 coaroamvs
2582 465 2969 514 coemsrmus
3438 448 3517 511 75

407 738 574 820 quit)
603 738 669 801 in
701 737 1026 801 excelsum
1058 738 1276 801 oculos
1307 744 1572 809 vesti-OS,
1605 744 1669 799 et
1697 736 1908 799 videte

407 836 554 918 quis
595 838 840 899 creavit
883 838 1034 900 haec.

485 936 580 998 Ad
621 936 758 999 haec
796 936 1056 1018 quidam
1097 936 1504 1017 respondent,
1537 935 1706 1017 quod
1743 934 1910 997 sicut

408 1052 536 1096 non
591 1036 888 1097 videmus
945 1052 1156 1097 aerem
1217 1052 1474 1116 purum,
1526 1052 1644 1095 nec
1694 1034 1908 1114 ignem

407 1134 886 1207 elementarem,
919 1134 1005 1195 ita
1035 1152 1152 1197 nec
1185 1133 1442 1205 coelum,
1476 1132 1600 1195 nisi
1635 1132 1698 1195 in
1732 1141 1908 1215 parte

407 1232 655 1294 stellata
691 1249 704 1293 :
739 1232 892 1313 quia
921 1250 1048 1314 quo
1077 1247 1346 1313 corpora
1375 1238 1527 1292 sunt
1551 1232 1903 1313 superiora,

407 1346 484 1391 eo
531 1338 596 1392 et
643 1328 1000 1407 nobiliora3
1051 1336 1116 1391 et
1162 1346 1292 1411 quo
1339 1327 1674 1401 nobiliora,
1719 1344 1796 1390 eo
1843 1336 1908 1389 et

408 1428 666 1489 rariora.
720 1427 811 1489 Ita
859 1426 1030 1509 quod
1073 1426 1392 1500 videmuS‚
1442 1433 1538 1488 est
1585 1424 1904 1507 quoddam

407 1524 772 1598 confusum,
806 1524 1118 1587 resultans
1147 1530 1457 1606 quantum
1489 1524 1567 1587 ad
1596 1542 1904 1606 apparen-

405 1624 563 1686 tiam
607 1624 786 1687 visus
829 1624 1026 1687 nostri
1071 1642 1148 1686 ex
1191 1640 1358 1695 aere,
1395 1623 1540 1704 igne
1583 1630 1646 1684 et
1691 1622 1852 1685 coelo
1887 1640 1901 1683 :

403 1722 950 1804 quemadmodum
999 1723 1053 1783 si
1102 1739 1366 1803 corpora
1418 1721 1602 1803 plura
1659 1721 1904 1803 accipe-

67 654 148 698 ι..
177 670 262 705 11..
291 658 370 699 2⁶.
405 638 666 721 quiens)
703 638 900 703 coelos
941 646 1106 702 tuos,
1143 638 1218 701 Et
1255 637 1446 701 lsaias
1480 654 1494 700 ε
1529 637 1760 701 Levate
1787 636 1908 718 (in-
1939 637 1990 699 A
2019 638 2227 720 qualis
2276 638 2637 720 aggregatio
2684 638 2971 713 luminiS,
3017 656 3209 721 quam
3257 639 3323 701 in
3372 657 3518 702 aere

2021 755 2201 820 puro.
2238 738 2383 801 ldeo
2415 757 2560 820 pars
2600 738 2743 802 coeli
2788 756 2915 801 non
2954 738 3222 812 stellata,
3256 738 3518 802 coelum-

2021 854 2096 897 ve
2164 837 2631 919 crystallinum,
2696 838 2893 919 magis
2950 838 3121 900 valet
3176 836 3520 899 terminare

2019 934 2255 1009 visum,
2295 953 2485 1017 quam
2532 954 2733 1017 purus
2781 954 2889 998 aer
2932 943 3041 997 aut
3084 934 3249 1015 ignis
3295 952 3513 1016 purus.

2023 1032 2199 1107 Quod
2243 1041 2307 1096 et
2348 1034 2603 1097 videtur
2646 1033 2997 1115 probabile.

2416 1242 2931 1308 PROPOSITIO
2978 1242 3121 1307 LX.

2097 1424 2447 1491 Planetae
2505 1426 2949 1491 coordinati
3021 1426 3233 1505 sunt,
3290 1424 3516 1505 locis,

2017 1521 2663 1603 proprietatibus,
2751 1523 3153 1592 coloribus
3243 1525 3517 1592 colori-

2017 1618 2509 1687 formibusve
2551 1619 3014 1701 luminibUS,
3046 1620 3516 1701 influentfls,

2013 1717 2365 1784 motibus
2406 1718 2971 1801 effectibusque
3012 1718 3401 1787 distincti.

407 1840 646 1893 remus,
695 1838 968 1903 quorum
1015 1821 1516 1902 unumquodque
1561 1828 1724 1881 esset
1774 1827 1902 1881 tam
1937 1816 1984 1879 Β
2093 1817 2270 1891 Quod
2313 1825 2428 1889 est,
2462 1817 2613 1899 quia
2648 1820 2747 1897 (ut
2788 1818 3019 1899 patuit)
3056 1836 3280 1880 omnes
3320 1817 3517 1881 stellae

404 1926 600 1982 tenue
642 1919 814 2001 quod
857 1918 1109 1979 nullum
1155 1935 1376 1981 eorum
1424 1937 1538 2001 per
1581 1936 1648 1981 se
1693 1918 1904 1980 visum

405 2025 698 2081 nostrum
747 2036 784 2079 a
831 2017 1090 2079 remotis
1139 2014 1471 2079 sufficeret
1517 2016 1902 2095 terminare;

403 2117 518 2179 sed
553 2117 738 2199 plura
775 2116 968 2178 simul
1015 2116 1077 2178 id
1121 2124 1400 2198 possent,
1436 2116 1488 2177 si
1531 2116 1618 2178 ita
1655 2116 1904 2179 ordina-

405 2223 631 2277 rentur
649 2215 818 2297 quod
853 2234 1052 2277 unum
1084 2232 1304 2277 eorum
1337 2222 1504 2277 esset
1532 2222 1678 2277 ante
1709 2215 1900 2289 aliud,

403 2312 708 2375 distantia
749 2330 976 2392 magna
1017 2312 1181 2374 inter
1223 2330 1296 2373 ea
1326 2312 1690 2374 exsistente.
1727 2313 1901 2375 Tunc

401 2411 644 2473 etenim
697 2410 872 2473 visus
917 2429 951 2471 a
1004 2411 1266 2473 remotis
1316 2410 1687 2492 respiciens,
1735 2410 1903 2492 judi-

399 2517 578 2573 caret
615 2528 690 2571 ca
727 2528 866 2571 esse
907 2527 1109 2570 unum
1151 2507 1478 2581 sensibile,
1523 2526 1638 2571 nec
1677 2527 1902 2591 appre-

401 2607 712 2669 henderet
762 2608 928 2670 inter
973 2626 1047 2669 ea
1095 2607 1594 2679 distinctionem,
1641 2626 1902 2690 appare-

399 2714 632 2787 retque
661 2704 784 2767 sibi
817 2705 1136 2788 quoddam
1167 2705 1508 2767 confusum
1541 2724 1618 2767 ex
1655 2708 1750 2769 eis
1785 2724 1798 2769 :
1837 2716 1904 2769 ut

401 2806 458 2867 si
507 2804 946 2886 objicerentur
993 2805 1158 2867 visui
1217 2805 1432 2887 plures
1483 2805 1755 2887 parietes
1813 2806 1904 2867 vi-

397 2904 552 2975 trei,
584 2923 748 2967 unus
777 2912 924 2966 ante
963 2901 1184 2977 alium,
1218 2902 1644 2966 diversimode
1686 2904 1902 2967 lumen

399 3001 896 3084 participantes„

487 3100 938 3162 Verumtamen
999 3100 1134 3162 sive
1185 3099 1516 3161 videamus
1567 3100 1783 3174 coelOS‚
1837 3110 1905 3163 ut

395 3198 566 3260 dicit
609 3217 733 3260 una
773 3199 1016 3279 opini0,
1061 3198 1196 3261 sive
1241 3214 1392 3271 non,
1439 3206 1686 3259 constat
1733 3200 1900 3281 quod

397 3298 469 3359 in
507 3296 628 3359 ista
657 3296 959 3377 opinione
989 3296 1432 3359 contineantur
1462 3297 1674 3379 aliqua
1705 3296 1898 3360 falsa:

395 3394 559 3477 quia
591 3412 704 3455 nec
745 3394 838 3457 sol
879 3401 974 3457 est
1015 3394 1281 3456 minoris
1321 3393 1672 3457 nobilitatis
1710 3414 1902 3476 quam

395 3494 677 3577 planetae
724 3510 802 3555 eo
849 3492 1127 3566 altioreS,
1182 3492 1312 3555 imo
1363 3492 1564 3555 multo
1615 3494 1898 3573 majoris,

393 3611 524 3655 nee
577 3592 828 3653 videtur
870 3592 1070 3654 rarior
1111 3591 1224 3653 eis.
1273 3591 1466 3653 Stella
1510 3610 1764 3674 quoque
1808 3602 1902 3655 est

393 3691 664 3753 densior
709 3709 856 3772 pars
905 3690 1004 3751 sui
1051 3688 1246 3763 orbiS,
1293 3690 1496 3753 nihilo
1545 3691 1760 3753 minus
1807 3700 1903 3754 est

393 3789 682 3853 nobilior
726 3808 872 3871 pars
917 3789 1110 3851 illius.

481 3888 607 3951 Alii
637 3888 884 3962 dicunt,
916 3889 1086 3970 quod
1117 3888 1179 3951 id
1219 3888 1390 3971 quod
1425 3888 1671 3968 judicat
1709 3889 1903 3951 homo

395 4008 472 4051 se
502 3988 722 4050 videre
761 3988 826 4050 in
867 3995 1044 4069 parte
1085 3988 1228 4051 coeli
1271 4006 1396 4051 non
1429 3989 1697 4061 stellata,
1725 3990 1900 4051 simi-

395 4086 462 4149 le
509 4086 595 4148 sit
636 4086 856 4161 colori,
891 4086 1204 4149 exsistens
1253 4086 1316 4149 in
1364 4095 1540 4169 parte
1581 4088 1724 4151 coeli
1775 4106 1900 4151 non

2017 1913 2184 1987 fixae,
2214 1916 2275 1977 in
2308 1915 2531 1978 eodem
2564 1922 2713 1977 sunt
2740 1916 2894 1979 orbe
2917 1916 3513 1998 firmatae:quilibet

2013 2021 2229 2075 autem
2262 2014 2513 2095 planeta
2544 2014 2876 2096 proprium
2908 2014 3097 2078 habet
3128 2014 3369 2077 orbem.

2093 2115 2171 2174 At
2232 2129 2381 2175 vero
2440 2113 2591 2176 luna
2648 2113 2915 2175 infimus
2972 2123 3070 2175 est
3126 2114 3399 2195 planeta,
3454 2120 3517 2175 et

2013 2212 2297 2293 proxima
2334 2212 2473 2275 orbi
2514 2212 2825 2275 Mercurii.
2860 2213 3103 2275 Lumen
3142 2232 3179 2275 a
3216 2212 3349 2276 sole
3388 2230 3517 2276 sor-

2013 2310 2170 2371 titur
2211 2310 2461 2393 (estque
2512 2310 2864 2393 probabile,
2910 2312 3079 2393 quod
3124 2311 3317 2375 ceteri
3362 2329 3517 2394 quo-

2013 2427 2139 2491 que
2198 2408 2467 2491 planetae
2527 2410 2968 2491 universaeque
3024 2410 3243 2483 stellae,
3308 2410 3513 2472 lucem

2013 2527 2193 2571 suam
2240 2526 2275 2569 a
2320 2508 2451 2570 sole
2498 2509 2852 2590 recipiant).
2902 2510 2969 2571 ln
3014 2510 3316 2571 continua
3363 2528 3515 2592 qua-

2015 2606 2161 2669 dam
2196 2607 2544 2669 mutatione
2574 2615 2672 2669 est
2699 2608 3024 2687 augmenti
3067 2607 3515 2670 detrimentive

2015 2704 2279 2766 luminis
2316 2705 2416 2767 sui
2462 2704 2523 2765 in
2570 2724 2645 2767 ea
2682 2724 2809 2787 qua
2850 2724 2962 2767 nos
2999 2705 3271 2787 adspicit
3316 2712 3512 2787 parte,

2016 2822 2218 2885 quum
2257 2803 2495 2885 jugiter
2545 2803 2733 2885 plena
2775 2804 3021 2866 dicatur
3068 2804 3130 2865 in
3170 2804 3515 2885 superficie

2013 2922 2138 2985 qua
2184 2903 2445 2984 respicit
2490 2902 2708 2965 solem.
2746 2902 3018 2965 Maculas
3065 2902 3255 2965 habet
3296 2902 3379 2964 ob
3422 2902 3514 2966 vi-

1935 2995 1979 3060 C
2013 3000 2338 3063 ciuitatem
2370 3007 2434 3062 et
2464 3001 2979 3064 communionem
3011 3000 3152 3082 ejus
3183 3019 3330 3063 cum
3362 3000 3515 3063 orbe

2013 3100 2293 3163 terrestri
2338 3108 2401 3161 et
2444 3100 2833 3162 elementari.
2880 3100 3280 3163 Corniculata
3324 3100 3513 3163 inter-

2011 3198 2165 3261 dum
2198 3206 2483 3280 apparet,
2516 3198 2667 3281 quia
2699 3218 2843 3279 pars
2874 3198 3014 3279 ejus
3046 3217 3169 3260 non
3204 3198 3516 3261 illustrata

2013 3296 2271 3359 celatur.
2309 3297 2543 3377 Regina
2586 3298 2728 3359 coeli
2776 3305 3057 3371 vocatur,
3092 3316 3166 3360 6ο
3209 3298 3377 3380 quod
3418 3297 3508 3360 sol
3541 3312 3631 3355 Jer.

2011 3404 2313 3478 tanquam
2350 3396 2595 3458 medius
2636 3396 3057 3478 planetarum,
3094 3396 3511 3479 proprietates

2013 3496 2352 3578 participat
2411 3496 2724 3567 omnium,
2777 3502 2841 3557 et
2896 3514 3001 3557 eas
3060 3515 3207 3559 cum
3269 3495 3511 3557 lumine

2013 3612 2130 3656 suo
2184 3594 2571 3656 transfundit
2620 3594 2697 3656 ad
2748 3594 2987 3667 lunam,
3033 3614 3175 3677 quae
3224 3602 3510 3676 receptas

2011 3694 2090 3756 ad
2137 3693 2441 3755 inferiora
2484 3694 2873 3756 transmittit.
2916 3694 3163 3775 Frigida
3206 3701 3409 3757 exstat
3450 3701 3513 3756 et

2013 3792 2296 3854 humida.
2342 3792 2545 3873 Super
2586 3810 2781 3874 aquas
2826 3792 3086 3855 sortitur
3129 3792 3509 3865 dominium,

2013 3890 2552 3972 quemadmodum
2620 3890 2818 3953 stellae
2876 3891 3176 3953 Pleiades.
3242 3891 3509 3953 Fluxum

2013 3997 2073 4051 et
2121 3988 2443 4051 refluxum
2490 3997 2709 4051 causat
2752 3990 2816 4050 in
2864 3988 3080 4051 fluviis
3122 3996 3184 4051 et
3230 3990 3385 4051 mari
3438 4008 3512 4051 ac

2014 4086 2293 4149 brachiis
2342 4086 2501 4167 ejus.
2551 4087 2846 4160 Quolibet
2894 4106 3110 4150 mense
3155 4087 3336 4169 signa
3376 4106 3513 4169 per-

393 4185 654 4248 stellata
691 4193 801 4248 aut
843 4185 908 4246 in
951 4186 1112 4249 coelo
1151 4185 1538 4269 crystallin0‚
1573 4194 1901 4249 causatum
1936 4185 1983 4246 D
2013 4186 2214 4248 currit
2270 4185 2531 4257 zodiaci,
2588 4193 2651 4247 et
2706 4184 2787 4247 ab
2845 4186 2985 4267 ejus
3026 4180 3223 4248 'motu
3279 4187 3514 4269 accipi-

393 4304 482 4347 ex
543 4284 815 4346 naturali
878 4284 1020 4346 luce
1080 4284 1282 4366 ipsius
1342 4284 1486 4347 coeli
1547 4292 1610 4346 et
1659 4285 1904 4348 lumine

393 4384 576 4465 quod
635 4383 808 4464 capit
865 4400 902 4444 a
959 4382 1092 4445 sole
1139 4401 1213 4444 ac
1261 4382 1464 4445 stellis
1517 4400 1530 4445 ε
1585 4384 1735 4465 quia
1785 4402 1902 4446 nec

392 4502 554 4566 pars
597 4481 706 4544 illa
749 4488 938 4544 tantae
983 4488 1080 4544 est
1119 4482 1472 4555 densitatiS,
1507 4482 1676 4565 quod
1722 4482 1784 4545 in
1827 4502 1902 4545 ea

389 4580 605 4664 possit
655 4581 764 4643 lux
812 4579 1138 4662 aggregari
1189 4580 1358 4641 sicut
1407 4579 1470 4641 in
1523 4588 1699 4662 parte
1757 4581 1902 4645 stel-

391 4680 552 4753 lata,
614 4688 876 4763 propter
931 4698 1122 4761 quam
1191 4679 1702 4760 aggregationem
1771 4697 1898 4743 non

389 4798 746 4865 possumus
793 4778 857 4839 in
907 4784 1082 4859 parte
1127 4777 1375 4839 stellata
1426 4778 1640 4841 videre
1689 4779 1900 4842 simile

387 4878 562 4944 illud
591 4877 810 4949 colori,
834 4877 1006 4958 quod
1035 4876 1328 4939 videmus
1361 4876 1426 4939 in
1461 4885 1636 4958 parte
1666 4885 1902 4941 octavae

385 4978 664 5061 sphaerae
687 4992 810 5037 non
836 4974 1084 5036 stellata
1108 4974 1552 5056 crystallinove
1583 4976 1760 5039 coelo.
1777 4976 1826 5039 N
1830 4996 1902 5039 ec

385 5076 506 5141 illa
552 5092 693 5157 pars
733 5072 882 5137 coeli
914 5072 980 5135 in
1011 5092 1136 5155 qua
1176 5073 1470 5136 videmus
1499 5073 1710 5136 simile
1743 5074 1900 5137 illud

381 5174 616 5247 colori,
665 5181 764 5235 est
815 5178 1008 5235 tantae
1059 5170 1335 5234 raritatis
1387 5180 1458 5234 ut
1509 5192 1708 5255 purus
1768 5192 1894 5236 aer.

381 5274 657 5357 Propter
686 5270 862 5355 quod
893 5269 1107 5353 potius
1143 5276 1352 5352 potest
1389 5270 1454 5333 in
1499 5289 1572 5333 ea
1611 5290 1750 5333 esse
1789 5271 1897 5333 ali-

2013 4292 2117 4346 tur
2176 4284 2431 4347 mensiS.
2486 4284 2827 4347 Luminare
2890 4284 3095 4365 majus
3154 4286 3513 4367 appellatur

2013 4390 2323 4466 quantum
2383 4383 2459 4444 ad
2517 4384 2978 4465 apparentiam,
3024 4403 3225 4465 quum
3290 4384 3512 4467 utique

2011 4482 2189 4544 omni
2246 4481 2429 4545 stella
2485 4481 3055 4565 superioribusque
3100 4483 3372 4565 planetis
3432 4484 3513 4546 sit

2013 4580 2238 4643 minor.

2091 4680 2379 4761 Denique
2440 4686 2581 4761 post
2641 4679 2857 4740 lunam
2906 4680 3310 4743 ascendendo
3358 4681 3511 4743 Mer-

2012 4777 2229 4839 curius
2260 4777 2591 4859 proximus
2624 4778 2903 4859 ponitur,
2929 4779 3280 4840 secundum
3313 4777 3511 4841 Ptole-

2014 4895 2243 4938 maeum
2290 4875 2577 4959 aliosque
2622 4883 3131 4938 astronomorum
3178 4877 3509 4957 magistros

2011 4974 2479 5053 communiter;
2531 4993 2891 5056 quanquam
2952 4975 3321 5037 Aristoteles
3378 4976 3510 5057 opi-

2012 5081 2197 5136 natus
2256 5072 2359 5145 sit‚
2422 5073 2621 5135 solem
2690 5072 3053 5155 proximum
3116 5092 3253 5135 esse
3314 5074 3501 5149 lunae,

2010 5173 2161 5255 quia
2200 5192 2235 5235 a
2278 5172 2427 5234 luna
2466 5171 2907 5234 tantummodo
2945 5172 3307 5255 eclipsatur.
3352 5174 3504 5236 Mer-

2009 5272 2226 5335 curius
2274 5279 2487 5333 autem
2538 5289 2683 5333 cum
2732 5271 2864 5333 sole
2907 5270 3147 5353 jugiter
3192 5272 3499 5355 graditur,

3648 3326 3719 3362 vu,
3740 3314 3803 3354 18.
