4300 6259
1058 531 1481 582 annm-Ario
1519 532 1917 582 mmmmm.
1962 549 2043 562 —
2084 531 2162 580 on
2205 531 2324 580 nno
2366 533 2487 580 uno
2529 533 2604 580 nr
2642 534 2826 581 rnmo
3375 515 3493 578 147

378 707 573 782 atque
613 701 937 778 efficiens,
977 709 1042 768 et
1076 703 1312 768 finalis.
1360 704 1537 768 Unde
1580 705 1645 767 in
1690 721 1885 786 quan·
1914 699 1966 765 A
2075 703 2252 777 Quod
2283 711 2400 776 est,
2431 703 2732 787 quoniam
2772 705 2850 767 ad
2891 703 3306 768 oeternitatem
3354 719 3498 784 pro-

378 805 523 862 tum
552 806 652 862 est
679 818 875 864 causa
905 803 1311 884 exemplariS,
1330 803 1617 866 intuetur
1644 811 1709 864 et
1738 819 1884 864 con-
1996 801 2135 882 prie
2165 809 2487 884 sumptam
2519 801 3127 865 incommutabilitas
3159 801 3347 883 plena
3390 818 3495 862 ex·

380 894 577 976 spicit
607 895 673 958 in
696 915 765 959 se
788 897 1101 961 rationem
1123 917 1195 960 ac
1218 900 1499 980 speciem
1536 897 1887 978 cujuslibet
1996 898 2208 979 igitur.
2244 900 2506 982 Propter
2535 902 2704 983 quod
2727 899 3038 963 definitur
3073 917 3086 962 :
3122 897 3496 962 Intermina-

379 991 483 1054 sui
512 991 810 1068 effectuS,
842 1013 917 1058 ac
946 995 1235 1058 ordinem
1277 1014 1489 1058 rerum
1532 995 1595 1058 in
1638 1013 1707 1056 se
1746 995 1885 1076 ipso
1996 996 2145 1058 bilis
2177 997 2322 1060 vitae
2351 1005 2479 1060 tota
2519 999 2712 1061 simul
2745 1005 2808 1060 et
2839 996 3122 1080 perfecta
3154 995 3490 1080 possessio.

382 1089 684 1166 instituit,
714 1092 1099 1156 determinat
1139 1100 1204 1156 et
1242 1092 1619 1176 praescribit,
1660 1100 1885 1176 sponte
1996 1094 2180 1156 Solus
2237 1113 2388 1158 vero
2445 1095 2612 1158 Deus
2669 1095 3052 1178 simpliciter
3101 1092 3496 1156 invariabilis

380 1205 459 1250 ac
486 1187 689 1252 libere
719 1191 787 1252 in
818 1209 885 1253 se
917 1198 1201 1254 statuens
1238 1191 1391 1274 quid
1435 1191 1669 1273 cuique
1708 1191 1885 1253 datu·
1994 1199 2109 1256 est.
2144 1192 2346 1256 Omne
2389 1213 2666 1276 namque
2705 1202 2987 1257 creatum
3029 1191 3498 1275 quodammodo

382 1303 495 1349 rus
537 1288 641 1350 sit.
681 1288 1229 1363 Quemadmodum
1268 1289 1461 1353 etiam
1509 1289 1713 1372 plura,
1758 1288 1889 1352 imo
1995 1289 2182 1353 aliter
2209 1290 2401 1353 babet
2430 1309 2496 1354 se
2529 1292 2680 1354 dum
2718 1299 2817 1354 est
2857 1298 2920 1354 et
2957 1299 3297 1374 antequam
3341 1289 3464 1351 fuit
3478 1305 3495 1368 3

380 1392 453 1447 et
478 1385 691 1448 omnia
720 1385 915 1450 simul
948 1388 1013 1450 in
1042 1405 1111 1450 se
1142 1387 1455 1471 conspicit
1476 1395 1541 1450 et
1558 1387 1717 1461 vult,
1740 1405 1887 1450 cum
1998 1395 2222 1471 estque
2269 1389 2332 1451 in
2379 1389 2520 1471 ipso
2563 1389 3012 1472 dependentia,
3047 1388 3397 1470 indigentia
3435 1394 3500 1450 et

384 1483 708 1547 universis
736 1485 1238 1549 circumstantiis
1268 1487 1767 1569 accidentiisque
1796 1503 1889 1549 eo-
1998 1487 2379 1570 compositio
2407 1489 2644 1570 aliqua,
2678 1507 2880 1570 quum
2919 1507 3058 1551 esse
3100 1493 3162 1549 et
3204 1503 3390 1569 posse
3425 1503 3500 1548 ac

386 1600 535 1643 rum
560 1599 579 1660 ;
608 1581 703 1644 sic
744 1582 930 1664 plura
975 1602 1049 1646 ac
1090 1585 1304 1648 omnia
1352 1583 1547 1648 simul
1591 1585 1892 1668 produxit
1996 1603 2184 1667 agere
2214 1585 2690 1668 distinguantur
2720 1588 2787 1649 in
2820 1587 2990 1668 ipso;
3015 1587 3126 1650 sed
3157 1593 3220 1648 et
3251 1603 3500 1648 succes·

384 1686 502 1741 aut
528 1680 801 1744 condere
832 1682 1060 1763 potuit,
1074 1690 1139 1745 et
1166 1681 1420 1764 singula
1448 1700 1719 1766 quaeque
1752 1701 1891 1766 pro·
2000 1685 2095 1747 sio
2140 1694 2333 1767 atque
2384 1685 2653 1748 varietas
2703 1685 3124 1768 quarumdam
3171 1685 3500 1746 actionum

388 1783 465 1839 ut
488 1779 872 1842 aeternaliter
900 1781 1239 1878 ordinavit,
1257 1787 1621 1863 opportuno
1652 1781 1893 1863 praesti-
2002 1782 2069 1845 in
2131 1783 2274 1864 ipso
2333 1783 2758 1866 reperiuntur.
2829 1782 3090 1846 Nullum
3159 1799 3310 1863 ergo
3367 1799 3502 1844 cre-

388 1883 657 1959 tutoque
700 1885 989 1962 tempore
1040 1880 1413 1962 exsequitur
1460 1886 1525 1942 et
1572 1879 1886 1962 producit.
1920 1873 1967 1938 B
2003 1887 2179 1943 atum
2239 1881 2316 1942 ad
2378 1881 2642 1942 increati
2700 1899 2840 1943 esse
2887 1879 3499 1955 immutabilitatem,

384 1975 539 2037 Ideo
564 1977 855 2040 ordinem
888 1996 1125 2051 rerum,
1158 1978 1595 2041 diversitatem
1624 1975 1893 2040 effectu·
2003 1977 2509 2060 simplicitatem,
2583 1977 3086 2040 uniformitatem
3145 1984 3210 2039 et
3265 1977 3505 2040 stabili-

388 2074 1021 2147 um,multitudinem
1050 2076 1651 2158 specierum‚causis
1676 2095 1895 2138 secun·
2004 2083 2198 2140 tatem
2265 2077 2594 2158 pertingit,
2649 2076 2778 2138 imo
2841 2075 3094 2138 infinite
3163 2075 3385 2138 deficit
3441 2083 3506 2138 et

388 2171 493 2234 dis
536 2172 923 2248 adscribere,
964 2181 1029 2236 et
1076 2193 1277 2237 unum
1326 2183 1611 2238 creatum
1649 2174 1729 2236 ab
1768 2173 1896 2236 alio
2002 2174 2333 2238 occumbit
2371 2175 2452 2237 ab
2497 2174 2590 2236 eis
2629 2193 2642 2236 :
2685 2174 2828 2236 ideo
2869 2193 2988 2236 nec
3035 2174 3317 2257 perfecte
3358 2174 3504 2236 rati-

390 2277 605 2333 creato
641 2289 782 2335 esse
822 2279 1105 2336 creatum
1135 2291 1441 2347 asserere,
1474 2272 1740 2336 stultum
1775 2279 1889 2335 est.
2003 2291 2192 2336 onem
2243 2271 2614 2336 aeternitatis
2655 2273 2948 2350 sortitur3
2991 2272 3102 2336 sed
3141 2271 3508 2355 aliqualiter

474 2369 693 2452 ltaque
733 2371 893 2434 ideae
934 2379 1085 2434 sunt
1131 2379 1437 2455 tanquam
1486 2371 1894 2454 supersplen-
2004 2389 2145 2434 eam
2217 2371 2580 2453 participat,
2653 2370 2821 2432 sicut
2891 2377 2956 2433 et
3025 2369 3508 2433 immutabilita-

390 2467 715 2531 didissimi
773 2487 848 2531 ac
912 2469 1475 2533 exuberantissimi
1539 2469 1749 2533 fontes
1816 2487 1893 2531 ex
2005 2477 2160 2543 tem,
2197 2469 2680 2551 simplicitatem
2726 2477 2791 2532 et
2833 2468 3362 2531 uniformitatem.
3407 2467 3510 2530 Ni-

390 2565 633 2648 quibus
676 2567 1010 2650 profluunt
1049 2587 1125 2630 ac
1178 2568 1522 2651 prosiliunt
1572 2568 1893 2640 universa,
2006 2568 2139 2631 bilo
2173 2567 2388 2630 minus
2433 2568 2600 2630 Deus
2652 2568 2892 2631 dicitur
2933 2585 3187 2649 semper
3216 2566 3416 2630 fuisse
3446 2573 3512 2630 et

391 2665 959 2729 incommutabiles
988 2665 1287 2740 rationes,
1320 2665 1713 2748 exemplaria
1742 2663 1894 2739 fixa,
2007 2665 2143 2730 fore
2197 2684 2212 2728 ε
2266 2667 2417 2748 quia
2461 2667 2778 2730 aeternitas
2828 2665 2970 2746 ejus
3021 2683 3211 2728 omne
3251 2673 3508 2748 tempus

392 2763 619 2827 formai
647 2771 901 2828 aeternae
936 2765 1227 2829 omnium
1272 2764 1648 2838 formativae,
1692 2763 1896 2827 nullo-
2008 2763 2302 2837 includit,
2350 2771 2414 2826 et
2460 2763 2596 2846 ipse
2638 2763 3004 2826 Altissimus
3043 2763 3218 2827 omui
3263 2771 3507 2846 tempo-

392 2880 539 2924 rum
584 2861 1031 2938 informativae,
1064 2881 1241 2946 purae
1284 2869 1349 2926 et
1386 2861 1895 2946 separatissimae,
2008 2880 2074 2925 re
2118 2861 2470 2925 coexsistit.

391 2959 461 3021 in
520 2959 655 3023 sola
710 2961 929 3024 divina
986 2967 1199 3024 mente
1258 2961 1699 3035 consistentes,
1769 2976 1897 3022 non

391 3065 573 3121 extra
614 3065 677 3122 et
768 3066 951 3123 raeter
988 3079 1129 3123 eam
1169 3059 1235 3122 in
1280 3079 1347 3122 se
1385 3059 1807 3122 subsistentes
1836 3065 1901 3120 et
1929 3061 1973 3126 C

388 3156 475 3219 ab
508 3079 785 3220 invicem
813 3158 1067 3221 realiter
1094 3157 1499 3222 differentes:
1517 3157 1649 3220 imo
1676 3175 1901 3221 omnes
2323 3123 2752 3189 PROPOSIT
2754 3123 2844 3188 10
2883 3121 3190 3186 XLVIII·

392 3261 549 3316 sunt
596 3272 723 3317 una
764 3255 1236 3338 supersimplex
1284 3255 1561 3318 essentia
1608 3254 1743 3328 Dei,
1787 3253 1897 3336 qui

394 3353 591 3416 unica
618 3353 855 3436 specie,
880 3362 1034 3436 puta
1062 3355 1321 3437 propria
1348 3354 1646 3428 essentia,
1671 3352 1900 3415 intelli·
2068 3351 2733 3431 Quemadmodum
2753 3349 3350 3435 simplicissima
3361 3351 3509 3420 Dei

392 3451 490 3532 git
532 3451 849 3514 universa.
885 3452 1058 3515 Patet
1095 3469 1244 3534 ergo
1282 3471 1359 3516 ex
1398 3451 1523 3526 his,
1555 3453 1725 3536 quod
1758 3451 1899 3514 idea
2009 3451 2362 3518 essentia
2392 3465 2707 3518 omnem
2743 3452 3056 3518 essendl
3097 3449 3508 3533 perfeetio-

394 3551 483 3612 sit
529 3550 923 3633 principium
974 3551 1419 3632 cognoscendi,
1468 3551 1533 3614 in
1583 3557 1895 3633 quantum
2009 3564 2192 3618 nem
2221 3551 2308 3615 111
2335 3564 2420 3615 se
2451 3549 3119 3617 excellentissime
3161 3563 3510 3632 eompre-

392 3648 746 3730 exemplar.
782 3649 893 3710 Est
933 3665 1189 3732 quoque
1234 3648 1625 3732 principium
1670 3648 1898 3731 produ·
2007 3649 2314 3730 hendit,
2353 3663 2446 3715 ae
2484 3650 2738 3714 variis
2767 3649 3236 3727 desig-natur
3265 3649 3512 3716 nomi-

392 3747 608 3821 cendi‚
656 3766 859 3829 quum
909 3748 996 3810 sit
1042 3747 1181 3830 ipsa
1228 3747 1445 3810 divina
1494 3747 1777 3830 potentia
1820 3766 1895 3810 ac
2008 3746 2290 3827 nibus3
2331 3747 2448 3813 810
2493 3746 2941 3813 clarissima
2983 3747 3130 3812 Dei
3173 3747 3510 3813 seientia

392 3851 643 3907 natura.
2009 3859 2325 3914 omnem
2379 3842 2948 3924 perfectionem
3015 3846 3097 3910 et
3166 3843 3512 3910 eminen-

470 3942 799 4005 Postremo
846 3942 925 4005 de
969 3941 1129 4006 ideis
1186 3950 1357 4006 recte
1404 3943 1537 4007 hoec
1597 3943 1897 4006 disseruit
2006 3945 2207 4009 tiam
2255 3941 2780 4021 cog-noscendi
2829 3941 3194 4023 includit,
3242 3943 3323 4007 et
3367 3955 3511 4022 per

388 4040 789 4122 Augustinus
822 4040 1023 4104 :ldeae
1052 4047 1205 4103 sunt
1230 4039 1453 4104 formae
1482 4040 1892 4123 principaleS,
2005 4043 2454 4122 respectum
2513 4040 2614 4106 ad
2669 4039 2990 4106 diversa
3048 4039 3358 4120 objecta
3417 4053 3510 4107 ao

390 4139 803 4220 rationesque
870 4145 1122 4202 aeternae
1178 4157 1252 4201 ac
1312 4139 1893 4214 incommutabiles,
2006 4139 2278 4208 varios
2324 4141 2573 4220 actua,
2619 4137 3194 4220 appellationes
3239 4139 3510 4220 plures

390 4254 539 4320 quae
580 4235 739 4318 ipsae
780 4234 1067 4298 formatae
1110 4253 1237 4298 non
1284 4243 1453 4310 sunt,
1492 4253 1567 4299 ac
1616 4255 1731 4319 per
1775 4237 1895 4300 boc
1926 4237 1975 4302 D
2006 4239 2370 4306 sortitur.

392 4342 651 4399 aeternae
694 4340 886 4414 sunt;
928 4353 1069 4416 quae
1113 4333 1179 4396 in
1224 4333 1441 4396 divina
1479 4333 1899 4417 intelligentia
2089 4336 2266 4411 Quod
2325 4343 2441 4408 est,
2503 4333 2809 4418 quoniam
2868 4333 3003 4397 sola
3059 4333 3172 4397 Dei
3231 4335 3510 4398 essentia

394 4433 834 4506 continentur,
885 4451 959 4495 ac
1012 4431 1253 4514 jugiter
1298 4433 1522 4496 eodem
1584 4433 1771 4496 modo
1830 4451 1897 4497 se
2008 4434 2266 4517 penitus
2297 4432 2552 4496 infinite
2591 4431 2875 4515 perfecta
2913 4439 3029 4506 est,
3062 4451 3134 4496 ac
3175 4433 3508 4516 perfectio·

392 4531 655 4596 habent.
690 4531 769 4594 Et
796 4551 999 4614 quum
1044 4531 1197 4614 ipsae
1226 4550 1347 4595 nec
1374 4531 1661 4595 oriantur
1690 4551 1899 4615 neque
2007 4533 2237 4596 naliter
2281 4531 2556 4605 infinita,
2602 4531 2770 4593 sicut
2813 4537 3140 4594 ostensum
3186 4538 3298 4596 est.
3349 4531 3506 4596 Con·
3563 4550 3798 4611 αμα

396 4632 739 4705 intereant,
771 4631 1127 4694 secundum
1162 4631 1333 4713 ipsas
1360 4638 1572 4695 tamen
1608 4631 1899 4714 produci·
2009 4631 2300 4695 formiter
2329 4629 2596 4693 scientia
2627 4629 2976 4712 Dei‚quum
3009 4631 3508 4694 substantialiter
3535 4618 3623 4662 ⁶⁶⁸
3637 4630 3674 4660 ⁸·

392 4740 501 4794 tur
528 4739 595 4794 et
623 4730 941 4794 formatur
966 4729 1281 4813 quidquid
1324 4731 1528 4793 oritur
1564 4737 1629 4792 et
1659 4731 1893 4792 interit.
2008 4730 2090 4793 sit
2122 4730 2324 4811 ipsius
2355 4729 2654 4800 essentia,
2685 4747 3086 4810 nequaquam
3123 4729 3338 4791 minus
3368 4745 3508 4810 per-

390 4831 593 4893 Tanta
636 4830 901 4892 demum
932 4829 1029 4892 vis
1076 4829 1487 4891 constituitur
1516 4829 1581 4891 in
1614 4828 1795 4902 ideis,
1830 4837 1901 4890 ut
2008 4828 2175 4890 fecta
2232 4834 2329 4889 est
2377 4845 2568 4909 quam
2620 4827 2758 4908 ipsa
2815 4826 3108 4888 essentia.
3165 4825 3508 4890 Enimvero

392 4927 655 5011 sapiens
676 4945 819 4990 esse
840 4944 1032 4990 nemo
1050 4935 1241 5009 queat
1270 4926 1365 4988 eis
1386 4943 1513 4988 non
1537 4925 1893 4989 intellectis.
2008 4927 2129 4989 hoc
2158 4926 2382 5007 utique
2412 4926 2739 5005 derogaret
2781 4940 3033 4986 summo
3076 4932 3140 4985 et
3186 4923 3509 5007 incompa-

2010 5024 2197 5088 rabili
2247 5024 2397 5098 De0,
2450 5024 2618 5106 quod
2668 5023 2810 5104 ejus
2860 5021 3128 5085 scientia
3187 5021 3510 5086 diceretur

730 5133 1247 5201 PROPOSITIO
1292 5133 1565 5198 XLVII,
2012 5125 2222 5186 minor
2251 5129 2361 5185 aut
2389 5122 2652 5184 inferior
2681 5139 2777 5184 eo.
2813 5121 2978 5183 Deus
3019 5139 3170 5203 ergo
3211 5122 3513 5186 universa

2011 5229 2075 5284 et
2104 5221 2520 5303 singula,tam
2552 5239 2694 5303 quae
2725 5226 2894 5294 sunt,
2917 5218 3175 5282 fuerunt
3205 5226 3269 5283 et
3297 5229 3509 5298 erunt,

477 5324 719 5396 Solus
744 5326 959 5391 Deus
990 5321 1335 5406 perfecte
1372 5323 1496 5389 est
1531 5323 1901 5392 aeternus.
2014 5339 2206 5403 quam
2239 5337 2381 5403 quaa
2421 5317 2755 5402 possibilia
2793 5325 2966 5394 sunt,
3002 5317 3133 5382 imo
3161 5326 3226 5383 et
3254 5319 3516 5388 infinita
