4300 6259
864 461 985 524 496

1480 479 1559 525 DE
1600 479 1827 526 Lumrffl
1868 479 2251 526 cnmsnANAE
2293 479 2593 536 TnssomAE,
2639 478 2817 525 mmm
2857 479 2920 524 11.
2965 496 3046 507 --
3087 478 3226 524 Am.
3271 476 3372 523 xci

865 645 1011 708 tatis
1061 645 1409 728 perfectius
1456 649 1857 730 praeexsistit.
1912 648 1975 712 Si
2024 655 2237 710 autem
2285 648 2365 710 ad
2395 647 2446 710 A
2477 655 2781 730 resurget.
2817 646 2880 710 Si
2911 663 3065 710 vero
3101 646 3458 709 secundum
3495 645 3758 708 eumdem
3793 663 3943 726 per-

866 743 1099 808 debitae
1163 747 1534 827 quantitatis
1603 748 2148 828 complementum
2208 746 2363 828 quid

863 842 1090 917 defuit,
1124 844 1223 906 vel
1256 853 1515 926 propter
1542 844 1817 926 alicujus
1858 845 2131 908 membri
2178 845 2363 906 muti-

862 939 1189 1016 lationem,
1240 942 1341 1004 vel
1393 943 1615 1005 mortis
1663 943 2208 1025 anticipationem,
2262 943 2361 1004 vel

862 1038 1259 1102 conformem
1318 1059 1573 1102 causam
1621 1041 1925 1122 aliquam,
1977 1041 2097 1104 hoc
2144 1041 2363 1103 divina

860 1137 1065 1199 virtus
1104 1137 1365 1200 aliunde
1406 1137 1751 1220 supplebit.
1788 1140 1959 1201 Istud
2001 1156 2150 1202 vero
2197 1139 2365 1201 iden-

859 1235 1024 1297 titati
1083 1236 1368 1318 corporis
1427 1255 1539 1298 seu
1598 1237 1880 1300 hominis
1938 1237 2362 1300 resuscitandi

858 1353 986 1396 non
1045 1334 1323 1416 derogat.
1386 1335 1597 1398 Partes
1658 1355 1939 1418 namque
2002 1336 2362 1399 materiales

859 1430 1074 1495 fluunt
1112 1439 1178 1494 et
1221 1433 1527 1508 refluunt,
1566 1453 1774 1516 neque
1822 1443 2080 1496 manent
2122 1434 2362 1496 eaedem

862 1531 1217 1593 secundum
1260 1532 1613 1606 materiam,
1658 1532 1769 1594 sed
1818 1533 2172 1594 secundum
2226 1549 2364 1613 spe·

864 1629 1049 1691 ciem.

940 1729 1033 1790 Ad
1084 1729 1374 1810 quintam
1426 1728 1964 1810 respondendum,
2011 1729 2179 1809 quod
2229 1746 2359 1791 cor·

2474 746 2770 809 fectionis
2819 747 3079 808 modum
3125 744 3249 807 fuit
3297 745 3360 806 in
3411 752 3687 825 utroque,
3721 743 3776 804 in
3823 741 3942 804 illo

2475 853 2760 925 resurget
2805 844 2869 906 in
2913 861 3039 924 quo
3081 843 3381 925 primitus
3418 842 3560 904 fuit.
3589 841 3779 903 —Per
3813 841 3942 902 hoc

2473 951 2686 1004 autem
2746 941 3025 1004 solutum
3076 948 3172 1004 est
3219 940 3388 1022 quod
3439 939 3659 1000 ultimo
3705 938 3950 1020 apposi-

2475 1047 2609 1102 tum
2651 1049 2766 1102 est.
2801 1039 3058 1102 Materia
3095 1039 3269 1101 enim
3312 1037 3620 1120 recipitur
3657 1037 3712 1098 in
3749 1037 3952 1098 diver-

2476 1139 2586 1212 εἰς,
2637 1138 2992 1200 secundum
3043 1137 3214 1219 quod
3264 1155 3380 1219 per
3429 1135 3816 1217 quantitatem
3879 1134 3950 1197 in

2477 1244 2688 1320 parte-s
2735 1235 2949 1318 plures
2993 1236 3286 1317 partitur.

2869 1506 3360 1571 ARTICULUS
3407 1504 3581 1569 XCI.

2473 1660 2570 1717 De
2607 1657 2931 1731 positione
2967 1657 3274 1717 Platonis
3311 1663 3372 1713 et
3403 1655 3636 1716 Procli
3669 1673 3960 1732 quorum-

2554 1748 2834 1824 damque
2892 1745 3386 1819 praecipuorum
3449 1744 3957 1811 Platonicorum,

860 1827 1166 1909 ruptibile
1225 1847 1335 1890 seu
1410 1828 1697 1900 mortale,
1749 1835 1844 1889 est
1905 1827 2115 1909 passio
2181 1836 2359 1889 natu·
2394 1824 2438 1886 B
2555 1835 2732 1893 circa
2773 1835 3154 1893 reunionem
3198 1835 3584 1892 animarum
3615 1833 3760 1909 jam
3793 1849 3960 1907 sepa-

860 1945 994 1988 ram
1052 1927 1406 1988 secundum
1465 1927 1730 2008 gradum
1791 1927 2065 2008 propriae
2122 1925 2361 2008 speciei

860 2041 1301 2106 consequens;
1353 2024 1464 2086 sed
1524 2044 1635 2107 per
1683 2025 1874 2086 altius
1928 2033 1991 2086 et
2051 2044 2362 2106 superna·

860 2122 1062 2184 turale
1142 2122 1404 2195 donum,
1478 2123 1927 2186 immortalitas
2009 2122 2356 2185 confertur.

864 2221 1037 2282 Unde
1097 2221 1148 2282 si
1209 2222 1399 2283 homo
1459 2222 1735 2303 propriae
1793 2229 2035 2284 naturae
2093 2221 2360 2282 conditi-

860 2319 967 2382 oni
1031 2319 1520 2402 relinqueretur,
1584 2318 1962 2382 immortalis
2036 2338 2165 2382 non
2237 2339 2362 2382 ma·

863 2424 1060 2481 neret.
1113 2417 1233 2479 Sed
1281 2418 1483 2498 gratia
1530 2418 1733 2480 vincit
1772 2426 2063 2480 naturam
2111 2435 2125 2480 ε
2172 2425 2234 2479 et
2275 2418 2362 2479 ita

864 2525 1157 2599 respectu
1199 2517 1597 2579 diversorum
1647 2517 2137 2599 principiorum,
2190 2535 2362 2579 com-

864 2622 1088 2696 petunt
1161 2615 1406 2677 homini
1478 2615 1829 2677 mortalitas
1896 2621 1956 2676 et
2038 2615 2360 2677 immorta-

864 2714 1027 2775 litas.

943 2812 1035 2873 Ad
1066 2819 1308 2874 sextam
1348 2811 1581 2874 solutio
1625 2818 1743 2882 est,
1778 2810 1948 2893 quod
1982 2811 2362 2874 resurrectio

862 2910 980 2973 ista
1032 2929 1155 2973 non
1204 2918 1301 2973 est
1351 2919 1560 2972 motus
1609 2910 1937 2984 naturaliS,
1982 2910 2092 2972 sed
2142 2928 2361 2991 super-

2557 1933 2860 1984 ratarum
2903 1943 2944 1982 a
2983 1940 3270 1999 corpore.

2604 2119 2972 2193 NfflVERO,
3020 2127 3090 2181 ut
3129 2119 3364 2183 divinae
3405 2119 3564 2181 fidei
3615 2118 3842 2181 veritas
3881 2119 3962 2181 de

2633 2219 3100 2281 resurrectione
3134 2217 3468 2299 limpidius
3498 2218 3836 2291 elucescat,
3865 2235 3966 2278 ex-

2472 2317 2864 2401 planandum
2897 2325 3010 2390 est,
3046 2316 3352 2398 quidnam
3389 2316 3734 2397 gentilium
3773 2315 3964 2398 philo-

2473 2417 2822 2498 sophorum
2881 2415 3139 2478 solertia
3185 2415 3265 2476 de
3323 2415 3438 2476 hac
3499 2415 3642 2496 ipsa
3701 2432 3966 2476 resurre-

2471 2515 2681 2577 ctione
2711 2520 3056 2576 contestata
3085 2512 3188 2575 sit.
3221 2513 3415 2575 Multa
3444 2530 3638 2594 porro
3667 2513 3734 2574 in
3766 2513 3966 2595 primo

2474 2613 2637 2676 libro
2677 2613 2754 2674 de
2796 2612 3202 2694 philosophia
3226 2611 3502 2674 Platonis
3531 2619 3596 2673 et
3635 2611 3840 2673 Procli
3876 2611 3963 2673 in·
3989 2637 4175 2676 mm

2473 2711 2762 2774 troducta
2791 2718 2961 2784 sunt,
2994 2729 3136 2792 quae
3165 2709 3244 2772 ad
3281 2708 3476 2790 hujus
3515 2727 3777 2791 quoque
3815 2728 3968 2792 pun-

2473 2812 2558 2874 cti
2634 2809 3231 2872 determinationem
3303 2807 3465 2870 scire
3537 2807 3970 2870 necessarium

2473 2918 2586 2972 est.
2653 2909 2795 2971 Fuit
2852 2907 3048 2989 igitur
3103 2907 3380 2970 Platonis
3435 2907 3692 2986 dogma,
3755 2925 3972 2970 omnes

861 3007 1168 3069 naturalis
1217 3008 1500 3089 operatio
1551 3026 1563 3070 :
1613 3007 1883 3089 ideoque
1934 3025 2051 3070 nec
2099 3026 2360 3088 genera·
2393 3009 2436 3074 C
2472 3009 2718 3071 animas
2767 3007 2849 3070 ab
2907 3007 3154 3088 origine
3223 3006 3562 3070 mundana)
3621 3007 3974 3070 molitionis

864 3106 951 3168 tio
990 3125 1107 3168 nec
1148 3106 1406 3179 creatio,
1449 3106 1557 3168 sed
1598 3105 2000 3168 resuscitatio
2038 3105 2363 3188 appellan-

855 3206 935 3267 da
976 3212 1091 3266 est.

938 3303 1031 3365 Ad
1073 3303 1413 3384 septimam
1465 3302 1806 3383 respondet
1854 3302 2148 3376 Thomas,
2191 3302 2358 3383 quod

857 3401 910 3463 si
945 3401 1089 3483 quis
1121 3401 1275 3463 solis
1315 3400 1613 3462 humanis
1654 3400 1954 3462 carnibus
1995 3408 2212 3481 pastus
2254 3401 2357 3474 sit,

859 3505 1145 3581 resurget
1177 3499 1241 3561 in
1274 3517 1349 3561 eo
1379 3499 1550 3580 quod
1581 3518 1617 3561 a
1645 3498 2098 3578 generantibus
2130 3499 2323 3561 traxit
2341 3517 2357 3578 ;

856 3606 921 3660 et
967 3598 1136 3680 quod
1186 3597 1483 3670 defuerit,
1534 3597 2001 3678 omnipotentia
2052 3597 2162 3659 Dei
2214 3616 2360 3678 sup-

858 3696 1167 3778 plendum
1236 3695 1374 3758 erit.
1438 3694 1613 3767 Quod
1680 3695 1735 3756 si
1802 3703 2097 3776 parentes
2165 3695 2358 3775 hujus

858 3795 1050 3857 etiam
1096 3794 1249 3857 solis
1297 3793 1596 3855 humanis
1645 3791 1944 3855 carnibus
1995 3793 2220 3855 nutriti
2267 3812 2359 3856 es-

858 3901 1021 3968 sent,
1084 3893 1171 3954 ita
1227 3891 1397 3974 quod
1457 3891 1713 3953 illorum
1785 3909 2003 3953 semen
2069 3891 2356 3953 alimenti

857 3989 1262 4072 superfluum
1302 3989 1639 4064 exsistenS‚
1671 4008 1747 4050 ex
1788 3988 2015 4051 alienis
2056 3989 2357 4051 carnibus

853 4095 1225 4170 generatum
1259 4088 1377 4166 sit3
1414 4095 1563 4150 tunc
1596 4106 1813 4150 semen
1848 4095 2135 4168 resurget
2175 4088 2239 4149 in
2279 4106 2355 4150 eo

2471 3109 2664 3172 simul
2714 3109 3022 3181 conditaS‚
3073 3114 3266 3189 atque
3327 3106 3392 3168 in
3451 3106 3656 3169 stellis
3706 3106 3978 3188 singulis

2470 3226 2582 3270 seu
2613 3205 3024 3288 comparibus
3057 3205 3258 3267 fuisse
3287 3204 3664 3282 collocatas;
3698 3205 3978 3286 denique

2471 3302 2848 3387 corporibus
2895 3302 3173 3376 infundi,
3207 3311 3271 3365 et
3308 3309 3526 3384 postea
3563 3302 3861 3376 dissolvi,
3902 3303 3980 3365 ad

2470 3403 2876 3483 sidereasque
2922 3401 3306 3474 mansioneS,
3347 3401 3402 3463 si
3453 3419 3612 3482 pure
3663 3401 3982 3463 vixissent

2471 3500 2744 3577 reverti3
2797 3499 2848 3560 si
2897 3516 3049 3561 vero
3099 3498 3339 3577 injuste
3387 3497 3724 3571 vixissent,
3777 3505 3985 3560 trans-

2471 3597 2816 3680 corporari,
2877 3597 3080 3658 donec
3139 3595 3574 3668 sanctificatae,
3625 3595 3706 3658 ad
3765 3595 3983 3658 stella-

2469 3715 2610 3756 rum
2643 3696 2743 3775 (ut
2771 3695 2861 3757 ait
2889 3694 3089 3774 Plato)
3119 3693 3542 3756 contubernia
3581 3694 3794 3756 redire
3834 3712 3985 3776 pos—

2469 3802 2624 3856 sent.
2641 3793 2885 3874 Quippe
2910 3812 3109 3875 quum
3137 3792 3294 3855 ratio
3317 3811 3430 3854 seu
3456 3791 3986 3856 intellectualitas

2469 3892 2533 3954 in
2584 3892 2682 3953 his
2722 3891 3060 3953 animabus
3111 3910 3272 3972 pura
3308 3907 3435 3952 non
3475 3891 3556 3953 sit
3597 3909 3812 3973 neque
3851 3891 3988 3954 siu·

2468 4010 2632 4067 cera,
2682 3992 2792 4054 sed
2843 3990 3380 4072 concupiscentiae
3437 4000 3503 4052 et
3561 3990 3985 4072 passionibus

2467 4098 2818 4172 utcumque
2859 4089 3194 4172 permixta,
3240 4088 3382 4150 ideo
3429 4088 3786 4151 secundum
3837 4107 3984 4151 cer-

855 4188 963 4268 qui
998 4205 1075 4248 ex
1108 4187 1247 4268 ipso
1276 4186 1529 4267 genitus
1560 4194 1654 4248 est
1690 4203 1703 4247 ε
1740 4186 1879 4247 loco
1912 4186 2097 4266 cujus
2134 4186 2253 4248 fiet
2295 4187 2353 4249 ei
2386 4193 2435 4254 D
2468 4198 2560 4251 tas
2609 4188 2902 4270 periodos
2953 4185 3328 4268 corporibus
3371 4205 3628 4249 rursum
3679 4186 3984 4268 copulari

853 4285 1114 4347 aliunde
1161 4284 1684 4366 supplementum
1736 4283 1922 4364 cujus
1972 4302 2195 4346 carnes
2254 4302 2355 4347 co-

857 4389 1075 4446 mestae
1118 4389 1288 4444 sunt.
1324 4382 1451 4443 Hoc
1499 4400 1731 4462 nempe
1778 4381 1841 4442 in
1890 4382 2356 4444 resurrectione

854 4480 1323 4552 observabitur,
1358 4488 1427 4542 ut
1456 4481 1509 4542 si
1537 4481 1693 4562 quid
1726 4481 1790 4542 in
1825 4480 2121 4561 pluribus
2158 4489 2353 4544 mate-

856 4582 1099 4644 rialiter
1141 4580 1407 4654 exstitit,
1450 4581 1515 4642 in
1563 4579 1672 4642 illo
1718 4587 2002 4661 resurget
2045 4580 2123 4641 ad
2168 4580 2354 4661 cujus

857 4680 1320 4765 perfectionem
1388 4678 1669 4761 amplius
1736 4679 2115 4760 pertinebat.
2181 4679 2354 4741 Unde

859 4797 1080 4843 semen
1114 4785 1400 4859 resurget
1431 4776 1495 4840 in
1526 4778 1763 4858 genito,
1798 4783 1861 4839 et
1889 4795 2016 4840 non
2058 4777 2123 4839 in
2167 4795 2354 4858 gene-

858 4885 1055 4940 rante.
1101 4877 1283 4940 Costa
1331 4893 1587 4958 quoque
1626 4875 1796 4948 Adae,
1848 4892 1975 4937 non
2025 4875 2090 4936 in
2128 4874 2351 4950 Adam,

858 4977 970 5040 sed
1012 4977 1075 5038 in
1117 4977 1245 5038 Eva
1285 4981 1588 5055 resurget.
1626 4975 1689 5036 Si
1733 4974 1907 5036 enim
1952 4973 2075 5036 fuit
2110 4973 2358 5055 aliquid·

859 5077 925 5139 in
970 5093 1099 5138 uno
1141 5075 1307 5138 sicut
1349 5075 1427 5136 ad
1475 5073 1935 5155 perfectionem
1980 5073 2217 5154 speciei
2263 5091 2356 5134 re-

858 5173 1194 5256 quisitum,
1228 5173 1291 5234 in
1336 5173 1463 5234 alio
1504 5179 1716 5233 autem
1763 5172 1931 5234 sicut
1973 5170 2352 5254 perfectioni

856 5272 1063 5358 ipsius
1095 5272 1411 5336 individui
1442 5271 1895 5346 necessarium,
1922 5271 1985 5332 in
2020 5269 2351 5332 individuo

2463 4286 2728 4365 volunt3
2761 4292 2952 4367 atque
2984 4285 3049 4346 in
3081 4283 3530 4365 hujuscemodi
3574 4284 3988 4365 conjunctio-

2465 4386 2566 4448 nis
2605 4383 3152 4466 separationisque
3189 4384 3610 4446 alternatione
3648 4383 3982 4446 delectan-

2467 4492 2588 4546 tur.
2657 4484 2992 4565 Propterea
3063 4483 3453 4545 theoremate
3523 4481 3980 4546 ducentesimo

2466 4589 2644 4645 sexto
2681 4581 2769 4644 ait
2800 4581 3055 4644 Procius
3093 4599 3106 4642 :
3141 4581 3362 4644 Omnis
3391 4581 3605 4643 anima
3633 4581 3922 4662 partialis
3949 4587 3978 4612 ·
4041 4614 4062 4632 ·
4085 4609 4208 4664 wne..

2466 4681 2852 4744 descendere
2883 4680 2947 4741 in
2976 4680 3451 4760 generationem
3497 4679 3562 4741 in
3605 4679 3974 4756 infinitum,
4007 4673 4108 4716 ¹⁸⁵⁵

2466 4789 2529 4842 et
2571 4779 2914 4842 ascendere
2961 4786 3168 4860 potest
3211 4797 3248 4840 a
3288 4778 3696 4860 generat-ione
3727 4779 3792 4840 in
3823 4799 3972 4844 enS.

2465 4875 2542 4939 Et
2571 4876 3112 4959 quemadmodum
3143 4883 3290 4938 ante
3329 4877 3536 4958 patuit
3571 4895 3650 4939 ex
3689 4877 3790 4940 his
3819 4897 3978 4960 quae
4035 4905 4200 4954 natm

2464 4995 2540 5039 ex
2585 4976 2892 5038 Phaedone
2936 4974 3210 5037 Platonis
3252 4975 3458 5057 posita
3493 4982 3666 5048 sunt,
3709 4974 3832 5038 ista
3871 4997 3974 5040 se·
4005 4984 4082 5015 0¹¹·

2464 5075 2746 5136 cundum
2806 5073 3183 5147 Platonicos„
3233 5073 3472 5137 nedum
3531 5074 3610 5136 de
3668 5075 3974 5139 rationali

2461 5174 2695 5245 anima,
2718 5173 2829 5234 sed
2859 5172 3052 5234 etiam
3084 5172 3162 5234 de
3193 5179 3550 5236 ceterorum
3581 5173 3974 5240 animalium

2461 5268 2799 5334 animabus
2841 5268 3177 5333 veritatem
3219 5269 3474 5334 habent.
3509 5271 3748 5335 Omnes
3787 5274 3976 5340 enim
