4300 6259
907 497 988 544 DE
1028 497 1256 544 Lunum
1299 497 1682 544 cnmsrlANAE
1721 495 2024 554 mmm,
2067 496 2245 542 LIBER
2287 497 2327 542 1.
2374 514 2453 526 —
2494 497 2633 544 Am.
2675 496 2824 543 xxv!

3290 477 3413 542 263

331 667 392 731 in
435 687 501 731 se
548 685 672 730 non
725 675 932 752 potest
959 668 1198 732 habere
1256 667 1650 752 principium
1706 667 1810 731 de·
1839 664 1893 730 A
2001 667 2331 742 Praeterea,
2370 685 2561 730 omne
2602 667 2956 730 increatum
2998 685 3161 738 esse,
3204 683 3419 728 neces-

331 766 812 830 structibilitatis
881 784 896 828 ε
973 767 1464 830 contradictoria
1531 783 1812 848 namque

333 882 448 927 non
489 865 880 927 conveniunt
921 865 1155 939 eidem,
1188 866 1342 927 dum
1386 864 1656 926 alterum
1705 883 1811 925 na-

333 962 518 1024 turale
555 969 668 1024 est.
705 962 821 1026 Cui
860 981 1011 1044 ergo
1049 981 1166 1045 per
1203 981 1270 1025 se
1311 962 1609 1025 convenit
1647 979 1809 1034 esse,

333 1077 446 1122 non
476 1079 552 1121 ex
577 1079 646 1123 se
676 1060 870 1123 habet
896 1060 1413 1125 dissolubilitatis
1443 1059 1756 1139 originem
1793 1077 1808 1120 τ

333 1159 484 1220 sicut
529 1177 646 1221 nec
695 1159 964 1232 homini,
1018 1177 1220 1242 quum
1275 1159 1360 1221 sit
1420 1177 1534 1239 per
1591 1177 1658 1220 se
1717 1176 1810 1220 ra-

335 1256 592 1328 tionalis,
635 1257 844 1320 inesse
895 1265 1102 1339 potest
1151 1275 1276 1320 non
1327 1255 1806 1319 rationabilitas,

333 1355 648 1436 Propterea
675 1374 791 1418 ens
821 1355 966 1429 tale,
1000 1356 1354 1419 increatum
1383 1354 1650 1426 scilicet,
1683 1371 1810 1416 non

333 1462 464 1532 eget
489 1453 846 1516 extrinseco
881 1461 1320 1517 conservante.
1353 1453 1628 1517 Omnino
1663 1469 1812 1533 ergo

337 1551 714 1630 impossibile
759 1559 858 1614 est
903 1551 1088 1634 plura
1127 1551 1408 1614 increata
1451 1550 1606 1613 fore.

404 1648 718 1721 Praeterea,
748 1649 832 1710 ab
859 1648 1164 1712 omnibus
1191 1649 1574 1711 astronomis
1602 1654 1810 1710 osten-

335 1745 494 1808 ditur
527 1755 590 1808 et
623 1764 662 1807 a
699 1747 1102 1830 philosophis
1145 1746 1405 1828 ponitur
1453 1745 1812 1810 essentialis

1921 766 2090 828 sario
2125 773 2223 827 est
2264 766 2329 829 in
2379 785 2446 828 se
2496 765 2871 828 subsistens.
2918 765 2983 828 Si
3033 764 3207 828 enim
3249 781 3421 826 rece-

1922 870 2104 946 ptum
2133 872 2321 936 esset,
2356 863 2671 944 indigeret
2699 863 2778 925 ad
2809 863 2909 925 sui
2940 862 3423 926 subsistentiam

1921 962 2207 1042 potentia
2252 961 2463 1044 ipsum
2508 961 2815 1023 fulciente
2864 969 2927 1024 et
2976 967 3372 1023 sustentante
3408 977 3423 1022 ε

1921 1077 2123 1141 quum
2168 1077 2295 1122 non
2340 1059 2423 1122 sit
2474 1059 2807 1142 pluralitas
2856 1058 2995 1120 sine
3044 1057 3427 1120 necessitate

1923 1158 1988 1221 in
2031 1157 2255 1220 eodem
2302 1157 2613 1240 ponenda.
2661 1156 2836 1231 Quod
2890 1157 3168 1238 denique
3211 1155 3429 1237 aliquo

1923 1256 2187 1337 indiget,
2222 1275 2348 1320 non
2380 1275 2495 1338 per
2523 1275 2591 1318 se
2631 1264 2695 1318 et
2734 1255 2993 1338 propria
3028 1255 3265 1317 virtute
3304 1261 3423 1328 est,

1921 1373 2120 1438 quum
2143 1361 2325 1435 egeat
2354 1354 2731 1416 extrinseco.
2762 1353 2883 1416 Sed
2904 1372 3019 1416 ens
3042 1353 3419 1425 increatum,

1921 1471 1998 1515 ex
2029 1471 2098 1515 se
2129 1460 2193 1515 et
2220 1451 2480 1535 propria
2508 1452 2745 1514 virtute
2774 1450 3069 1514 subsistit
3087 1468 3101 1513 :
3119 1457 3217 1513 est
3246 1449 3421 1512 enim

1920 1570 2034 1614 ens
2078 1570 2195 1633 per
2235 1550 2600 1613 essentiam.
2643 1548 2888 1623 Adhuc,
2932 1549 2998 1610 in
3042 1548 3265 1611 eodem
3312 1565 3419 1630 po·

1919 1649 2122 1712 tentia
2154 1648 2455 1730 praecedit
2474 1655 2712 1720 actum,
2736 1666 2937 1730 quum
2960 1646 3227 1728 recipiat
3246 1665 3419 1719 eum,

1923 1756 1993 1811 ut
2048 1747 2137 1809 ait
2184 1746 2555 1810 Aristoteles
2616 1763 2629 1808 ε
2693 1747 2905 1828 ipsum
2954 1751 3169 1807 autem
3220 1745 3423 1806 incre-

335 1843 750 1908 subordinatio
777 1845 1226 1928 primariarum
1257 1853 1322 1908 et
1349 1844 1810 1908 universalium
1845 1843 1892 1906 B
1921 1855 2096 1910 atum
2147 1865 2287 1910 esse
2336 1846 2428 1908 nil
2480 1845 2733 1928 penitus
2794 1845 3113 1926 praecedit.
3163 1845 3423 1917 lterum,

337 1959 670 2005 causarum.
721 1943 792 2006 ln
841 1943 1058 2026 specie
1115 1950 1330 2005 autem
1379 1942 1810 2006 subordinatis

337 2041 549 2114 causis,
607 2042 962 2104 secundum
1022 2060 1148 2106 non
1197 2042 1348 2123 agit,
1401 2060 1528 2105 non
1585 2048 1810 2122 agente

339 2139 568 2220 prim03
611 2157 820 2222 neque
867 2140 998 2221 agit
1044 2139 1168 2202 nisi
1209 2140 1276 2202 in
1315 2140 1552 2202 virtute
1593 2139 1804 2222 primi.

338 2235 392 2297 Si
436 2244 640 2298 autem
691 2245 1012 2318 ponantur
1058 2237 1242 2320 plura
1292 2238 1595 2310 increata,
1641 2237 1812 2319 quod

338 2334 592 2397 maxime
635 2333 801 2398 foret
849 2336 914 2398 in
963 2336 1270 2418 separatis
1316 2334 1690 2398 substantiis
1749 2341 1814 2396 et

337 2431 620 2494 coelorum
665 2432 970 2512 orbibus3
1001 2440 1156 2495 tunc
1199 2433 1334 2496 haec
1379 2431 1616 2515 peribit
1662 2430 1810 2494 sub·

338 2529 663 2592 ordinatio:
691 2548 892 2612 quum
921 2531 1004 2592 sit
1032 2537 1382 2602 ostensum,
1408 2529 1814 2610 hujuscemo-

337 2628 389 2690 di
423 2627 585 2689 entia
622 2634 685 2690 et
723 2627 1026 2690 virtutem
1057 2617 1308 2690 essendi
1341 2635 1404 2690 et
1433 2633 1809 2709 potestatem

337 2725 538 2804 agendi
595 2725 832 2787 habere
891 2733 1134 2788 remoto
1195 2726 1370 2788 omni
1427 2725 1806 2787 extrinseco.

337 2823 454 2885 Non
483 2823 672 2904 igitur
703 2831 874 2886 esset
912 2823 1044 2886 haec
1083 2822 1526 2886 subm-dinatio
1563 2823 1628 2884 in
1671 2842 1813 2885 cau-

339 2923 534 2994 sando,
575 2922 698 2984 nisi
744 2928 972 3004 sponte
1015 2939 1082 2983 se
1127 2921 1369 2984 vellent
1411 2921 1622 3002 primo
1663 2921 1812 2983 sub·

1921 1954 2100 2008 actus
2159 1946 2379 2007 unitus
2439 1944 2762 2026 potentiae,
2816 1945 2897 2006 de
2944 1961 3013 2006 se
3061 1950 3159 2005 est
3206 1943 3271 2006 in
3322 1959 3429 2024 po-

1920 2045 2140 2118 tentia,
2192 2061 2393 2125 quum
2436 2059 2563 2104 non
2622 2042 2706 2104 sit
2759 2060 2968 2124 neque
3018 2059 3159 2104 esse
3203 2041 3425 2122 possit,

1921 2142 2046 2204 nisi
2087 2142 2223 2222 jam
2268 2141 2353 2204 sit
2396 2148 2713 2221 receptus·
2757 2140 2977 2222 ltaque
3022 2138 3223 2220 recipi
3270 2155 3428 2220 prae-

1923 2241 2092 2303 cedit
2122 2239 2396 2302 naturali
2436 2239 2659 2301 ordine
2699 2238 2840 2318 ejus
2870 2255 3043 2316 esse3
3074 2244 3138 2300 et
3176 2237 3271 2299 sic
3300 2254 3427 2298 non

1922 2357 2036 2400 sua
2067 2339 2333 2410 virtute,
2360 2337 2471 2400 sed
2512 2355 2627 2420 per
2665 2335 2839 2398 aliud
2880 2335 3175 2398 subsistit
3207 2352 3221 2397 :
3256 2333 3427 2396 unde

1922 2436 2353 2499 necessarium
2394 2442 2491 2498 est
2531 2435 2741 2517 ipsum
2786 2433 2965 2516 prius
3006 2432 3175 2496 uniri
3206 2439 3425 2514 poten-

1921 2535 2028 2598 tiae
2057 2552 2249 2616 quam
2282 2533 2485 2615 possit
2514 2531 2789 2595 esse.Nil
2818 2538 3033 2594 autem
3067 2530 3207 2592 unit
3232 2549 3425 2592 unum

1921 2633 2127 2705 alteri,
2180 2631 2305 2694 nisi
2355 2630 2535 2713 prius
2584 2629 2683 2692 sit.
2736 2628 2797 2692 Si
2852 2646 3001 2710 ergo
3048 2634 3228 2690 actus
3286 2627 3427 2690 unit

1923 2749 1990 2793 se
2025 2730 2235 2811 ipsum
2270 2729 2591 2812 potentiae,
2625 2735 2793 2790 esset
2822 2734 3163 2808 antequam
3205 2733 3375 2788 esset
3406 2741 3421 2787 ε

1921 2829 2092 2910 quod
2154 2827 2461 2909 implicat.
2515 2826 2755 2889 Rursus
2804 2825 2919 2898 sic,
2982 2832 3053 2887 ut
3109 2824 3279 2906 quod
3328 2830 3427 2886 est

1925 2927 1989 2988 in
2041 2925 2326 3008 potentia
2372 2926 2449 2987 ad
2499 2942 2661 2997 esse,
2713 2923 3047 2986 reduceret
3094 2941 3162 2985 se
3212 2922 3424 3004 ipsum

339 3026 594 3081 sternere
641 3026 708 3082 et
759 3017 1156 3082 naturalibus
1195 3019 1541 3081 virtutibus
1582 3019 1812 3101 spolia·
1843 3015 1886 3079 C
1923 3025 2001 3086 ad
2040 3031 2257 3086 actum
2292 3041 2305 3084 :
2340 3023 2509 3105 quod
2548 3021 3005 3104 comprehendi
3038 3037 3163 3083 non
3196 3026 3423 3102 potest.

340 3135 414 3178 re.
431 3117 694 3180 Omnino
725 3117 920 3198 igitur
950 3117 1384 3180 necessarium
1415 3125 1531 3190 est,
1551 3135 1810 3180 omnem

337 3215 744 3278 causalitatem
816 3209 880 3277 et
935 3223 1226 3277 naturam
1287 3215 1714 3304 secundorum
1775 3234 1812 3277 a

339 3313 450 3375 Deo
486 3313 742 3376 sublimi
787 3321 852 3376 et
895 3313 1232 3376 benedicto
1273 3331 1621 3376 emanasse.
1672 3313 1812 3375 Pro-

339 3417 462 3491 pter
493 3411 608 3473 hoc
646 3411 886 3474 etenim
927 3411 992 3473 in
1031 3412 1314 3474 secundo
1342 3411 1805 3494 Metaphysicae,

339 3529 508 3571 unam
563 3509 942 3592 simpliciter
988 3509 1262 3591 primam
1313 3529 1569 3572 causam
1629 3510 1810 3592 ponit

337 3607 676 3670 Aristoteles
727 3625 742 3669 :
794 3607 926 3669 imo
974 3607 1040 3668 in
1087 3609 1264 3670 omni
1315 3625 1650 3670 causarum
1710 3624 1812 3687 ge-

339 3723 468 3767 nere
507 3705 592 3768 ait
631 3705 906 3788 primam
955 3705 1300 3787 quamdam
1343 3705 1478 3768 fore
1527 3723 1803 3779 causam,

337 3820 444 3883 qua
483 3821 602 3866 non
646 3812 970 3878 causante,
1013 3803 1102 3864 nil
1149 3811 1504 3866 ceterorum
1549 3821 1807 3865 causare

339 3907 538 3981 potest.
596 3901 958 3974 Enimvero,
1017 3906 1242 3962 natura
1297 3900 1808 3982 uniuscujusque

339 4007 392 4058 et
415 4000 646 4080 species
685 4000 876 4082 plena
915 4007 1032 4073 est,
1067 4017 1278 4080 neque
1319 3999 1630 4062 minorata
1667 4017 1807 4061 esse

339 4105 519 4176 potest
562 4098 622 4159 in
665 4097 986 4160 essentiali
1038 4096 1454 4178 perfectione,
1502 4097 1806 4178 quoniam

1923 3122 2199 3202 ldcoque
2266 3119 2621 3182 secundum
2678 3117 3110 3192 Aristotelem,
3172 3135 3428 3198 semper

1921 3226 2100 3282 extra
2140 3225 2354 3280 actum
2395 3225 2459 3278 et
2510 3217 2855 3298 potentiam
2898 3223 3149 3298 oportet
3184 3233 3423 3296 quaere·

1921 3336 1988 3380 re
2035 3334 2291 3378 causam
2336 3314 2752 3377 efficientem.
2798 3313 3205 3395 Relinquitur
3246 3331 3418 3394 ergo,

1920 3414 2089 3497 quod
2121 3432 2263 3476 esse
2294 3414 2646 3475 increatum
2679 3421 2777 3474 est
2806 3411 2871 3473 in
2912 3431 2979 3474 se
3010 3411 3367 3474 subsistens
3400 3428 3415 3473 ε

1919 3512 2091 3594 quod
2149 3511 2323 3573 enim
2383 3511 2515 3573 enti
2575 3528 2690 3592 per
2746 3529 2813 3572 se
2872 3509 3193 3583 convenit,
3242 3509 3419 3572 omni

1919 3610 2143 3692 utique
2183 3609 2539 3672 extrinseco
2575 3615 2790 3671 amoto
2826 3608 3133 3691 competit
3171 3609 3251 3670 ei.

2001 3708 2325 3770 Elucescit
2371 3707 2639 3790 proinde
2688 3726 2766 3770 ex
2815 3707 2957 3780 hoc,
3003 3706 3247 3768 nullius
3290 3725 3421 3768 ma-

1919 3807 2161 3870 terialis
2208 3805 2579 3868 substantiae
2623 3823 2785 3878 esse,
2834 3823 3019 3886 posse
3064 3805 3419 3866 increatum

1918 3904 2053 3968 fore
2108 3922 2122 3966 ε
2178 3886 2509 3985 receptu‘m
2561 3910 2657 3966 est
2706 3903 2899 3965 enim.
2952 3903 3080 3965 Nec
3132 3901 3417 3972 materia,

1918 4023 2054 4085 quae
2085 4010 2184 4066 est
2216 4021 2374 4083 pura
2406 4001 2710 4082 potentia,
2742 4009 2839 4062 est
2877 4000 3121 4082 aliquid
3164 4001 3242 4062 de
3280 4018 3421 4062 esse

1919 4102 2030 4163 rei.
2084 4099 2487 4180 Ubicumque
2535 4098 2777 4180 quippe
2836 4105 2932 4160 est
2980 4097 3419 4160 substantialis

340 4193 392 4254 in
421 4194 786 4258 indivisibili
819 4195 1114 4258 consistit
1147 4213 1162 4256 ι
1196 4195 1442 4276 species
1473 4195 1646 4256 enim
1679 4213 1804 4256 non
1839 4195 1888 4258 D
1921 4198 2072 4260 unio
2101 4205 2279 4260 actus
2310 4203 2373 4258 et
2404 4196 2725 4278 potentiae,
2749 4204 2845 4258 est
2874 4215 3066 4258 causa
3094 4194 3414 4258 effectiva.

339 4292 536 4374 recipit
569 4293 764 4374 magis
795 4301 860 4356 et
891 4293 1104 4355 minus
1145 4292 1210 4354 in
1251 4292 1556 4374 specifica
1595 4311 1806 4354 essen-

341 4389 427 4450 tia.
471 4391 639 4465 Quod
700 4399 916 4454 autem
973 4398 1071 4454 est
1121 4391 1501 4462 increatum,
1551 4399 1648 4453 est
1693 4410 1808 4454 ens

341 4505 436 4567 per
460 4489 791 4552 essentiam
815 4497 880 4552 et
911 4490 1280 4552 naturaliter
1309 4487 1548 4550 bonum
1587 4505 1602 4551 ε
1636 4491 1804 4572 quod

341 4605 468 4649 vero
521 4588 640 4650 tale
698 4596 818 4660 est,
871 4588 1046 4652 illius
1097 4596 1322 4650 natura
1379 4595 1475 4649 est
1532 4587 1804 4662 bonitaS,

342 4691 394 4744 et
433 4685 922 4748 substantialiter
965 4692 1061 4748 est
1108 4685 1320 4766 ipsum
1373 4703 1509 4758 enS,
1561 4693 1632 4746 ut
1674 4685 1805 4766 jam

342 4801 484 4864 saepe
523 4794 846 4848 ostensum
889 4791 1004 4846 est.
1051 4782 1184 4845 Non
1230 4801 1380 4864 ergo
1423 4783 1656 4864 poterit
1705 4804 1808 4846 na-

341 4887 463 4943 tura
502 4883 798 4945 bonitatis
849 4882 914 4943 in
964 4882 1104 4963 ipso
1149 4900 1186 4942 a
1245 4880 1346 4943 sui
1407 4881 1807 4962 plenitudine

343 4978 586 5052 deficere
633 4998 646 5042 τ
693 4981 910 5060 itaque
959 4987 1128 5040 esset
1169 4979 1379 5059 ipsum
1429 4979 1810 5061 simpliciter

347 5077 693 5156 perfectum.
743 5079 1082 5158 Quumque
1133 5077 1298 5138 nihil
1349 5078 1432 5140 sit
1477 5079 1602 5140 tale
1652 5079 1810 5140 citra

348 5173 606 5239 divinum
669 5195 834 5250 esse,
894 5175 986 5238 nil
1055 5192 1314 5257 prorsus
1381 5179 1810 5240 secundorum

351 5280 532 5352 potest
569 5275 918 5338 increatum
961 5291 1102 5337 esse
1141 5273 1397 5337 habere.

1918 4297 2136 4378 ltaque
2188 4295 2497 4358 coelorum
2545 4311 2833 4376 corpora,
2884 4301 2947 4356 et
2994 4312 3217 4356 omnes
3275 4311 3416 4356 sen-

1919 4395 2142 4458 sibiles
2188 4392 2583 4466 substantiae‚
2628 4391 3013 4474 participant
3054 4411 3212 4455 esse.

1998 4493 2205 4564 Porr0,
2223 4492 2385 4554 nihil
2420 4491 2579 4553 citra
2604 4490 2801 4553 Deum
2825 4498 3082 4553 estesse
3104 4491 3169 4552 in
3192 4509 3259 4552 se
3280 4489 3421 4552 sub·

1920 4593 2150 4653 sistens
2180 4607 2193 4652 :
2227 4590 2396 4670 quod
2428 4590 2601 4650 enim
2636 4596 2731 4650 est
2762 4607 2875 4650 ens
2908 4607 3020 4670 per
3052 4588 3418 4662 essentiam,

1918 4698 1982 4752 et
2013 4707 2153 4750 esse
2184 4689 2251 4749 in
2296 4706 2363 4749 se
2409 4695 2605 4760 stanS,
2638 4694 2736 4749 est
2767 4705 2966 4768 purus
3010 4695 3212 4761 actuS,
3245 4687 3420 4750 omni

1920 4805 2142 4849 carens
2191 4785 2454 4847 materia
2484 4792 2550 4846 et
2580 4783 2880 4866 potentia.
2917 4784 3069 4846 Esse
3108 4783 3283 4846 enim
3324 4803 3423 4847 se-

1919 4882 2201 4945 cundum
2235 4901 2301 4943 se
2340 4889 2437 4943 est
2467 4880 2741 4962 simplex
2772 4879 3191 4957 bonitas3nec
3220 4888 3428 4964 potest

1919 4999 2060 5043 esse
2105 4980 2469 5060 subjectum
2506 4997 2519 5040 :
2554 4978 2664 5040 sed
2709 4979 2921 5060 ipsum
2968 4979 3137 5058 quod
3172 4987 3289 5052 est,
3330 4987 3427 5041 cst

1923 5078 2307 5158 subjectum.
2338 5077 2400 5138 Si
2433 5094 2581 5156 ergo
2612 5083 2710 5137 est
2752 5075 2965 5157 ipsum
3000 5075 3427 5158 imparticipa-

1925 5185 2085 5249 tum,
2108 5175 2231 5238 erit
2260 5174 2639 5256 simpliciter
2659 5181 2723 5236 et
2742 5191 2867 5236 non
2902 5174 3255 5237 secundum
3286 5194 3425 5257 par-

1927 5283 2058 5338 tem
2088 5273 2351 5339 bonum.
2385 5273 2501 5336 Per
2527 5272 2691 5334 nihil
2730 5289 3005 5354 namque
3036 5281 3245 5357 potest
3282 5292 3423 5338 esse
