4300 6259
1022 493 1099 541 DE
1140 494 1366 542 Lunum
1412 494 1792 542 cnms'rIANAE
1833 494 2133 553 'rumam-2,
2179 495 2356 542 LIBER
2395 495 2461 543 ΙΙ.
2507 514 2587 527 --
2625 500 2764 545 ART.
2810 500 2932 546 Lvu

3405 480 3526 545 455

124 671 199 718 ne
232 674 401 720 mm.
422 664 609 740 dixit,
660 667 831 749 quod
890 666 1029 750 ipse
1084 666 1251 729 Deus
1300 682 1558 728 omnem
1606 661 2002 747 superem-A
2032 664 2214 727 sistat
2279 685 2486 749 neque
2545 669 2834 752 quiescat
2893 672 3094 735 donec
3152 672 3352 735 Deum
3413 689 3527 753 per

84 750 222 780 nom.
244 752 295 781 e.
314 753 375 783 tv·

148 1462 297 1507 nid.
318 1467 393 1509 ¹0.

84 1956 175 1997 Pa.
196 1971 325 2005 uxr,
347 1960 391 1997 5.

421 764 652 827 lestem
698 774 979 828 mentem
1024 782 1099 827 ae
1142 764 1735 846 supermundanum
1789 762 1922 825 ani-

422 881 603 925 mum
647 865 853 946 replet
893 862 1281 944 intelligibili
1325 863 1465 925 luce
1513 870 1574 925 et
1624 860 1921 924 deiformi

421 960 621 1023 radio.
656 962 726 1023 In
756 962 1003 1025 Psalmo
1033 980 1290 1045 quoque
1320 962 1399 1023 de
1429 967 1725 1044 praetacta
1752 968 1923 1042 pota-

284 1084 391 1121 ων,
422 1058 599 1122 tione
640 1061 879 1124 dicitur
919 1079 933 1124 ε
975 1059 1472 1123 inebriabuntur
1510 1060 1590 1122 ab
1636 1058 1923 1122 ubertate

420 1156 657 1221 domus
698 1167 843 1232 tuae,
876 1168 941 1223 et
976 1166 1257 1222 torrente
1285 1158 1630 1241 voluptatis
1659 1166 1783 1221 tuae
1813 1174 1923 1239 po-

422 1255 591 1319 tabis
620 1274 749 1321 eos.
784 1258 1031 1341 Quippe
1071 1256 1512 1320 inebriationis
1556 1256 1924 1339 potationis-

420 1372 551 1435 que
612 1355 809 1436 hujus
857 1356 1173 1436 originem
1235 1362 1299 1418 et
1354 1355 1535 1438 quasi
1588 1353 1917 1417 materiam

420 1452 797 1534 explanans,
844 1452 1109 1517 subdit:
1152 1453 1461 1527 Quoniam
1505 1452 1674 1534 apud
1720 1460 1783 1514 te
1825 1459 1923 1513 est

418 1550 569 1614 fons
600 1552 769 1626 vitm,
802 1560 865 1615 et
895 1552 961 1615 in
1003 1553 1247 1615 lumine
1277 1559 1385 1614 tuo
1425 1551 1788 1614 videbimus
1828 1550 1920 1611 lu-

420 1668 593 1711 men.
638 1650 965 1732 Tanquam
1005 1652 1177 1713 dicat
1208 1669 1221 1713 ε
1255 1650 1519 1713 Fluenta
1556 1649 1793 1733 quibus
1832 1648 1923 1709 in·

418 1747 868 1823 ebt-inbuatur,
903 1767 1031 1813 non
1059 1749 1191 1831 jam
1224 1748 1577 1831 corporalia
1608 1754 1778 1821 sunt,
1810 1746 1919 1809 sed

2032 766 2376 828 essentiam
2447 767 2936 850 contempletur,
3007 770 3299 852 sequitur
3357 770 3526 851 quod

2031 864 2386 926 secundum
2436 865 2724 929 ordinem
2765 886 2979 931 rerum
3021 867 3374 931 naturalem
3425 868 3530 930 de-

2030 960 2289 1025 beretur
2335 970 2400 1025 et
2451 967 2974 1046 corresponderet
3025 972 3238 1029 creato
3285 965 3531 1029 intelle-

2031 1061 2163 1123 ctui
2193 1060 2358 1124 visio
2387 1061 2500 1124 Dei
2531 1082 2645 1145 per
2671 1065 3012 1127 essentiam
3049 1082 3062 1126 :
3096 1065 3268 1147 quod
3296 1062 3530 1128 falsum

2032 1165 2146 1220 est.
2199 1158 2344 1222 Haec
2393 1179 2626 1243 nempe
2672 1161 2836 1226 visio
2880 1170 2978 1227 est
3027 1162 3532 1245 supernaturalis

2034 1256 2384 1332 beatitudo,
2416 1266 2480 1321 et
2517 1260 2655 1342 ipsa
2694 1261 2950 1343 penitus
2989 1261 3242 1325 excedit
3278 1267 3528 1324 natura·

2036 1354 2161 1417 lem
2206 1356 2620 1437 capacitatem
2663 1360 2895 1425 mentis
2935 1367 3181 1423 creatae.
3216 1359 3524 1441 Denique,

2032 1462 2409 1536 sequeretur
2438 1474 2669 1537 purum
2706 1457 3160 1540 philosophum
3191 1474 3380 1539 posse
3419 1476 3526 1519 na-

2031 1552 2222 1614 turali
2271 1552 2514 1616 ratione
2559 1556 2914 1629 ostendere,
2958 1563 3242 1619 creatum
3290 1554 3532 1618 intelle-

2032 1658 2207 1711 ctum
2253 1649 2332 1712 ad
2377 1650 2610 1714 divinae
2649 1653 2940 1717 essentiae
2977 1653 3292 1717 visionem
3343 1670 3530 1735 posse

2030 1748 2413 1831 pertingere.
2481 1749 2657 1823 Quod
2720 1751 2894 1813 enim
2963 1752 3207 1814 naturis
3281 1751 3529 1813 entium

418 1845 617 1909 rivuli
649 1848 796 1911 vitae
824 1866 902 1910 ex
934 1848 1109 1911 fonte
1140 1848 1287 1911 vitae
1316 1846 1755 1911 scaturientes
1781 1846 1921 1909 Pro-
1952 1847 2001 1910 B
2031 1847 2406 1909 naturaliter
2437 1847 2814 1931 inscriptum
2843 1858 3012 1923 est,a
3042 1850 3531 1932 philosophante

420 1953 643 2028 pterea
673 1946 738 2007 in
768 1945 893 2009 alio
924 1946 1172 2028 psalmo
1201 1947 1512 2028 scriptum
1544 1954 1641 2008 est
1664 1964 1677 2007 ε
1700 1944 1920 2026 Reple-

419 2042 641 2105 bimur
709 2043 775 2105 in
841 2044 1027 2106 bonis
1094 2044 1323 2107 domus
1387 2052 1531 2106 tuae.
1600 2042 1917 2125 Amplius,

70 2152 393 2205 loona-mn,
416 2142 679 2205 Joannis
721 2143 1251 2224 septimodecimo
1277 2143 1369 2205 ait
1397 2144 1679 2206 Salvator
1721 2159 1735 2203 ε
1775 2141 1919 2204 Haec

71 2220 114 2259 3.

110 2451 181 2494 1⁸.
203 2465 287 2499 Lx,
318 2454 391 2492 ¹9.

419 2248 517 2303 est
566 2241 699 2303 vita
746 2249 1001 2315 aeterna,
1052 2250 1123 2303 ut
1170 2248 1555 2322 cognoscant
1605 2248 1667 2303 >te
1716 2241 1916 2303 Deum

418 2357 670 2412 verum,
704 2347 768 2402 et
809 2358 1001 2422 quem
1041 2340 1273 2403 misisti
1309 2340 1525 2402 Jesum
1571 2338 1914 2402 Christum.

420 2437 491 2499 ln
520 2436 683 2499 Isaia
712 2454 967 2520 quoque
1010 2438 1249 2500 dicitur
1280 2455 1295 2499 :
1327 2438 1463 2501 Non
1505 2436 1627 2500 erit
1667 2435 1786 2498 tibi
1826 2436 1916 2498 sol

416 2535 703 2617 amplius
757 2536 838 2598 ad
894 2536 1237 2599 lucendum
1297 2554 1412 2618 per
1466 2536 1662 2609 diem,
1714 2553 1920 2616 neque

419 2634 729 2715 splendor
759 2634 925 2698 lunae
957 2634 1349 2697 illuminabit
1376 2641 1475 2713 te;
1509 2634 1618 2697 sed
1649 2634 1773 2696 erit
1800 2632 1919 2695 tibi

418 2731 733 2794 Dominus
782 2732 845 2794 in
891 2732 1103 2795 lucem
1148 2732 1627 2815 sempiternam,
1662 2739 1725 2795 et
1754 2732 1921 2794 Deus

418 2828 489 2891 in
530 2829 803 2911 gloriam
850 2838 1050 2893 tuam.

500 2927 645 2990 Haec
674 2934 773 2990 est
803 2927 995 3009 igitur
1025 2928 1258 2993 divinae
1288 2937 1518 2992 nostrae
1559 2928 1715 2991 fidei
1754 2927 1920 3010 sapi-

418 3025 677 3089 entialis
710 3027 975 3101 theoria,
1008 3028 1087 3090 de
1130 3026 1313 3089 finali
1360 3034 1573 3089 nostra
1616 3026 1921 3089 felicitate
1956 3025 1999 3090 C

418 3124 725 3187 erudiens
772 3144 887 3187 nos
930 3125 1051 3189 hoc
1098 3126 1302 3190 modo.
1337 3126 1701 3197 Enimver0,
1735 3124 1920 3187 ratio·

306 3250 389 3279 m.
418 3241 538 3285 nes
598 3223 889 3305 quaedam
941 3224 1005 3285 in
1058 3224 1269 3306 primo
1324 3224 1701 3287 introductae
1748 3232 1916 3296 sunt,

418 3320 661 3402 quibus
718 3321 909 3403 aliqui
969 3322 1405 3385 demonstrare
1462 3322 1741 3395 student,
1792 3340 1919 3384 non

419 3436 612 3501 posse
670 3421 1001 3502 quiescere
1049 3427 1111 3482 et
1159 3421 1431 3503 quietari
1492 3420 1919 3484 intellectuale

418 3524 649 3581 creatae
682 3518 914 3582 mentis
945 3518 1335 3581 desiderium
1377 3519 1685 3592 naturale,
1717 3520 1919 3581 donec

420 3634 538 3698 per
566 3617 913 3679 essentiam
947 3617 1237 3679 videatur
1268 3618 1474 3699 prima
1512 3618 1761 3680 veritas,
1800 3618 1920 3681 Sed

421 3713 559 3775 illic
617 3721 945 3776 ostensum
1008 3722 1127 3788 est,
1178 3734 1399 3778 eorum
1458 3716 1736 3778 rationes
1792 3734 1920 3778 non

420 3811 559 3875 fore
590 3811 893 3875 efficaces
931 3812 1009 3875 ad
1052 3813 1455 3895 probandum
1500 3814 1774 3877 naturali
1817 3815 1925 3877 de-

419 3910 749 3983 ductione,
784 3919 1068 3974 creatum
1099 3912 1497 3975 intellectum
1529 3914 1593 3975 in
1626 3913 1922 3995 hujusce-

424 4009 599 4071 modi
628 4010 739 4072 Dei
774 4009 1021 4073 visione
1051 4009 1373 4085 felicitari,
1408 4010 1506 4074 vel
1547 4012 1739 4074 etiam
1780 4031 1921 4075 eam

424 4108 702 4171 naturali
752 4106 1069 4171 desiderio
1112 4115 1434 4190 appetere,
1487 4128 1687 4192 quum
1738 4119 1921 4173 natu-

2030 1945 2263 2009 discuti
2296 1945 2488 2009 habet
2520 1964 2535 2009 ε
2571 1948 2674 2010 cui
2710 1948 2830 2011 hoc
2870 1966 3126 2031 quoque
3166 1948 3526 2022 innotescit,

2028 2044 2200 2126 quod
2232 2045 2518 2109 naturale
2557 2046 2947 2109 desiderium
2989 2047 3178 2109 inane
3222 2064 3347 2109 non
3389 2064 3530 2127 per-

2032 2150 2266 2206 manet.
2303 2144 2422 2206 Sed
2453 2145 2621 2226 quod
2655 2145 2774 2208 ista
2818 2145 2930 2208 Dei
2971 2144 3136 2209 visio
3177 2164 3214 2207 a
3255 2143 3528 2207 naturali

2032 2241 2413 2326 philosopho
2459 2262 2590 2307 non
2638 2254 2830 2327 queat
2883 2246 3156 2313 ostendi,
3206 2244 3270 2307 in
3319 2243 3529 2327 primo

2033 2340 2244 2404 lucide
2289 2342 2693 2405 tractabatur.
2738 2344 2874 2406 lllic
2919 2344 3160 2426 quippe
3202 2350 3352 2406 sunt
3393 2343 3527 2407 haec
3553 2370 3740 2411 unm.

2028 2440 2247 2502 omnia
2283 2440 2687 2503 manifestius
2730 2441 2945 2504 habita
2992 2459 3006 2504 :
3056 2441 3199 2505 ideo
3245 2440 3528 2504 sufficiat

2030 2556 2104 2601 ea
2146 2537 2252 2599 hic
2295 2537 2579 2620 tetigisse
2619 2539 2740 2603 hoc
2785 2540 2992 2604 modo.

2415 2820 2904 2886 ARTIGULUS
2951 2821 3158 2885 LVII.

2032 2964 2218 3030 Quod
2251 2979 2376 3038 per
2404 2963 2658 3020 nullam
2689 2968 2977 3020 creatam
3017 2960 3359 3021 essentiam
3391 2968 3532 3019 tan-

2109 3070 2308 3129 quam
2329 3068 2454 3125 per
2485 3050 2968 3125 intelliyibilem
2999 3050 3293 3125 speciem,
3316 3050 3536 3109 videri

2107 3140 2309 3215 possit
2327 3141 2502 3199 Deus
2521 3139 2721 3198 sicuti
2747 3146 2866 3207 est,
2881 3158 2996 3199 seu
3017 3156 3142 3215 per
3163 3138 3532 3208 essentiam,

2116 3231 2212 3287 vel
2235 3228 2457 3303 potius
2487 3228 2557 3286 in
2591 3228 2888 3288 essentia.

2165 3421 2510 3486 NIMVERO
2541 3440 2802 3486 necesse
2831 3428 2928 3484 est
2956 3421 3309 3485 intellectui
3350 3422 3536 3485 intel-

2196 3520 2510 3601 ligibilem
2541 3520 2709 3583 uniri
2743 3520 3025 3602 speciem
3061 3519 3366 3582 intellecti
3391 3538 3531 3583 :ne-

2032 3639 2158 3703 que
2195 3620 2370 3683 enim
2414 3619 2558 3701 plus
2597 3618 3131 3681 determinaretur
3171 3616 3533 3682 intellectus

2029 3719 2109 3780 ad
2140 3718 2336 3798 hujus
2367 3716 2659 3779 essentiae
2691 3735 2799 3777 seu
2833 3716 3120 3778 veritatis
3151 3716 3536 3798 contempla-

2031 3818 2271 3879 tionem
2323 3834 2514 3896 quam
2563 3815 2847 3889 alterius,
2899 3814 3022 3878 nisi
3073 3834 3141 3877 se
3190 3815 3404 3898 ipsum
3454 3815 3533 3878 ad

2034 3915 2218 3977 istius
2251 3912 2677 3994 intelligibilis
2708 3912 3196 3975 similitudinem
3236 3931 3309 3974 ac
3350 3912 3531 3975 intel-

2034 4012 2370 4076 lectualem
2441 4011 2723 4093 speciem
2793 4018 3213 4074 converteret.
3284 4010 3528 4086 Adhuc,

2035 4109 2440 4191 intelligibile
2499 4116 2595 4171 est
2654 4109 2718 4170 in
2779 4107 3197 4189 intelligente,
3249 4108 3416 4171 sicut
3470 4118 3534 4172 et

423 4207 557 4269 rale
599 4206 989 4269 desiderium
1034 4208 1315 4288 speciem
1361 4208 1451 4269 rei
1492 4216 1815 4291 sequatur,
1862 4219 1924 4272 et
1956 4209 2004 4270 D
2036 4208 2484 4273 universaliter
2541 4226 2732 4270 omne
2790 4206 3117 4287 cognitum
3179 4207 3244 4270 in
3303 4226 3532 4289 cogno-

424 4306 495 4367 in
527 4306 590 4368 id
619 4324 751 4369 non
790 4306 1007 4369 tendat
1046 4306 1109 4368 in
1156 4306 1326 4388 quod
1372 4308 1745 4371 naturaliter
1785 4328 1921 4390 per-

422 4405 673 4485 tingere
722 4404 963 4485 nequit.
1016 4405 1085 4466 In
1134 4405 1299 4467 hanc
1346 4414 1558 4467 autem
1609 4406 1921 4469 visionem

420 4502 702 4565 naturali
774 4503 1011 4564 virtute
1083 4519 1209 4564 non
1283 4503 1449 4565 valet
1518 4521 1921 4585 consurgere,

422 4610 499 4663 ut
546 4601 674 4665 cito
728 4600 983 4683 plenius
1034 4600 1297 4682 patebit.
1354 4602 1593 4671 Denuo,
1639 4604 1925 4665 naturale

420 4700 817 4763 desiderium
848 4717 977 4761 non
1008 4718 1075 4761 se
1104 4700 1391 4762 extendit
1421 4700 1586 4762 ultra
1624 4702 1929 4783 capacita-

421 4807 557 4861 tem
588 4796 1275 4860 naturalem.Naturale
1306 4798 1479 4861 enim
1510 4800 1923 4871 desiderium,

421 4897 783 4961 secundum
816 4896 1107 4959 ordinem
1142 4914 1355 4958 rerum
1389 4897 1764 4971 naturalem,
1798 4899 1927 4960 fru-

422 5005 559 5059 stra
596 5013 722 5057 non
764 5000 973 5076 potest
1010 4994 1381 5067 consistere,
1423 5014 1622 5075 quum
1663 4996 1826 5058 Deus
1868 5004 1933 5059 et

424 5100 659 5156 natura
699 5092 790 5154 nil
833 5092 1071 5154 frustra
1114 5090 1369 5164 faciant,
1404 5093 1757 5155 secundum
1798 5094 1932 5156 Ari-

424 5192 725 5257 stotelem
766 5191 833 5253 in
871 5190 949 5253 de
993 5190 1165 5253 Coelo
1214 5198 1280 5253 et
1326 5192 1583 5253 mundo.
1629 5191 1691 5253 Si
1743 5191 1935 5273 igitur

429 5290 723 5354 naturale
754 5288 1145 5353 desiderium
1176 5288 1372 5351 creati
1404 5289 1767 5353 intellectus
1806 5308 1933 5354 non

2034 4316 2292 4385 scente3
2333 4324 2460 4368 non
2509 4314 2722 4368 autem
2774 4323 2886 4387 per
2933 4305 3277 4368 essentiam
3322 4324 3335 4369 :
3378 4325 3532 4388 quo-

2034 4408 2208 4470 niam
2269 4423 2395 4469 non
2443 4404 2628 4486 lapiS‚
2679 4404 2789 4467 sed
2837 4404 3086 4485 species
3131 4404 3272 4485 ejus
3321 4412 3418 4468 est
3467 4405 3530 4467 in

2033 4506 2268 4577 anima,
2321 4502 2674 4565 secundum
2725 4501 3148 4565 Aristotelem.
3203 4502 3346 4565 Haec
3382 4520 3534 4565 vero

2036 4602 2285 4684 species
2328 4601 2421 4663 rei
2466 4599 2822 4672 intellectae,
2859 4598 3282 4680 intelligibilis
3313 4600 3536 4662 simili·

2035 4701 2190 4762 tudo
2221 4697 2597 4781 appellatur.
2623 4697 2833 4769 Porro,
2857 4715 3056 4777 quum
3087 4697 3298 4759 omnis
3327 4698 3538 4778 cogni-

2037 4800 2149 4871 tio,
2202 4804 2265 4859 et
2315 4796 2668 4878 praesertim
2729 4794 3202 4869 intellectualiS,
3252 4795 3369 4857 fiat
3424 4814 3539 4878 per

2038 4896 2567 4959 assimilationem
2607 4892 2974 4974 quamdam,
3007 4894 3360 4955 secundum
3401 4895 3538 4957 Ari-

2040 4995 2333 5058 stotelem
2384 4994 2449 5055 in
2501 4992 2764 5062 Ethicis,
2817 4990 2882 5052 in
2933 4997 3244 5072 quantum
3294 4993 3542 5055 scilicet

2041 5112 2156 5175 per
2184 5092 2464 5174 speciem
2499 5087 2967 5169 intelligibilem
3001 5089 3360 5171 intelligens
3389 5091 3540 5153 assi-

2043 5191 2304 5253 milatur
2334 5189 2691 5267 intellect03
2724 5206 2984 5249 necesse
3015 5195 3113 5250 est
3143 5188 3403 5250 modum
3445 5188 3538 5249 in-

2042 5288 2426 5354 tellectionis
2457 5287 2646 5351 modo
2684 5284 3162 5350 assimilationis
3199 5286 3395 5369 huJus
3433 5304 3542 5370 pa-
