4300 6259
807 504 930 570 246

1426 526 1508 572 DE
1549 523 1777 573 Lunum
1819 522 2202 572 cumsTIANAE
2244 523 2547 581 Tamum,
2591 523 2767 570 LIBER
2808 525 2848 570 l.
2893 543 2974 553 —
3014 525 3153 571 ΛΒΤ.
3198 525 3287 571 ΧΠ

811 694 967 757 dum
1014 695 1446 759 conditionem
1495 695 1842 758 harmoniae
1889 693 2040 776 agit,
2097 701 2163 758 et
2210 698 2308 755 est
2334 691 2386 755 A
2414 701 2725 758 aeternum
2754 703 2851 760 est
2879 702 2943 759 et
2971 693 3427 768 ininchoabile,
3459 699 3524 756 et
3545 698 3789 764 tamen,
3821 708 3925 753 se·

811 801 990 856 actus
1019 794 1263 876 organi,
1287 794 1639 857 secundum
1663 792 1863 857 Rabbi
1883 793 2160 876 Moysen.
2181 791 2306 853 Hu-

808 890 1168 972 juscemodi
1210 898 1422 954 autem
1452 891 1653 954 virtus
1697 891 2015 972 dependet
2044 898 2107 952 et
2137 889 2308 952 inni-

812 990 971 1052 titur
995 989 1478 1071 suscept-acu103
1511 990 1621 1052 sed
1652 996 1717 1052 et
1745 990 1822 1051 ad
1855 997 2146 1051 naturam
2179 1005 2311 1050 cor-

813 1088 988 1170 poris
1035 1088 1456 1150 determinata
1502 1095 1620 1160 est,
1674 1087 1955 1151 materiae
1995 1086 2309 1149 exsistens

813 1185 1141 1267 perfectio,
1173 1186 1474 1267 quoniam
1524 1204 1600 1248 ex
1647 1185 1928 1248 bonitate
1967 1184 2311 1247 harmoniae

811 1291 877 1345 et
902 1283 1120 1364 organi
1153 1282 1444 1347 consistit
1471 1283 1726 1347 virtutis
1765 1283 1909 1346 talis
1948 1281 2259 1366 perfectio
2292 1299 2306 1343 z

810 1381 865 1444 si
899 1399 1174 1463 namque
1202 1383 1302 1462 (ut
1330 1382 1419 1444 ait
1447 1381 1845 1461 Aristoteles)
1873 1381 2077 1443 virtus
2107 1379 2313 1442 visiva

810 1480 982 1542 senis
1040 1480 1134 1543 sic
1187 1479 1498 1563 disposito
1556 1481 1794 1543 inesset
1851 1496 2086 1560 organo
2147 1479 2313 1540 sicut

809 1576 1192 1660 dispositum
1233 1585 1329 1640 est
1365 1577 1623 1659 juvenis
1662 1578 1938 1641 visivum
1979 1594 2310 1658 organum,

809 1684 1026 1756 ageret
1064 1676 1285 1757 utique
1315 1675 1482 1737 sicut
1510 1676 1684 1739 visus
1711 1675 2004 1756 junioriS.
2040 1675 2175 1737 Iam
2205 1694 2315 1736 au·-

810 1780 939 1836 tem
970 1781 1117 1835 ante
1145 1773 1489 1835 deductum
1511 1782 1624 1848 est,
1647 1774 1817 1856 quod
1849 1772 2142 1835 divinum
2174 1790 2313 1834 esse

2416 793 2699 856 cundum
2756 811 2921 868 eam,
2984 811 3111 856 non
3170 799 3269 856 est
3324 792 3499 855 aliud
3563 789 3923 872 generatio,

2415 909 2607 972 quam
2639 891 2839 954 divini
2873 909 3012 953 esse
3043 889 3329 954 formalis
3358 887 3785 973 participatio.
3802 884 3929 949 Ad-

2417 989 2566 1063 huc,
2590 988 2941 1052 secundum
2964 989 3309 1062 eam,Deus
3338 994 3436 1049 est
3465 1004 3613 1068 pars
3644 984 3929 1058 rei,eam

2418 1087 2843 1150 essentialiter
2886 1087 3281 1150 constituens
3315 1103 3329 1147 ε
3365 1085 3581 1167 itaque
3623 1082 3927 1147 divinum

2419 1205 2561 1248 esse
2599 1186 2988 1267 dependeret
3023 1185 3101 1247 ad
3142 1183 3339 1258 aliud,
3382 1190 3444 1247 et
3484 1189 3656 1246 esset
3686 1181 3931 1262 imper-

2422 1282 2651 1347 fectius
2684 1284 2826 1365 ipso
2866 1290 3017 1346 tot-o.
3056 1283 3346 1364 Insuper,
3377 1281 3586 1345 forma
3627 1286 3725 1342 est
3766 1277 3933 1341 finis

2422 1382 2743 1460 materiae3
2775 1399 2895 1444 nec
2925 1380 3339 1462 conjungitur
3376 1379 3582 1442 forma
3614 1377 3929 1450 materiae‚

2421 1481 2543 1543 nisi
2577 1487 2837 1563 propter
2865 1479 3105 1542 bonum
3137 1479 3359 1542 formae
3392 1478 3721 1558 :digniora
3748 1495 3937 1538 nam-

2422 1597 2547 1659 que
2578 1584 2728 1640 sunt
2756 1576 2922 1639 sines
2968 1576 3444 1658 ignobiliorum.
3489 1575 3554 1639 Si
3597 1574 3794 1656 igitur
3829 1573 3937 1635 di·

2422 1672 2646 1739 vinum
2684 1694 2825 1738 esse
2864 1675 3249 1738 materiebus
3291 1675 3530 1737 entium
3569 1671 3943 1735 formaliter

2423 1775 3021 1848 communicaretur,
3052 1773 3257 1836 divini
3294 1791 3435 1836 esse
3474 1770 3784 1854 perfectio
3822 1771 3941 1833 de-

810 1871 1074 1935 omnino
1104 1890 1339 1954 purum
1361 1879 1458 1934 est
1478 1879 1541 1934 et
1560 1871 1739 1935 nullo
1769 1890 1962 1952 egens
1993 1877 2313 1952 suscepta·
2350 1871 2395 1934 B
2423 1874 2732 1955 penderet
2766 1890 2803 1933 a
2840 1873 3101 1935 materia
3134 1889 3148 1933 ε
3183 1872 3354 1955 quod
3392 1889 3575 1932 mens
3612 1867 3937 1950 sapientis

811 1969 958 2033 culo
993 1986 1006 2031 τ
1048 1987 1176 2032 non
1216 1974 1313 2031 est
1354 1987 1505 2050 ergo
1546 1970 1713 2032 Deus
1757 1969 2042 2052 corporis
2083 1969 2309 2030 virtus.

1213 2232 1702 2297 ARTIGULUS
1748 2233 1906 2296 XII.

815 2381 999 2448 Quod
1025 2382 1200 2440 Deus
1235 2381 1322 2438 sit
1360 2398 1491 2438 esse
1521 2388 1805 2450 tantum,
1839 2381 2016 2439 nulli
2036 2398 2314 2456 prorsus

891 2468 1369 2538 commiscibile,
1412 2470 1482 2527 in
1525 2469 1856 2545 semetipso
1895 2469 2315 2528 incommuta-

893 2557 1117 2617 biliter
1147 2575 1596 2632 perseverans,

953 2750 1260 2825 ENIQUE,
1290 2770 1488 2832 quum
1523 2769 1662 2813 esse
1701 2751 1782 2813 sit
1810 2751 2112 2814 omnibus
2141 2770 2311 2814 com-

982 2867 1197 2922 mune,
1232 2848 1323 2909 nil
1352 2856 1566 2912 autem
1597 2866 1939 2911 commune
1970 2849 2046 2910 fit
2083 2867 2311 2931 appro-

814 2946 1090 3029 priatum
1153 2945 1289 3018 uni,
1350 2947 1474 3008 nisi
1543 2965 1654 3028 per
1711 2947 2309 3010 determinationem

2424 1990 2550 2035 non
2582 1971 2881 2053 concipit.
2917 1972 2997 2033 At
3024 1988 3177 2033 vero
3206 1987 3334 2052 quo
3364 1969 3571 2032 forma
3610 1967 3936 2030 actualior

2422 2079 2541 2143 est,
2573 2088 2648 2133 eo
2676 2089 2713 2131 a
2746 2069 3010 2132 materia
3040 2075 3137 2132 est
3166 2068 3446 2131 liberior.
3483 2067 3788 2130 Divinum
3815 2084 3934 2127 au-

2422 2177 2552 2231 tem
2584 2186 2747 2242 esse,
2772 2168 3128 2229 secundum
3162 2174 3570 2248 praeostensa,
3593 2171 3691 2227 est
3720 2182 3935 2246 purus

2421 2273 2623 2339 actuS,
2647 2265 2924 2328 totaliter
2953 2270 3018 2326 et
3046 2263 3549 2327 substantialiter
3581 2261 3873 2325 formalis
3914 2279 3931 2322 :

2423 2362 2679 2424 infinite
2724 2379 2874 2442 ergo
2918 2379 3175 2424 omnem
3228 2360 3509 2422 materiae
3556 2365 3933 2422 contactum

2422 2460 2635 2523 evadit
2680 2478 2820 2521 esse
2865 2459 2975 2521 Dei
3028 2459 3264 2520 summi
3308 2465 3371 2521 et
3413 2456 3759 2520 benedicti.

2498 2559 2635 2620 Jam
2667 2557 2862 2637 igitur
2889 2563 3135 2618 constat
3165 2555 3457 2618 divinum
3487 2573 3629 2618 esse
3658 2554 3933 2617 omnino

2423 2654 2959 2718 incommiscibile
2988 2653 3141 2716 fore.
3164 2654 3425 2735 Propter
3454 2652 3624 2734 quod
3658 2652 3725 2714 in
3758 2651 3932 2713 libro

2422 2753 2766 2816 Causarum
2798 2753 3109 2834 scriptum
3140 2759 3258 2826 est,
3290 2752 3459 2833 quod
3492 2750 3702 2834 prima
3733 2770 3933 2814 causa

2422 2872 2498 2916 ex
2531 2853 2669 2934 ipsa
2699 2872 2828 2915 suae
2857 2851 3160 2914 bonitatis
3193 2851 3468 2932 puritate
3497 2849 3578 2913 ab
3618 2850 3933 2913 omnibus

2422 2950 2837 3031 distinguitur
2864 2955 2929 3011 et
2957 2949 3428 3030 quodammodo
3459 2947 3926 3010 individuatur.

812 3043 1093 3124 aliquam
1125 3042 1229 3106 vel
1259 3043 1672 3124 specificetur
1700 3044 1803 3106 vel
1834 3044 2309 3124 individuetur3
2350 3044 2393 3108 C
2422 3049 2597 3111 Unde
2629 3067 2849 3110 rursus
2880 3047 3011 3110 illic
3040 3047 3276 3110 dicitur
3307 3065 3321 3109 :
3356 3046 3557 3110 Causa
3588 3046 3801 3128 prima
3830 3054 3935 3108 est

813 3140 1106 3203 divinum
1139 3156 1290 3202 vero
1327 3159 1466 3202 esse
1507 3141 2066 3203 indeterminatum
2112 3144 2314 3205 omni-

813 3254 899 3300 no
927 3243 1045 3311 est,
1080 3237 1322 3299 nullam
1356 3255 1616 3319 prorsus
1655 3238 2012 3320 suscipiens
2050 3241 2315 3303 additio-

815 3354 987 3409 nem,
1020 3353 1221 3416 quum
1254 3336 1337 3397 sit
1374 3335 1648 3417 simplex
1675 3343 1740 3398 et
1770 3337 2262 3401 incontrahibile
2296 3358 2309 3402 :

815 3432 1078 3496 fuerunt
1115 3434 1315 3515 aliqui
1353 3434 1462 3516 qui
1503 3433 1802 3496 dixerunt
1839 3435 2128 3498 divinum
2174 3455 2313 3500 esse

816 3531 1321 3595 substantialiter
1386 3532 1946 3606 communicabile,
2009 3541 2310 3616 tanquam

815 3629 1102 3693 omnium
1137 3630 1448 3692 exsistens
1480 3649 1619 3692 esse
1653 3630 2311 3707 formale.—RursuS,

813 3727 1371 3810 simplicissimum
1431 3735 1528 3790 est
1585 3728 1651 3790 id
1710 3728 1775 3790 in
1835 3747 1963 3811 quo
2021 3731 2313 3793 omnium

814 3833 938 3888 stat
985 3825 1277 3888 ultimate
1323 3825 1630 3888 resolutio
1682 3843 1697 3888 ε
1749 3827 1901 3908 quia
1948 3827 2120 3890 enim
2186 3847 2311 3892 non

815 3924 944 3986 itur
975 3924 1039 3986 in
1071 3923 1168 3986 int'
1174 3924 1427 3998 initum,
1447 3942 1708 3986 necesse
1736 3933 1834 3987 est
1862 3924 2018 3987 illud
2051 3927 2315 3989 omnino

813 4021 1218 4085 irresolubile
1261 4021 1414 4084 sore.
1465 4022 1631 4084 Deus
1679 4030 1917 4094 autem,
1959 4025 2314 4086 secundum

773 4170 785 4182 .
816 4120 1139 4203 praedicta,
1170 4127 1268 4183 est
1304 4139 1444 4184 esse
1484 4120 2039 4202 simplicissimum
2081 4130 2146 4184 et
2185 4141 2315 4186 om-

2424 3148 2488 3208 in
2521 3145 2847 3220 omnibuS,
2882 3153 3301 3228 praeterquam
3346 3146 3515 3227 quod
3553 3145 3937 3208 commisee-

2423 3252 2565 3306 atur
2611 3244 2723 3306 eis.
2774 3243 2888 3307 Cui
2934 3242 3282 3306 conformis
3325 3252 3422 3305 est
3462 3260 3675 3306 sermo
3716 3242 3928 3306 Procli

2423 3341 2695 3403 dicentis
2729 3359 2742 3403 :
2778 3341 2976 3404 Omne
3007 3341 3177 3422 quod
3206 3341 3415 3422 prima
3444 3359 3637 3403 causa
3659 3340 3927 3410 dicitur,

2422 3440 2763 3502 exaltatum
2797 3446 2894 3502 est
2920 3439 3000 3501 ab
3031 3438 3301 3516 effectu;
3324 3447 3388 3502 et
3418 3439 3648 3501 iterum
3668 3438 3931 3502 :Omnis

2424 3556 2613 3600 causa
2643 3537 3020 3620 productiva
3048 3536 3345 3610 aliorum,
3379 3555 3645 3600 manens
3674 3538 3816 3618 ipsa
3858 3537 3929 3598 in

2422 3655 2491 3699 se
2524 3637 2680 3718 ipsa,
2713 3636 3009 3718 producit
3038 3655 3179 3716 quae
3212 3643 3355 3717 post
3382 3654 3451 3698 se
3481 3642 3544 3698 et
3571 3655 3712 3716 quae
3741 3635 3929 3698 dein-

2423 3751 2605 3816 ceps;
2638 3741 2701 3796 et
2728 3753 2950 3795 rursus
2976 3751 2989 3794 :
3015 3732 3234 3796 Omnis
3264 3733 3419 3795 deus
3448 3733 3540 3813 (id
3572 3742 3671 3796 est
3696 3732 3930 3796 idealis

2423 3831 2703 3909 forma)a
2733 3849 3141 3913 quocumque
3172 3831 3485 3914 inceperit
3508 3831 3735 3894 ordine
3761 3831 3929 3922 emi·-

2424 3947 2567 3991 care
2598 3947 2665 3991 se
2696 3929 2931 4010 ipsum,
2952 3929 3238 4010 procedit
3266 3947 3381 4010 per
3409 3930 3645 4002 omnia,
3662 3947 3927 4011 semper

2424 4027 2684 4108 quidem
2748 4026 3128 4109 plurificans
3178 4046 3323 4090 suas
3371 4028 3795 4090 derivationes
3857 4036 3927 4090 et

2424 4126 2728 4206 partienS,
2762 4144 3021 4188 servans
3050 4133 3263 4189 autem
3296 4127 3749 4210 proprietatem
3780 4145 3926 4208 pro-

815 4217 970 4280 nino
1014 4217 1435 4280 irresolubile.
1469 4218 1736 4280 Videtur
1780 4237 1930 4300 ergo
1980 4219 2045 4281 in
2095 4221 2314 4284 divino
2345 4225 2393 4286 D
2425 4223 2579 4306 priae
2610 4223 3041 4306 hypostaseos.
3076 4223 3165 4286 Ex
3210 4223 3311 4286 his
3356 4243 3589 4307 nempe
3631 4225 3921 4288 lucidum

815 4332 956 4377 esse
1014 4315 1240 4376 sistere
1297 4333 1511 4377 rerum
1565 4315 1891 4378 resolutio.
1953 4317 2318 4380 Resolvitur

813 4430 967 4476 vero
998 4413 1502 4495 unumquodque
1534 4413 1597 4475 in
1631 4432 1704 4476 ea
1734 4433 1811 4476 ex
1844 4415 2079 4496 quibus
2109 4416 2316 4478 subsi-

813 4511 924 4574 stit
965 4529 978 4573 :
1022 4529 1101 4573 ex
1133 4510 1351 4573 divino
1381 4510 1578 4592 igitur
1606 4531 1746 4575 esse
1774 4514 1991 4576 omnia
2020 4513 2309 4577 substan-

810 4608 1048 4671 tialiter
1077 4609 1418 4671 constituta
1445 4617 1677 4672 essent.

891 4707 1020 4770 Hoc
1061 4714 1275 4770 autem
1325 4708 1643 4788 pessimus
1691 4725 1870 4770 error
1911 4716 2026 4771 est.
2075 4709 2309 4773 Omnes

811 4806 987 4869 enim
1016 4823 1230 4868 rerum
1274 4805 1528 4868 ordines
1574 4806 1844 4868 destruit
1883 4825 1896 4868 :
1935 4807 2090 4870 ordo
2132 4809 2306 4871 enim

811 4903 1096 4967 universi
1129 4903 1194 4966 in
1225 4903 1594 4966 diversitate
1623 4904 1986 4986 specierum
2027 4913 2090 4968 et
2131 4914 2309 4969 natu-

809 5019 1025 5064 rarum
1056 5000 1386 5079 consistit3
1420 5001 1554 5064 haec
1582 5008 1796 5064 autem
1828 5003 2062 5084 positio
2101 5005 2307 5066 omni-

809 5117 922 5161 um
951 5097 1220 5162 formale
1249 5115 1388 5161 esse
1416 5099 1646 5161 asserit
1674 5099 1842 5162 idem
1874 5099 2026 5163 fore.
2053 5101 2307 5164 Praeter-

808 5215 904 5271 ea,
944 5195 1420 5278 generationem
1450 5203 1514 5258 et
1544 5197 2018 5279 corruptionem
2056 5200 2303 5262 entium

807 5293 1193 5358 naturalium
1240 5292 1406 5356 tollit
1450 5310 1466 5355 ε
1507 5293 1798 5358 divinum
1841 5314 2120 5378 namque
2162 5317 2303 5363 esse

2425 4321 2521 4393 rit,
2555 4322 2725 4402 quod
2766 4321 3057 4406 divinum
3098 4340 3237 4386 esse
3278 4322 3341 4384 in
3384 4342 3451 4386 se
3494 4323 3633 4404 ipso
3676 4323 3923 4386 incom-

2425 4419 2820 4481 mutabiliter
2861 4427 3242 4501 perseverat.

2503 4517 2752 4599 Quippe
2780 4536 2950 4579 nunc
2976 4518 3171 4580 claret
3194 4519 3787 4600 antiquissimorum
3818 4539 3921 4582 er-

2422 4633 2546 4689 ror,
2592 4615 2700 4697 qui
2746 4617 2948 4678 Deum
2992 4616 3292 4679 dixerunt
3331 4637 3473 4680 esse
3513 4636 3701 4682 omne
3743 4620 3919 4700 quod

2420 4721 2516 4777 est
2552 4731 2565 4774 :
2600 4714 2767 4776 sicut
2807 4714 3069 4777 Hermes
3100 4715 3429 4798 AEgyptius
3467 4717 3920 4798 Trismegistus

2419 4820 2483 4874 et
2527 4811 2752 4894 Apollo
2794 4812 3190 4892 Trismegisti
3238 4814 3594 4897 discipulus
3642 4816 3921 4896 philoso-

2418 4909 2594 4992 phati
2626 4917 2793 4972 sunt.
2827 4909 2931 4971 Ait
2959 4928 3237 4992 namque
3275 4912 3539 4975 Hermes
3578 4913 3918 4996 Trismegi-

2418 5014 2575 5080 stuS,
2620 5008 2821 5070 Deum
2853 5026 2993 5070 esse
3031 5024 3222 5070 omne
3261 5009 3432 5090 quod
3471 5017 3587 5072 est.
3634 5011 3756 5073 Sed
3800 5012 3917 5074 du-

2416 5103 2692 5186 pliciter,
2736 5105 2965 5186 inquit,
3008 5106 3447 5169 consideratur
3493 5107 3681 5182 Deus,
3728 5109 3794 5171 in
3842 5130 3916 5174 se

2413 5202 2730 5278 videlicet,
2778 5211 2841 5266 et
2884 5203 2950 5264 in
2994 5205 3276 5268 secundo
3317 5205 3438 5272 deo
3480 5225 3675 5289 quem
3717 5226 3797 5271 ex
3840 5229 3913 5272 se

2413 5299 2552 5384 ipso
2582 5301 2913 5365 constituit
2942 5301 3141 5364 :etin
3172 5321 3241 5366 se
3270 5303 3534 5386 quidem
3564 5305 3703 5388 ipse
3731 5306 3910 5371 solus
