4300 6259
637 3656 721 3696 art.
742 3666 793 3695 w
806 3654 850 3695 et
865 3664 902 3695 s.

920 488 1041 552 430
1492 506 1571 552 na
1611 504 1838 551 tumme
1880 501 2264 551 cnnrsrmw
2303 499 2603 558 mount,
2649 502 2824 548 mnan
2865 502 2927 548 n.
2974 521 3054 531 —
3095 504 3233 550 aar.
3279 503 3470 549 xxxtv

928 673 1139 747 inniti,
1172 682 1237 737 et
1266 692 1390 737 non
1432 674 1644 757 potius
1686 674 1751 736 in
1798 671 2186 735 solidissima
2226 670 2428 732 incre·
2458 670 2508 733 A
2538 670 2628 733 Ad
2661 671 2950 753 quintam
2983 675 3442 755 responderent
3471 671 3746 737 veritatis
3777 670 3967 745 hostes,

925 781 1042 835 atae
1082 774 1365 836 veritatis
1406 774 1711 836 firmitate
1754 770 2049 843 stabiliri,
2095 768 2430 831 ostenden-

925 872 1080 933 dum
1130 879 1227 933 est
1284 872 1709 954 praeinductas
1768 869 2044 931 rationes
2102 885 2232 929 non
2288 884 2429 928 esse

925 969 1471 1031 demonstrativas.
1534 970 1655 1032 Sed
1714 985 1843 1030 non
1902 966 2178 1029 multum
2236 964 2430 1046 cupio

925 1068 1199 1130 rationes
1240 1068 1352 1130 has
1394 1068 1643 1131 curiose
1692 1066 1939 1129 solvere
1986 1081 2001 1125 t
2049 1064 2181 1126 imo
2221 1082 2430 1144 neque

926 1165 1243 1229 solvendae
1274 1173 1508 1239 essent,
1544 1165 1665 1227 nisi
1714 1163 1970 1246 quidam
2020 1180 2126 1224 eas
2170 1161 2431 1223 demon-

925 1264 1219 1326 strativas
1273 1264 1733 1326 existimarent.
1777 1261 2105 1325 Solvendae
2145 1267 2294 1321 sunt
2336 1278 2428 1322 er-

924 1378 1004 1441 go
1045 1359 1447 1435 brevissime,
1489 1367 1560 1423 ut
1596 1366 1975 1440 agnoscatur
2018 1356 2294 1439 qualiter
2334 1357 2426 1418 eis

922 1457 1217 1521 obvietur
1245 1479 1282 1521 a
1314 1475 1439 1521 non
1472 1454 1855 1541 ponentibus
1884 1473 2296 1537 personarum
2327 1454 2432 1515 tri-

926 1558 1191 1619 nitatem
1228 1575 1241 1619 :
1277 1558 1519 1639 quippe
1562 1555 1673 1638 qui
1718 1555 1831 1616 has
1863 1554 2136 1615 rationes
2168 1553 2428 1615 demon-

926 1656 1219 1719 strativas
1262 1655 1675 1727 existimaret,
1717 1652 1983 1715 credens
2022 1651 2115 1713 eis
2159 1651 2427 1713 indisso-

927 1754 1194 1817 lubilem
1255 1752 1679 1817 concludendi
1734 1752 1941 1813 inesse
1994 1750 2318 1823 virtutem,
2372 1750 2426 1812 si

2537 770 2706 850 quod
2746 770 2912 833 Deus
2951 772 3252 834 omnibus
3281 770 3852 836 communicabilior
3878 778 3970 841 est,

2539 885 2738 947 quum
2789 867 2870 929 sit
2915 868 3056 931 sons
3103 868 3416 932 universae
3466 876 3706 931 naturae
3743 874 3798 929 et
3833 866 3976 929 boni·

2539 963 2724 1043 tatis3
2767 983 2892 1028 non
2931 974 3144 1029 tamen
3187 967 3338 1028 binc
3378 983 3767 1047 consequens
3802 972 3900 1035 est,
3926 971 3980 1024 ut

2539 1061 2622 1123 sit
2664 1062 2727 1123 in
2775 1064 2902 1125 Deo
2945 1065 3264 1127 emanatio
3306 1064 3382 1126 ad
3429 1065 3597 1126 intra
3632 1081 3647 1124 z
3679 1063 3788 1125 hoc
3821 1062 3980 1133 enim,

2540 1166 2608 1221 ut
2665 1160 2909 1235 dicunt,
2961 1181 3230 1226 summae
3287 1171 3352 1225 et
3409 1181 3585 1245 purae
3643 1160 3986 1243 simplicitati

2539 1258 2815 1340 derogat.
2851 1261 3113 1335 Rursus,
3147 1280 3416 1324 summae
3449 1261 3576 1323 illae
3615 1259 3832 1321 divinae
3865 1257 3985 1319 sub·

2539 1359 2804 1432 stantiae,
2824 1377 2964 1441 quae
2996 1368 3138 1440 post
3169 1360 3690 1441 Deum,primum
3723 1358 3781 1419 in
3809 1376 3990 1420 rerum

2539 1458 2950 1521 universitate
3017 1458 3308 1520 ordinem
3376 1458 3616 1520 sortitae
3681 1464 3836 1526 sunt,
3890 1474 3994 1519 non

2539 1558 2898 1639 producunt
2928 1555 3100 1619 filios
3131 1576 3244 1619 seu
3275 1557 3488 1619 simile
3520 1556 3586 1619 in
3617 1556 3858 1637 specie:
3890 1574 3994 1617 non

2536 1655 2708 1717 enim
2777 1654 3198 1734 intelligentia
3264 1653 3750 1735 intelligentiam
3801 1653 3991 1733 gignit.

2537 1754 2744 1815 Minus
2793 1771 2942 1833 ergo
2983 1754 3084 1833 (ut
3131 1753 3382 1833 dicunt)
3429 1753 3552 1815 erit
3602 1752 3720 1814 boc
3765 1752 3824 1813 in
3871 1752 3991 1813 Deo.

926 1854 1319 1936 inopinatam
1377 1859 1868 1935 promptamque
1915 1848 2422 1911 adversariorum
2459 1849 2506 1911 B
2541 1886 2614 1896 —
2647 1851 2739 1913 Ad
2772 1859 3038 1927 sextam,
3062 1852 3440 1914 solvendum
3471 1858 3570 1913 est
3598 1850 3762 1912 sicut
3786 1850 3992 1911 dictum

927 1952 1411 2034 responsionem
1459 1950 1729 2023 audiret,
1774 1948 1873 2010 vel
1927 1946 2131 2008 minui
2179 1946 2278 2009 vel
2325 1966 2428 2009 ex-

928 2050 1168 2130 stingui
1213 2057 1426 2131 posset
1475 2049 1540 2111 in
1589 2066 1665 2111 eo
1709 2047 1872 2109 fides
1921 2064 2063 2127 quae
2112 2052 2208 2107 est
2258 2045 2427 2106 circa

928 2147 1398 2210 confessionem
1456 2145 1801 2208 Trinitatis.
1864 2144 2159 2206 Rationes
2216 2144 2428 2205 denuo

930 2266 1071 2329 quae
1131 2247 1194 2308 in
1263 2245 1533 2307 articulo
1597 2242 1922 2306 tricesimo
1988 2242 2272 2305 secundo
2337 2242 2428 2303 in-

929 2349 1135 2410 ductae
1172 2354 1342 2420 sunt,
1376 2345 1576 2425 magis
1606 2344 1908 2406 videntur
1942 2340 2423 2425 philosophicae,

926 2466 1117 2531 quam
1152 2453 1377 2508 ceterae
1408 2444 1635 2506 ultimo
1663 2442 1932 2504 articulo
1964 2442 2234 2503 insertae.

1010 2545 1363 2608 Dicendum
1412 2543 1606 2625 igitur
1652 2542 1729 2604 ad
1780 2549 1906 2603 tres
1954 2540 2228 2602 rationes
2282 2538 2426 2600 arti-

928 2645 1057 2707 culi
1114 2643 1425 2707 tricesimi
1494 2641 1780 2713 secundi,
1843 2639 2012 2721 quod
2070 2638 2423 2700 secundum

930 2744 1256 2824 theologos
1288 2741 1525 2823 duplex
1556 2740 1717 2802 solet
1760 2738 1821 2799 in
1870 2738 1997 2800 Deo
2037 2735 2425 2799 considerari

930 2843 1211 2925 potentia
1274 2859 1287 2902 :
1349 2839 1637 2901 absoluta
1696 2837 1943 2899 scilicet
1999 2843 2062 2897 et
2116 2835 2423 2898 ordinata.

931 2942 1175 3005 Dicitur
1204 2947 1417 3001 autem
1460 2936 1742 3020 potentia
1785 2935 2093 3008 ordinata,
2127 2954 2268 3015 quae
2315 2952 2428 3016 per

2540 1958 2636 2011 est
2668 1950 2729 2011 in
2763 1950 3144 2013 deductione
3177 1949 3350 2012 illius
3393 1948 3700 2026 rationis3
3731 1966 3842 2009 nec
3875 1965 3994 2010 con-

2543 2049 2742 2111 vincit
2801 2048 3152 2130 replicatio,
3205 2049 3356 2131 quia
3403 2047 3698 2110 voluntas
3751 2065 3995 2129 compre·

2541 2146 2735 2208 hendi
2780 2146 3000 2227 utique
3044 2145 3246 2227 possit
3287 2144 3408 2208 sub
3453 2147 3752 2227 potentia.

2619 2244 2712 2305 Ad
2763 2244 3190 2325 Augustinum
3247 2262 3400 2308 vero
3448 2244 3810 2317 dicendum,
3855 2244 3994 2325 quod

2541 2362 2658 2425 per
2712 2342 2983 2405 verbum
3041 2344 3151 2405 Dei
3210 2343 3518 2406 Platonici
3576 2342 3992 2424 intelligebant,

2540 2442 2642 2504 vel
2675 2442 2986 2504 rationem
3018 2441 3450 2523 exemplarem
3481 2460 3596 2504 seu
3631 2442 3826 2504 ideam
3855 2460 3996 2503 men·

2541 2541 2621 2602 tis
2661 2540 2917 2616 divinae,
2959 2559 3074 2623 per
3119 2559 3312 2624 quam
3363 2541 3862 2623 sapientissimus
3905 2539 3993 2601 Dei

2542 2640 2906 2703 intellectus
2937 2640 3152 2702 omnia
3191 2648 3428 2713 causat,
3463 2640 3632 2702 sicut
3667 2639 3994 2721 frequenter

2541 2747 2868 2802 ostensum
2917 2745 3015 2801 est
3057 2738 3122 2800 in
3169 2737 3380 2820 primo
3423 2737 3592 2801 libro
3627 2757 3703 2801 ex
3745 2738 3992 2801 doctrina
4029 2756 4180 2793 umm-

2539 2838 2836 2901 PlatoniS.
2901 2837 3336 2901 Consimiliter
3400 2844 3497 2900 est
3555 2838 3881 2901 dicendum
3929 2820 4084 2899 ad“⁵'

2539 2937 2979 3000 auctoritatem
3012 2936 3336 2999 Bernardi.
3364 2936 3809 2999 Verumtamen
3840 2935 3992 2997 multi

928 3038 1301 3122 sapientiam
1338 3036 1670 3098 informata
1700 3040 1891 3108 est,et
1922 3033 2051 3114 agit
2080 3032 2428 3095 secundum
2458 3034 2501 3097 C
2540 3035 3006 3099 catholicorum
3029 3034 3560 3097 existimaverunt
3579 3035 3867 3117 quosdam
3889 3033 3996 3116 phi-

933 3144 1405 3221 praeconceptas
1437 3133 1821 3196 factibilium
1865 3132 2159 3193 rationes.
2195 3131 2296 3193 Sic
2335 3138 2424 3193 et-

930 3237 1104 3301 enim
1151 3236 1386 3298 dicitur
1430 3234 1595 3294 Deus
1637 3250 1739 3293 ars
1787 3229 2139 3292 rationibus
2185 3230 2421 3311 plena:

928 3337 1059 3418 agit
1098 3353 1330 3416 nempe
1378 3331 1594 3395 omnia
1642 3330 1993 3392 secundum
2042 3336 2425 3391 aeternarum

931 3436 1246 3497 rationum
1278 3440 1341 3495 et
1372 3432 1657 3493 idearum
1686 3448 1827 3511 quae
1859 3429 1923 3489 in
1966 3427 2212 3489 lumine
2255 3445 2428 3489 men-

928 3536 1011 3597 tis
1043 3552 1172 3597 suae
1203 3530 1561 3593 subsistunt
1600 3525 2228 3608 contemplationem,
2262 3525 2428 3587 sicut

932 3634 996 3695 in
1056 3628 1222 3693 libro
1282 3628 1490 3710 primo
1551 3623 2030 3688 multiformiter
2087 3621 2427 3705 probatum

932 3739 1047 3794 est.
1082 3726 1435 3791 Dicendum
1480 3741 1651 3805 ergo,
1685 3723 1853 3805 quod
1901 3722 1964 3782 in
2009 3721 2427 3804 productione

934 3848 1147 3891 rerum
1178 3827 1345 3889 Deus
1376 3831 1675 3906 operatur
1704 3839 1828 3884 non
1862 3820 2214 3884 secundum
2245 3839 2426 3882 suam

933 3925 1279 4010 potentiam
1310 3921 1689 3994 absolutam,
1708 3921 1816 3983 sed
1850 3920 2224 3981 ordinatam.
2250 3919 2425 3992 Quod

932 4041 1083 4087 vero
1122 4023 1214 4085 nil
1256 4022 1564 4105 producat
1594 4019 1946 4082 secundum
1990 4024 2193 4078 totum
2228 4018 2427 4078 virtu-

931 4124 1013 4185 tis
1071 4141 1201 4184 suae
1257 4128 1448 4202 atque
1507 4113 2207 4188 communicabilitatis,
2258 4114 2427 4177 dice-

2543 3134 2978 3217 losophorum,
3010 3140 3072 3196 et
3104 3133 3436 3216 potissime
3465 3132 3807 3208 Platonem,
3828 3133 3996 3196 Trini-

2541 3241 2760 3307 tatem,
2792 3240 2904 3323 aut
2945 3240 3114 3295 certe
3158 3232 3358 3295 Patris
3403 3239 3468 3294 et
3507 3232 3698 3295 Verbi
3742 3232 3998 3295 divinita·

2541 3341 2694 3405 tem,
2746 3332 3074 3412 attigisse3
3127 3330 3236 3391 sed
3296 3348 3424 3393 non
3473 3338 3572 3392 est
3620 3330 3704 3393 ita
3743 3349 3758 3393 ε
3801 3331 3916 3393 imo
3955 3330 3996 3391 si

2541 3431 2800 3513 quidam
2843 3448 2982 3493 eam
3022 3436 3439 3509 agnoverunt,
3475 3444 3604 3491 non
3646 3448 3721 3491 ex
3763 3427 3998 3491 naturali

2542 3530 2786 3592 lumine
2815 3534 3229 3610 agnoverunt.
3262 3526 3441 3589 Multi
3472 3546 3746 3610 namque
3773 3526 4000 3590 Platoni-

2540 3646 2760 3691 corum
2795 3626 3127 3689 christiani
3158 3624 3462 3705 fuerunt3
3493 3633 3560 3688 et
3599 3626 3764 3708 quod
3805 3625 3888 3689 illi
3921 3626 3998 3687 di·

2543 3733 2774 3789 xerunt
2815 3726 2894 3787 de
2939 3732 3157 3786 sancta
3192 3724 3520 3796 Trinitate‚
3566 3725 3800 3788 Platoni
3839 3725 3998 3787 vicis-

2543 3825 2662 3887 sim
2721 3821 2982 3885 attribui
3035 3822 3262 3903 potuit,
3315 3823 3670 3904 praesertim
3717 3842 3900 3906 quum
3945 3823 3998 3884 in

2542 3919 2756 3985 verbis
2787 3938 3014 4001 magna
3043 3919 3401 4001 reperiatur
3439 3920 3776 4002 utrobique
3816 3937 4000 3983 conso-

2543 4021 2778 4083 nantia.
2811 4020 3008 4082 Tanta
3034 4017 3336 4099 equidem
3381 4026 3479 4080 est
3523 4018 3589 4080 in
3633 4018 3838 4081 verbis
3877 4037 3996 4081 con-

2542 4119 2851 4191 sonantia,
2885 4125 2951 4179 ut
2992 4116 3274 4179 haeretici
3319 4116 3606 4198 quidam,
3640 4136 3716 4181 ex
3749 4117 3999 4181 doctrina

934 4228 1075 4283 rent
1106 4218 1467 4302 philosophi
1502 4233 1628 4278 non
1658 4214 1809 4277 oriri
1851 4233 1927 4276 ex
1970 4213 2226 4275 defectu
2265 4214 2426 4275 divi·
2458 4220 2509 4283 D
2540 4217 3005 4281 Platonicorum
3057 4214 3290 4277 erroris
3339 4216 3740 4279 occasionem
3777 4234 3998 4297 accepe-

930 4339 1028 4383 nae
1058 4314 1454 4390 virtutiS,sed
1486 4313 1566 4375 ob
1599 4312 2081 4393 incapacitatem
2116 4312 2425 4394 producti,

932 4436 1009 4481 eo
1030 4416 1197 4499 quod
1230 4414 1317 4476 nil
1340 4411 1722 4493 (secundum
1746 4411 1881 4491 eos)
1900 4429 2097 4492 capax
2128 4411 2211 4473 sit
2239 4418 2428 4475 tantae

932 4513 1368 4599 perfectionis,
1429 4517 1666 4593 quanta
1734 4510 1799 4571 in
1868 4510 2126 4572 fontana
2186 4511 2428 4573 Deitate

934 4613 1245 4678 consistit.

1014 4713 1106 4775 Ad
1156 4718 1445 4793 quartam
1497 4708 1738 4770 diceret
1783 4706 2205 4781 adversarius,
2259 4708 2426 4789 quod

931 4810 1183 4877 bonitas
1213 4808 1323 4871 Dei
1354 4814 1450 4869 est
1482 4805 1929 4869 intellectualis
1962 4823 1976 4867 τ
2002 4805 2271 4888 ideoque
2302 4825 2428 4869 non

928 4914 1062 4995 jam
1107 4907 1501 4980 naturaliter,
1544 4905 1653 4968 sed
1704 4904 2165 4987 sapientialiter
2211 4923 2432 4987 opera-

931 5020 1056 5074 tur.
1092 5007 1407 5090 Sapientis
1438 5014 1653 5067 autem
1686 5012 1783 5066 est
1810 5004 2103 5067 ordinare
2134 5011 2198 5065 et
2226 5004 2428 5067 deter-

935 5110 1179 5172 minare
1236 5107 1402 5170 dona
1460 5123 1593 5166 sua.
1644 5104 1791 5165 Ideo
1850 5120 1976 5165 non
2036 5103 2160 5164 erit
2215 5120 2430 5166 conse-

935 5222 1160 5291 quens,
1214 5214 1283 5267 ut
1330 5212 1528 5268 totam
1578 5202 2252 5265 communicabilitatis
2299 5222 2429 5267 suae

934 5304 1405 5393 plenitudinem
1460 5302 1863 5364 transfundat
1920 5301 1987 5362 in
2032 5300 2300 5382 aliquid.
2351 5336 2430 5348 -—

2541 4317 2670 4379 rint
2698 4316 2777 4377 de
2809 4313 2966 4375 Filio
3007 4312 3140 4387 Dei,
3175 4312 3460 4377 dicentes
3499 4332 3651 4376 eum
3687 4333 3821 4377 esse
3855 4332 3996 4375 crea·

2541 4422 2773 4487 turam,
2824 4411 3364 4494 quemadmodum
3414 4413 3712 4494 superius
3759 4413 3831 4475 de
3871 4411 3995 4474 Ario
4031 4423 4184 4469 {asim

2541 4520 2604 4577 et
2643 4510 2955 4574 Eunomio
3001 4508 3241 4572 diffuse
3290 4510 3698 4573 tractabatur.
3739 4511 3994 4575 Rationes
4013 4506 4064 4535 ¹¹·

2542 4612 2714 4675 enim
2747 4630 2888 4692 quae
2919 4609 3111 4691 paulo
3140 4615 3287 4671 ante
3315 4609 3393 4670 ad
3434 4610 3864 4692 probationem
3891 4608 3996 4671 Tri·
4045 4616 4118 4661 iud.
4137 4614 4184 4652 ιιι

2543 4711 2760 4773 nitatis
2792 4709 3068 4772 inductae
3099 4714 3270 4781 sunt,
3303 4708 3632 4772 Platonem
3674 4718 3736 4773 et
3773 4692 4108 4773 sectato-‘¹¹¹¹'

2544 4830 2642 4872 res
2671 4809 2812 4889 ejus
2851 4806 3304 4889 compulerunt
3340 4807 3578 4882 dicere,
3614 4810 3806 4871 Deum
3848 4814 3996 4869 natu-

2541 4908 2671 4971 rale
2716 4907 3030 4989 quoddam
3083 4912 3148 4968 et
3195 4905 3317 4967 sibi
3369 4913 3754 4969 coaeternum
3801 4905 3996 4968 habere

2541 5024 2826 5089 germen,
2860 5004 3027 5066 sicut
3071 5004 3134 5065 in
3179 5004 3388 5086 primo
3430 5004 3722 5067 habitum
3767 5012 3869 5068 est.
3899 5001 3994 5065 Sed
4015 5014 4186 5054 mmo·-

2541 5123 2670 5168 non
2700 5112 2796 5166 est
2827 5102 3258 5183 cogitandum,
3289 5104 3458 5184 quod
3491 5122 3774 5185 unquam
3801 5100 3997 5183 aliquis

2543 5221 2742 5286 purus
2811 5200 3230 5283 philosophus
3295 5200 3530 5263 dixerit
3587 5202 3712 5264 tale
3773 5216 3996 5283 germen

2542 5302 2672 5365 Deo
2731 5298 3272 5364 consubstantiale
3329 5306 3394 5361 et
3449 5300 3770 5382 coaequale
3821 5312 3992 5362 esse:
