4300 6259
869 440 993 503 382

1491 458 1571 503 DE
1612 456 1839 504 mmm
1882 454 2263 503 cnntsnANAE
2303 453 2606 513 TmtolttAE,
2649 456 2826 503 Lmen
2867 456 2906 503 1.
2951 474 3030 485 —·
3075 457 3214 503 ΛΒΤ.
3259 456 3378 503 CXV

868 628 1055 690 entis.
1091 626 1269 690 Sicut
1306 626 1481 691 enim
1519 626 1803 690 visibilia
1846 633 1909 689 et
1953 625 2197 689 colores
2243 642 2368 687 non
2398 626 2449 688 A
2479 624 2726 688 tissime
2758 626 3167 690 conveniunt.
3200 628 3269 690 In
3301 626 3712 689 sensibilibus
3739 643 3942 707 nempe

868 726 1168 787 videntur
1196 726 1321 787 nisi
1355 725 1419 787 in
1458 725 1749 788 sensibili
1790 722 2057 797 lumine,
2091 722 2185 785 sic
2232 722 2371 785 sine

864 823 1227 887 actualitate
1285 831 1349 887 et
1396 823 1673 887 essentia
1730 822 1891 885 nihil
1953 820 2369 883 intellectuali

863 922 1113 985 visione
1143 923 1430 986 contueri
1463 928 1687 1004 potest.
1724 922 1887 983 Dum
1917 928 2130 982 autem
2163 938 2263 981 res
2292 938 2368 981 ex

866 1020 1149 1102 potentia
1179 1030 1243 1082 et
1273 1040 1400 1083 non
1432 1037 1570 1082 esse
1605 1019 1958 1083 traducitur
1987 1018 2065 1080 ad
2097 1036 2259 1089 esse,
2293 1015 2372 1078 fit

866 1118 1385 1181 intellectualiter
1443 1117 1980 1199 contemplabilis.
2043 1116 2163 1190 Qui
2221 1133 2370 1196 ergo

866 1215 1321 1299 possibilitates
1352 1216 1798 1279 universorum
1844 1214 2124 1276 traduxit
2168 1213 2234 1276 in
2273 1232 2371 1275 es-

866 1333 956 1389 se,
991 1314 1383 1378 illuminavit
1413 1315 1636 1397 utique
1667 1314 1905 1387 omnia,
1938 1312 2183 1375 donans
2214 1331 2368 1374 cun-

838 1414 987 1477 ·ctis
1020 1413 1561 1495 intelligibilitatis
1593 1413 1834 1475 lumen.
1879 1412 2044 1474 Deus
2084 1429 2233 1493 ergo
2273 1417 2370 1473 est

869 1511 1088 1575 lumen
1120 1513 1373 1593 singula
1403 1511 1750 1574 illustrans,
1786 1511 1862 1573 Et
1890 1510 2057 1572 sicut
2087 1509 2249 1572 nibil
2279 1509 2371 1571 di-

870 1610 1033 1673 vinae
1077 1610 1379 1674 bonitatis
1425 1628 1653 1693 expers
1707 1617 1823 1683 est,
1871 1609 1963 1671 sic
2016 1607 2372 1671 communi-

867 1710 1117 1772 catione
1174 1709 1407 1772 divinae
1476 1708 1639 1771 lucis
1698 1708 1789 1769 nil
1852 1706 2107 1789 penitus
2176 1714 2364 1768 caret.

2481 724 2570 786 nil
2623 724 2868 787 lumine
2917 726 3156 807 purius,
3208 726 3299 789 nil
3349 724 3940 799 communicabilius,

2479 821 2570 883 nil
2624 823 3060 905 appetibilius.
3113 824 3278 887 Deus
3326 832 3544 887 autem
3601 822 3946 905 simpliciter

2477 920 2746 1003 simplex
2779 930 2894 994 est,
2911 929 2974 983 et
3003 923 3208 985 omnis
3237 922 3542 986 bonitatis
3573 922 3943 1005 principium,

2477 1036 2550 1079 ac
2583 1018 3034 1082 universorum
3069 1020 3406 1083 ultimatus
3436 1020 3610 1083 finis.
3637 1020 3793 1081 Deus
3819 1036 3947 1098 ergo

2479 1116 2790 1191 excelsuS,
2841 1117 3058 1181 lumen
3109 1126 3204 1181 est
3253 1126 3318 1181 et
3364 1118 3832 1182 sanctissimum
3873 1117 3949 1179 lu-

2483 1236 2650 1291 men,
2684 1217 2836 1298 quia
2867 1217 2975 1279 lux
3007 1219 3378 1281 omnimode
3419 1237 3598 1301 pura.
3633 1218 3866 1291 Adhuc,
3889 1217 3949 1279 in

2479 1334 2606 1397 quo
2635 1315 2850 1378 omnia
2880 1315 3294 1398 resplendent
3321 1324 3385 1379 et
3415 1318 3554 1379 sine
3586 1334 3712 1399 quo
3741 1315 3824 1377 nil
3860 1334 3949 1378 ex·

2480 1414 2668 1487 sistit,
2719 1415 2840 1477 hoc
2890 1414 3400 1478 sincerissimum
3460 1415 3680 1478 lumen
3739 1422 3844 1477 est.
3887 1415 3950 1476 In

2477 1512 2697 1575 divino
2754 1520 2968 1575 autem
3020 1532 3158 1576 esse
3205 1522 3436 1577 cuncta
3481 1513 3769 1576 idealiter
3809 1512 3951 1574 relu-

2479 1618 2626 1673 cent
2673 1610 2850 1673 velut.
2899 1612 2966 1673 in
3016 1611 3543 1694 splendidissimo
3591 1612 3784 1683 fonte,
3832 1611 3954 1672 sine

2480 1709 2663 1790 cujus
2732 1710 3104 1772 adsistentia
3174 1710 3263 1773 nil
3337 1719 3546 1794 potest
3612 1709 3950 1773 subsistere.

946 1806 1262 1889 AmpliuS,
1295 1825 1485 1870 omne
1517 1805 1918 1888 perfectibile
1950 1812 2013 1867 et
2053 1804 2366 1885 indigens,
2403 1804 2450 1865 B
2482 1807 2646 1870 Deus
2695 1826 2844 1889 ergo
2895 1808 3111 1871 lumen
3171 1816 3270 1872 est
3327 1818 3558 1872 cuncta
3617 1814 3954 1891 penetrans,

867 1912 965 1969 est
992 1906 1159 1968 sicut
1187 1905 1451 1968 tenebra
1478 1912 1775 1988 respectu
1805 1903 2188 1967 actualitatis
2229 1921 2370 1984 quae

868 2005 1082 2088 ipsum
1128 2004 1385 2086 perficit
1422 2011 1487 2066 et
1516 2003 1761 2085 replet3
1794 2010 1857 2065 et
1900 2002 2367 2076 universaliter,

868 2103 1179 2185 perfectio
1235 2102 1497 2165 alterius
1549 2108 1646 2164 est
1701 2101 1919 2163 lumen
1974 2100 2216 2162 illius-z
2269 2101 2373 2162 de·

870 2201 1339 2263 fectibilitatem
1384 2201 1557 2263 enim
1600 2208 1663 2262 et
1708 2197 2368 2279 inintelligibilitatem

871 2299 961 2361 rei
1005 2299 1288 2381 depellit.
1335 2300 1502 2361 Deus
1541 2305 1755 2360 autem
1806 2305 2037 2359 cuncta
2089 2295 2368 2379 perficit,

870 2405 935 2459 et
972 2397 1275 2460 omnibus
1320 2396 1671 2459 bonitatem
1714 2395 2001 2458 immittit
2040 2395 2372 2476 capacitati

872 2496 1383 2579 uniuscujusque
1413 2503 2003 2559 commensuratam.
2024 2495 2200 2557 Unde
2231 2512 2374 2557 con-

874 2604 1019 2669 stat,
1052 2595 1343 2658 eamdem
1376 2613 1516 2657 esse
1554 2594 1957 2657 latitudinem
2000 2593 2263 2655 luminis
2302 2611 2374 2655 ac

873 2695 1280 2757 actualitatis
1324 2694 1543 2756 Omnis
1587 2693 1757 2756 enim
1802 2693 2031 2755 entitas
2070 2700 2167 2755 est
2203 2699 2375 2754 actu-

873 2794 1058 2856 alitas
1100 2812 1231 2857 suae
1280 2792 1746 2876 possibilitatiS,
1789 2799 1853 2853 et
1902 2792 2061 2854 ratio
2101 2791 2376 2874 propriae

876 2890 1438 2972 intelligibilitatis.
1489 2890 1806 2972 Quidquid
1869 2890 2083 2972 itaque
2142 2889 2378 2951 minuit

2479 1924 2737 1968 omnem
2800 1914 3079 1969 mentem
3140 1908 3608 1990 contemplanS,
3661 1914 3722 1970 et
3767 1905 3958 1970 omnia

2480 2025 2621 2086 quae
2652 2005 2909 2087 capacia
2945 2014 3094 2068 sunt
3123 2026 3254 2071 sure
3283 2006 3582 2071 bonificae
3627 2006 3956 2069 communi-

2481 2102 2845 2174 cabilitatis‚
2894 2103 3248 2184 largissime
3299 2104 3577 2188 implens
3637 2121 3651 2166 :
3711 2103 3960 2166 ubilibet

2481 2220 2632 2282 ergo
2673 2209 2790 2275 est,
2841 2210 2906 2265 et
2949 2204 3464 2285 contemplativae
3513 2203 3708 2266 menti
3757 2202 3962 2265 indefi-

2482 2300 2724 2362 cienter
2767 2318 3066 2382 praesens.

2602 2397 2847 2472 Adhuc,
2881 2398 3236 2461 secundum
3275 2398 3702 2471 Aristotelem,
3735 2398 3960 2461 intelle-

2484 2504 2622 2559 ctus
2668 2515 2862 2578 agens
2904 2497 3122 2560 lumen
3163 2504 3278 2561 est.
3321 2497 3590 2561 Divinus
3629 2505 3832 2560 autem
3871 2498 3960 2558 in-

2485 2595 2775 2658 tellectus
2804 2603 2901 2659 est
2930 2596 3377 2659 universaliter
3405 2614 3620 2677 agens.
3662 2598 3795 2677 Ipse
3822 2610 3962 2676 ergo

2483 2693 2762 2757 totaliter
2791 2694 3006 2756 lumen
3029 2701 3142 2756 est.
3163 2694 3373 2776 Ipsius
3404 2694 3602 2775 igitur
3629 2694 3958 2775 objectum,

2483 2792 2653 2873 quod
2723 2799 2820 2853 est
2891 2791 3171 2855 increata
3228 2792 3463 2854 veritas
3535 2811 3648 2854 seu
3704 2792 3962 2855 essentia

2485 2890 2711 2971 ἱρείης,
2761 2889 3266 2952 substantialiter
3315 2890 3534 2952 lumen
3583 2897 3681 2953 est
3730 2907 3744 2952 :
3791 2890 3964 2952 aliter

875 2989 1344 3072 plenitudinem
1412 2997 1477 3052 et
1540 2988 1883 3071 puritatem
1952 2988 2256 3050 bonitatis
2313 2995 2376 3049 et
2410 2993 2452 3055 C
2484 3006 2611 3051 non
2649 2994 2817 3051 esset
2861 2995 3031 3050 recta
3063 2988 3392 3070 proportio
3432 2988 3732 3071 potentiae
3769 2997 3830 3050 et
3864 2986 3962 3050 ob·

875 3096 1075 3163 actuS‚
1139 3088 1373 3150 minuit
1430 3088 1623 3150 etiam
1683 3088 2029 3170 puritatem
2087 3086 2371 3148 luminis.

874 3187 1017 3251 Haec
1057 3204 1209 3250 vero
1246 3193 1396 3248 sunt
1433 3204 1857 3269 quaecumque
1896 3192 2378 3266 consequuntur

875 3306 1009 3349 rem
1043 3293 1320 3349 creatam
1352 3304 1430 3347 ex
1461 3292 1637 3367 parte
1668 3284 1935 3365 originis
1964 3303 2116 3357 suae,
2140 3302 2218 3346 ex
2250 3302 2376 3366 qua

876 3384 1188 3467 processit
1219 3385 1284 3446 in
1315 3403 1479 3459 esse,
1513 3403 1655 3466 quae
1686 3390 1783 3445 est
1820 3383 1982 3445 nihil
2027 3383 2129 3444 vel
2174 3382 2374 3464 possi-

875 3483 1109 3547 bilitas.
1163 3482 1621 3564 Hujuscemodi
1677 3490 1891 3544 autem
1950 3489 2099 3544 sunt
2146 3482 2376 3563 depen-

875 3583 1109 3655 dentia,
1126 3581 1601 3656 defectibilitaS‚
1625 3588 1689 3643 et
1705 3580 1915 3643 omnis
1948 3580 2371 3663 imperfectiO,

875 3699 947 3742 ac
979 3679 1359 3744 vertibilitas
1401 3679 1467 3741 in
1508 3696 1636 3741 non
1675 3697 1833 3740 esse.
1869 3679 2085 3759 Ipsum
2125 3696 2276 3759 ergo
2308 3679 2371 3741 in

875 3796 1003 3861 quo
1031 3777 1209 3839 nulla
1253 3776 1667 3859 perfectionis
1706 3777 1986 3839 carentia
2022 3784 2139 3849 est,
2173 3776 2376 3838 totali-

874 3885 972 3940 ter
1002 3877 1218 3939 lumen
1248 3882 1367 3951 est,
1398 3881 1463 3937 et
1490 3874 2101 3957 supersubstantiale
2132 3875 2369 3937 lumen.

875 3975 1043 4038 Deus
1102 3992 1253 4055 ergo
1312 3972 1690 4036 benedictus
1759 3979 1823 4034 et
1882 3972 2202 4047 sublimis,
2262 3973 2374 4055 qui

876 4072 1261 4156 simpliciter
1304 4070 1627 4154 perfectus
1676 4078 1794 4145 est,
1840 4071 2264 4133 essentialiter
2312 4078 2376 4134 et

2480 3086 2654 3167 jecti.
2697 3086 2832 3149 Jam
2878 3086 3073 3167 igitur
3111 3086 3438 3160 elucescit,
3483 3087 3653 3169 quod
3690 3085 3962 3149 divinum

2484 3185 2702 3247 lumen
2761 3184 3135 3247 naturaliter
3194 3184 3413 3248 lumen
3473 3192 3570 3247 est
3629 3194 3691 3248 et
3747 3203 3964 3268 purum

2481 3284 2701 3346 lumen
2745 3300 2758 3345 :
2803 3291 2866 3345 et
2905 3301 3035 3365 quo
3079 3283 3386 3346 naturalis
3433 3303 3615 3347 mens
3660 3290 3861 3347 creata
3895 3283 3964 3345 ad

2484 3382 2695 3464 ipsum
2740 3380 3018 3463 amplius
3077 3382 3346 3456 accedit,
3407 3401 3484 3446 eo
3542 3383 3690 3465 plus
3746 3382 3967 3444 illumi-

2483 3489 2688 3543 natur.
2741 3480 2899 3542 Nam
2957 3480 3096 3562 ipse
3143 3480 3447 3544 omnibus
3493 3499 3677 3563 aeque
3725 3481 3965 3564 propin·

2482 3599 2646 3661 quus
2694 3586 2830 3657 est3
2879 3579 2989 3641 sed
3039 3597 3165 3642 non
3226 3580 3443 3642 omnia
3497 3586 3650 3641 sunt
3694 3579 3752 3642 ei
3799 3596 3964 3661 aeque

2483 3678 2866 3760 propinqua,
2914 3677 3269 3740 secundum
3307 3677 3712 3761 Dionysium.
3767 3678 3962 3751 Porro,
4019 3700 4182 3745 mmm

2482 3776 2699 3839 lumen
2751 3776 2814 3838 in
2866 3795 2934 3838 se
2981 3775 3360 3849 subsistenS‚
3411 3784 3476 3838 et
3521 3776 3588 3837 in
3629 3776 3728 3838 sui
3777 3775 3964 3857 ipsius
3987 3778 4175 3811 ''mu“

2482 3873 3078 3957 supersubstantiali
3135 3892 3208 3937 ac
3265 3874 3656 3956 supervivali
3705 3874 3965 3956 puritate

2482 3992 2920 4056 perseveranS,
2944 3971 3274 4035 infinitum
3305 3979 3402 4035 est
3431 3973 3737 4054 undique,
3770 3991 3964 4053 neque

2483 4071 2918 4135 differentiam
2988 4070 3230 4133 habens
3299 4070 3708 4145 limitantem,
3769 4088 3966 4153 neque

876 4171 1348 4236 omniformiter
1391 4170 1611 4232 lumen
1655 4176 1770 4231 est.
2404 4172 2454 4233 D
2484 4170 2835 4253 potentiam
2877 4169 3434 4244 determinantem,
3479 4188 3686 4252 neque
3727 4168 3965 4232 materi—

954 4270 1200 4343 Adhuc,
1253 4269 1317 4331 id
1374 4286 1503 4350 quo
1549 4267 1881 4330 sensibilia
1937 4266 2377 4330 clarificantur
2482 4289 2585 4332 am
2625 4269 2982 4331 finientem.
3018 4269 3184 4331 Deus
3224 4286 3396 4349 ergo,
3429 4268 3541 4350 qui
3580 4268 3966 4351 simplicissi-

875 4376 948 4431 ut
994 4367 1124 4431 sint
1169 4374 1315 4429 actu
1360 4366 1777 4450 corporaliter
1818 4366 2119 4439 visibilia,
2166 4367 2375 4448 primo
2485 4387 2664 4430 mum
2697 4366 2916 4429 lumen
2961 4372 3077 4439 est,
3115 4366 3329 4428 lumen
3371 4374 3470 4429 est
3507 4366 3968 4448 quomodolibet

875 4485 1111 4531 nomen
1160 4466 1424 4528 luminis
1472 4465 1767 4528 sortitum
1826 4472 1940 4528 est.
1992 4464 2169 4539 Quod
2225 4482 2374 4546 ergo
2486 4465 2838 4541 infinitum,
2878 4465 2941 4527 in
2983 4464 3324 4546 semetipso
3366 4464 3642 4546 fulgenS‚
3678 4472 3742 4527 et
3785 4466 3968 4528 inter·

875 4566 1071 4647 hujus
1102 4564 1367 4628 luminis
1398 4564 1539 4627 fons
1571 4571 1689 4637 est,
1724 4581 1979 4626 omnem
2022 4563 2376 4646 pulchritu-
2485 4564 2774 4628 minabili
2807 4564 3189 4646 limpiditate
3220 4563 3491 4626 radians.
3511 4562 3588 4625 Et
3617 4564 3753 4646 ipse
3772 4564 3968 4627 omnis

875 4666 1091 4727 dinem
1123 4664 1483 4727 lucidorum
1514 4671 1577 4726 et
1608 4662 1825 4725 lumen
1856 4681 2045 4727 omne
2075 4663 2373 4744 pulchro·
2481 4664 2628 4727 vitae
2677 4672 2738 4725 et
2788 4662 3047 4725 luminis
3089 4662 3228 4725 fons
3267 4670 3365 4725 est
3407 4680 3420 4724 :
3470 4662 3770 4744 quoniam
3808 4662 3968 4745 apud

872 4782 1019 4826 rum
1066 4783 1144 4827 ex
1192 4763 1598 4845 propriorum
1638 4762 2083 4825 thesaurorum
2128 4760 2374 4823 divitiis
2488 4761 2882 4845 Dionysium,
2933 4778 3192 4824 omnem
3227 4759 3761 4843 supercoelestem
3805 4780 3968 4823 men·
3995 4778 4180 4823 naun.

876 4863 1241 4936 instituenS,
1292 4862 1412 4923 hoc
1465 4878 1725 4943 prorsus
1782 4860 2253 4922 lucidissimum
2313 4868 2377 4922 et
2488 4868 2616 4922 tem
2649 4859 3040 4940 intelligibili
3083 4859 3322 4921 lumine
3361 4858 3586 4941 replet,
3618 4866 3682 4921 et
3721 4876 3966 4921 omnem

875 4960 1386 5043 pulcherrimum
1443 4967 1557 5022 est.
1610 4958 1689 5021 At
1748 4976 1896 5021 vero
1955 4959 2377 5041 proprietates
2485 4958 2768 5020 animam
2818 4958 2920 5020 cui
2975 4958 3346 5039 ingignitur,
3385 4957 3662 5019 illustrat
3703 4966 3766 5019 et
3811 4957 3970 5039 puri-

877 5058 1041 5123 lucis
1071 5065 1294 5122 creatae
1327 5058 1609 5121 increato
1642 5057 1870 5120 lumini
1901 5058 2379 5139 supereminen-
2489 5058 2644 5120 ficat
2673 5058 2840 5119 Deus
2883 5056 3180 5119 sublimis
3223 5064 3286 5119 et
3327 5056 3720 5119 benedictus.
3751 5059 3964 5118 Amen.
