4300 6259
784 449 906 516 248

1397 473 1477 520 DE
1518 472 1746 518 mmm:
1788 468 2171 518 cums'rlANAE
2212 466 2513 524 TflEomAE,
2559 466 2735 513 unna
2773 467 2816 512 1.
2856 484 2939 494 —
2982 466 3119 513 ΛΒΤ.
3165 467 3279 512 ΧῙΠ

784 637 1184 720 tinguuntur.
1232 641 1379 715 Quae
1431 649 1645 704 autem
1690 637 2060 719 hujusmodi
2113 644 2284 710 sunt,
2315 634 2366 698 A
2396 635 2768 699 Sanctorum
2814 636 3146 699 sententiis
3188 653 3515 700 consona-z
3558 633 3747 715 cujus
3788 633 3909 695 de-

786 736 1142 802 formaliter
1169 739 1662 821 distinguuntur,
1675 737 1968 820 quoniam
2000 734 2291 798 definitio

788 835 1066 899 sumitur
1107 856 1142 899 a
1185 845 1412 899 natura
1454 856 1566 900 seu
1612 835 1965 919 quidditate
2010 833 2285 906 definiti,

788 934 1141 997 secundum
1172 934 1576 998 Aristotelem
1608 934 1872 1017 septimo
1903 932 2126 995 Primae
2158 931 2291 1012 phi·

789 1032 1113 1114 losophiae.
1151 1033 1324 1096 Unde
1357 1033 1648 1096 voluntas
1681 1039 1745 1095 et
1776 1030 2161 1104 intellectuS,
2196 1049 2291 1092 sa-

791 1129 1035 1212 pientia
1071 1136 1135 1193 et
1172 1130 1446 1204 bonitas,
1481 1131 1836 1193 secundum
1880 1129 2168 1210 proprias
2200 1147 2291 1189 ra-

787 1227 995 1290 tiones
1051 1228 1364 1291 differunt
1411 1247 1426 1290 t
1469 1248 1612 1311 quae
1670 1236 1882 1290 tamen
1943 1228 2166 1308 utique
2224 1226 2290 1288 in

789 1325 1027 1388 divinis
1066 1332 1234 1389 sunt.
1270 1327 1478 1390 Tertia
1519 1327 1806 1408 ipsorum
1846 1325 2005 1387 ratio
2045 1332 2142 1387 est
2181 1343 2294 1406 per

787 1423 960 1486 viam
1017 1425 1463 1506 oppositionis,
1528 1425 1831 1506 quoniam
1891 1422 2292 1486 contradicti-

789 1539 912 1584 one
955 1521 1206 1585 diversa
1251 1523 1554 1584 dicuntur
1597 1523 1674 1584 de
1717 1522 1818 1584 his
1866 1540 2006 1602 quae
2056 1521 2121 1582 in
2164 1522 2294 1583 Deo

791 1627 940 1681 sunt
974 1636 987 1681 :
1021 1620 1296 1683 essentia
1327 1621 1500 1682 enim
1541 1639 1750 1701 neque
1786 1626 2047 1700 generat
2085 1636 2292 1700 neque

790 1725 1169 1798 generatur;
1202 1718 1383 1780 Pater
1411 1735 1564 1780 vero
1604 1725 1882 1799 generat.
1918 1717 2148 1790 Quarta
2192 1716 2291 1777 via

2396 735 2660 797 structio
2701 734 3101 797 sufficienter
3144 742 3319 817 patet
3358 752 3437 796 ex
3482 732 3583 795 bis
3624 751 3773 815 quae
3814 731 3907 792 de

2397 817 2808 914 simplicitate
2873 832 2985 896 Dei
3052 832 3522 914 praeexplanata
3584 838 3754 894 sunt.
3822 829 3903 891 ln
3934 849 4095 888 arax.

2398 939 2645 994 tantum
2700 939 2914 994 tamen
2974 949 3145 994 nunc
3203 931 3454 993 dicatur
3514 949 3529 991 :
3589 929 3740 1012 quia
3802 946 3907 991 se·

2400 1031 2680 1092 cundum
2720 1029 3151 1103 Aristotelem,
3185 1047 3386 1091 unum
3429 1029 3494 1089 in
3536 1026 3911 1089 substantia

2399 1127 2553 1189 facit
2592 1128 2807 1206 idem;
2859 1128 2923 1189 in
2982 1126 3335 1210 quantitate
3393 1133 3633 1200 autem,
3692 1143 3917 1206 aequa-

2402 1226 2499 1306 le3
2554 1227 2619 1287 in
2680 1227 2986 1308 qualitate
3044 1243 3217 1297 vero,
3279 1224 3511 1287 simile.
3564 1223 3629 1286 Si
3679 1223 3913 1304 igitur,

2402 1324 2569 1385 sicut
2643 1342 2865 1386 omnes
2934 1323 3154 1385 dicunt
3219 1331 3281 1386 et
3354 1329 3502 1386 ante
3569 1328 3913 1385 ostensum

2401 1431 2517 1496 est,
2564 1423 2727 1484 Deus
2780 1430 2876 1484 est
2922 1441 3063 1484 esse
3120 1428 3393 1494 tantum,
3443 1427 3508 1483 et
3557 1418 3921 1482 substanti-—

2380 1520 2585 1583 ·aliter
2641 1518 3065 1582 irresolubilis
3108 1538 3182 1581 ac
3226 1537 3389 1600 pura
3446 1519 3678 1593 unitaS,
3724 1515 3923 1578 nulla

2402 1617 2637 1699 poterit
2678 1617 2743 1679 in
2780 1635 2855 1680 eo
2898 1636 3039 1680 6336
3075 1635 3201 1680 non
3245 1615 3587 1694 identitas3
3625 1616 3736 1677 sed
3780 1613 3920 1676 sic-

2404 1722 2474 1776 ut
2522 1714 2732 1777 unitas
2790 1715 2931 1794 ejus
2991 1721 3089 1776 est
3131 1733 3293 1795 pura
3337 1720 3401 1776 et
3452 1711 3758 1796 perfecta,
3812 1712 3919 1773 sic

792 1834 986 1897 quam
1017 1815 1354 1891 inducunt,
1388 1823 1485 1878 est
1529 1814 2089 1878 demonstrationis
2134 1814 2237 1876 via
2272 1833 2284 1875 :
2328 1817 2373 1880 B
2404 1820 2464 1875 et
2509 1813 2803 1875 identitas
2854 1812 2978 1875 erit
3016 1813 3279 1876 omnino
3322 1812 3514 1894 plena
3552 1819 3619 1874 et
3660 1811 3921 1873 incom-

791 1912 1108 1977 distinctae
1128 1913 1303 1975 enim
1327 1913 1747 1995 proprietates
1772 1912 2161 1974 conveniunt
2190 1911 2290 1973 his

792 2029 935 2092 quae
978 2010 1045 2071 in
1091 2011 1216 2072 Deo
1263 2018 1451 2089 sunt3
1487 2009 1907 2092 proprietates
1951 2026 2104 2072 vero
2148 2026 2293 2071 con·
2342 2005 2345 2010 ’

793 2107 1062 2170 veniunt
1091 2107 1438 2189 unicuique
1467 2109 1814 2170 secundum
1847 2116 2128 2169 naturam
2164 2126 2297 2189 pro·

795 2205 950 2287 priae
1020 2204 1426 2268 exsistentiae.
1501 2205 1657 2278 Quia
1728 2206 1921 2286 igitur
1997 2206 2120 2267 alia
2199 2212 2296 2266 est

795 2303 1152 2385 proprietas
1198 2304 1513 2375 essentiae,
1546 2303 1669 2364 alia
1703 2303 1989 2383 justitiae,
2023 2302 2145 2364 alia
2191 2302 2297 2364 be-

796 2401 1147 2482 nignitatiS,
1199 2417 1328 2462 non
1377 2401 1676 2463 videntur
1733 2401 1830 2464 hae
1877 2401 2295 2482 proprietates

795 2498 1139 2561 convenire
1184 2497 1394 2560 eidem
1437 2499 1790 2560 secundum
1833 2516 2073 2560 meram
2115 2506 2295 2560 natu-

793 2615 879 2659 rae
913 2596 1480 2659 indistinctionem.
1515 2596 1624 2658 His
1655 2597 1954 2676 equidem
1987 2595 2132 2658 addi
2164 2603 2297 2676 pot-

793 2701 910 2766 est,
964 2694 1134 2774 quod
1183 2694 1378 2756 etiam
1427 2700 1574 2755 ante
1625 2693 1849 2754 mundi
1900 2693 2297 2755 constitutio-

793 2810 940 2853 nem
984 2791 1108 2854 alia
1154 2792 1396 2854 ratione
1439 2791 1698 2871 agnovit
1737 2791 1898 2853 Deus
1943 2791 2293 2862 hominem,

791 2890 916 2952 alia
959 2890 1282 2971 angelum,
1328 2888 1452 2951 alia
1499 2889 1794 2970 lapidem.
1845 2889 2099 2951 Semoto
2147 2906 2297 2970 ergo

2402 1911 2615 1972 mixta.

2480 2008 2572 2070 Ad
2632 2026 2855 2071 omnes
2912 2026 3063 2071 vero
3130 2009 3407 2070 rationes
3475 2008 3921 2090 praeinductas

2404 2126 2528 2168 una
2563 2107 2799 2178 >solutio
2840 2115 2953 2169 est.
2989 2106 3310 2187 Quidquid
3348 2107 3523 2169 enim
3567 2107 3633 2168 in
3676 2125 3921 2168 secun-

2402 2205 2500 2266 dis
2530 2213 2627 2266 est
2656 2205 3151 2286 multiplicatum
3184 2211 3249 2266 et
3278 2205 3663 2278 divisum,in
3694 2205 3923 2286 primo

2402 2309 2496 2365 est
2544 2302 3012 2384 supersimplex
3064 2302 3315 2382 unitas3
3374 2311 3438 2365 et
3480 2302 3691 2365 omnis
3738 2303 3921 2384 ipso-

2404 2419 2548 2462 rum
2595 2400 2922 2463 distinctio
2973 2401 3037 2461 in
3086 2401 3236 2474 Dec,
3283 2420 3320 2463 a
3368 2399 3502 2463 sola
3550 2406 3767 2462 nostra
3816 2419 3926 2460 ra-

2407 2498 2578 2559 tione
2622 2498 2967 2579 dependet:
2994 2516 3118 2580 qua
3163 2497 3445 2579 primum
3477 2515 3611 2569 ens,
3646 2504 3925 2578 propter

2406 2615 2535 2658 suae
2565 2594 2951 2657 actualitatis
2985 2594 3395 2668 infinitatem,
3422 2595 3487 2656 in
3510 2594 3771 2677 propria
3792 2613 3923 2676 pu-

2406 2693 2590 2754 ritate
2634 2692 3054 2774 contemplari
3098 2692 3361 2774 nequit3
3395 2692 3507 2754 sed
3548 2692 3919 2754 secundum

2407 2790 2574 2871 quod
2620 2789 3098 2852 multiformiter
3137 2789 3202 2851 in
3243 2789 3501 2852 entibus
3545 2788 3776 2851 creatis
3812 2796 3923 2850 est

2405 2889 2573 2950 Deus
2644 2885 3079 2968 agnoscibiliS,
3142 2887 3235 2949 sic
3302 2888 3517 2969 ipsum
3585 2887 3921 2948 distinctis

795 2986 1146 3060 intellectu,
1193 2987 1400 3049 adhuc
1449 2995 1736 3048 remanet
1788 2987 1852 3048 in
1901 2987 2028 3048 Deo
2076 2986 2297 3048 distin·
2333 2981 2375 3045 C
2406 2984 2934 3066 conceptionibus
2961 2985 3401 3067 apprehendit.
3422 2984 3670 3066 Quippe
3700 3004 3913 3066 quum

793 3084 922 3146 ctio
949 3084 1075 3146 alia
1104 3102 1294 3166 quam
1327 3084 1699 3166 personalis.
1725 3084 1968 3156 Adhuc,
2004 3082 2295 3146 mirabile

793 3182 1052 3244 videtur
1109 3183 1430 3263 quomodo
1491 3181 1557 3242 in
1616 3188 1743 3242 tam
1806 3181 2088 3262 simplici
2158 3201 2296 3244 esse

793 3277 1054 3341 fundari
1104 3287 1362 3360 possent
1410 3286 1542 3340 tam
1591 3278 1876 3340 distincti
1925 3287 2294 3360 conceptuS,

795 3386 861 3443 et
891 3377 1209 3440 rationum
1243 3384 1415 3439 tanta
1455 3375 1810 3450 diversitas,
1844 3396 2043 3458 quum
2084 3385 2297 3440 tamen

796 3476 1152 3559 speculatio
1204 3477 1295 3539 rei
1345 3475 1574 3538 debeat
1619 3476 1937 3557 adaequari
1999 3475 2297 3557 intelligi-

795 3575 934 3647 bili,
969 3574 1273 3656 quoniam
1317 3574 1484 3636 sicut
1531 3592 1628 3636 res
1673 3581 1791 3647 est,
1837 3573 1930 3636 sic
1972 3574 2165 3636 habet
2208 3574 2298 3635 in-

797 3672 1015 3754 telligi.
1066 3672 1207 3735 Haec
1256 3688 1406 3751 ergo
1456 3688 1570 3753 pro
1619 3691 1749 3734 suae
1795 3671 2130 3752 positionis
2178 3670 2297 3732 sul-

793 3771 1073 3833 cimento
1117 3769 1448 3833 inducunt.

872 3868 1161 3950 insuper,
1209 3874 1482 3949 quatuor
1525 3867 1704 3948 signa
1749 3867 2180 3948 imaginantur
2230 3869 2296 3930 in

794 3968 942 4041 Dec,
991 3966 1055 4028 in
1107 3965 1342 4048 quibus
1390 3965 1614 4029 ordine
1663 3966 1937 4047 quodam
1991 3967 2295 4028 constitu-

793 4072 989 4127 untur
1035 4064 1251 4127 omnia
1299 4083 1441 4146 quae
1487 4063 1552 4126 in
1599 4063 1835 4125 divinis
1888 4071 2039 4126 sunt
2072 4081 2084 4124 :
2122 4072 2192 4126 ut
2228 4065 2293 4127 in

2405 3082 2487 3146 sit
2528 3084 2691 3145 Deus
2730 3083 3234 3146 substantialiter
3273 3083 3485 3166 ipsum
3517 3101 3709 3144 suum
3738 3101 3915 3157 esse,

2406 3181 2530 3264 ipsi
2560 3180 2859 3243 convenit
2884 3199 3023 3243 esse
3063 3182 3417 3243 secundum
3455 3187 3653 3245 totam
3691 3199 3917 3243 essen-

2406 3279 2471 3340 di
2530 3279 2995 3361 plenitudinem
3048 3297 3062 3341 :
3118 3280 3389 3361 ideoque
3446 3280 3729 3362 simplici
3790 3297 3919 3342 suo

2408 3396 2547 3440 6336
2594 3377 2896 3440 omnibus
2946 3378 3181 3440 nostris
3230 3377 3763 3460 conceptionibus
3812 3397 3918 3440 sa-

2407 3475 2663 3538 tisfacit.
2700 3476 2876 3538 Unde
2919 3477 3070 3558 quia
3114 3478 3179 3538 in
3225 3477 3453 3539 creatis
3497 3477 3756 3539 entibus
3798 3496 3921 3539 na-

2406 3581 2548 3635 tura
2596 3581 2693 3635 est
2740 3573 3131 3656 principium
3181 3583 3246 3636 et
3292 3592 3420 3656 quo
3466 3575 3716 3656 agendi,
3762 3595 3922 3658 sup-

2408 3671 2687 3753 positum
2728 3690 2879 3735 vero
2920 3672 2982 3734 id
3026 3673 3197 3754 quod
3244 3673 3414 3754 agit3
3460 3692 3641 3736 mens
3690 3681 3919 3737 nostra

2405 3770 2619 3852 ipsum
2669 3771 2961 3833 divinum
3004 3791 3118 3834 ens
3160 3773 3353 3834 etiam
3402 3772 3637 3854 accipit
3682 3790 3917 3834 secun-

2405 3868 2558 3930 dum
2609 3869 3062 3950 proprietatem
3115 3877 3378 3943 naturae,
3416 3877 3481 3931 et
3508 3889 3624 3951 per
3654 3888 3725 3932 36
3760 3887 3775 3931 :
3810 3889 3913 3932 se-

2403 3966 2687 4028 cundum
2737 3967 2856 4028 hoc
2902 3967 3155 4030 diversa
3200 3967 3281 4029 de
3339 3967 3478 4049 ipso
3534 3967 3905 4030 enuntians,

2402 4061 2465 4124 Si
2524 4064 2784 4138 dixeriS,
2823 4065 3085 4127 Ratione
3141 4072 3357 4127 nostra
3409 4072 3639 4139 amota,
3689 4065 3907 4128 adhuc

793 4163 1003 4246 primo
1042 4169 1193 4223 sunt
1227 4161 1534 4223 attributa
1575 4160 2018 4224 substantialia
2059 4163 2293 4226 divinae
2324 4163 2373 4226 D
2403 4171 2553 4225 sunt
2610 4162 2675 4224 in
2737 4164 2863 4226 Deo
2918 4181 3222 4244 generare
3280 4171 3344 4226 et
3391 4181 3519 4227 non
3564 4182 3899 4245 generare,

793 4268 1056 4333 naturae,
1105 4267 1177 4320 ut
1217 4266 1366 4321 sunt
1411 4258 1683 4333 bonitaS,
1733 4259 1949 4322 lumen
1995 4267 2058 4322 et
2107 4260 2291 4323 intel-

793 4357 1016 4420 lectus.
1069 4356 1139 4418 In
1197 4356 1478 4418 secundo
1533 4364 1750 4418 autem
1808 4356 2292 4438 perfectionalia

789 4454 990 4517 divini
1023 4472 1163 4517 6336
1201 4453 1539 4535 praedicata
1577 4461 1840 4537 ponunt,
1878 4463 1945 4516 ut
1984 4463 2134 4517 sunt
2171 4457 2287 4519 im-

788 4571 1070 4627 mensuS‚
1129 4558 1404 4614 aeternus
1461 4559 1524 4614 et
1583 4552 1918 4614 increatus.
1969 4553 2038 4615 In
2097 4555 2287 4617 tertio

785 4668 937 4714 vero
978 4657 1227 4734 ponunt
1271 4648 1605 4731 praedicata
1652 4649 1998 4713 notionalia
2039 4671 2286 4715 emana-

782 4750 1034 4813 tionum
1080 4749 1159 4811 ad
1208 4747 1414 4828 intra;
1458 4747 1522 4809 in
1583 4754 1810 4830 quarto
1858 4749 2157 4831 denique,
2210 4771 2285 4814 ea

781 4866 924 4929 quae
991 4845 1326 4927 designant
1396 4844 1865 4908 emanationem
1932 4846 2011 4908 ad
2079 4852 2279 4918 extra,

779 4944 1322 5026 quemadmodum
1383 4948 1648 5016 creator,
1701 4941 2030 5016 DominuS,
2081 4942 2279 5023 judex

777 5047 843 5104 et
885 5041 1269 5104 misericors.

856 5139 1000 5202 Haec
1043 5138 1313 5220 proinde
1357 5137 1591 5219 positio
1632 5137 1842 5201 aliena
1885 5146 1981 5201 est
2026 5158 2063 5201 a
2111 5140 2275 5201 veri-

2401 4260 2643 4341 spirare
2675 4268 2737 4323 et
2774 4261 3025 4342 spirari,
3058 4260 3224 4324 velle
3262 4269 3325 4323 et
3364 4261 3741 4342 intelligere,
3772 4281 3903 4325 nec

2399 4358 2652 4419 videtur
2691 4359 2847 4439 quin
2886 4358 3095 4421 adhuc
3138 4359 3439 4421 distincta
3480 4359 3645 4438 sint3
3677 4360 3901 4422 dicen-

2397 4456 2574 4528 dum,
2625 4456 2794 4536 quod
2851 4464 3006 4542 tunc
3062 4457 3197 4520 haec
3252 4457 3470 4520 omnia
3526 4465 3674 4520 sunt
3734 4477 3902 4540 pura

2395 4554 2606 4615 unitas
2645 4555 2710 4616 in
2750 4554 3126 4629 substantia,
3159 4556 3269 4619 sed
3308 4557 3386 4618 de
3417 4556 3735 4638 personali
3766 4557 3899 4620 dis-

2392 4652 2701 4715 tinctione
2755 4671 2882 4716 non
2932 4660 3030 4716 est
3078 4654 3209 4733 jam
3261 4654 3611 4736 inquisitio.
3668 4656 3899 4719 Denuo

2393 4769 2471 4812 ex
2515 4751 2635 4813 hoc
2674 4758 2846 4832 patet
2880 4751 3021 4831 ejus
3064 4751 3326 4814 rationis
3372 4772 3513 4835 quae
3553 4754 3631 4816 de
3671 4754 3897 4816 ideali-

2392 4849 2512 4912 bus
2556 4867 2770 4912 rerum
2819 4849 3294 4931 exemplaribus
3344 4850 3893 4928 introducebatur,

2390 4947 2642 5010 solutio.
2677 4948 2851 5022 Quod
2881 4955 3097 5010 autem
3138 4947 3367 5011 ultimo
3403 4949 3728 5029 adjectum
3766 4960 3891 5025 est,

2385 5046 2516 5127 jam
2569 5045 2849 5109 solutum
2899 5052 2998 5107 est
3042 5061 3057 5106 :
3110 5045 3390 5126 cognitio
3436 5047 3612 5110 enim
3660 5047 3739 5109 fit
3784 5067 3893 5111 se-

2386 5144 2669 5206 cundum
2708 5152 2997 5206 naturam
3039 5145 3502 5225 cognoscentiS,
3534 5146 3893 5209 secundum

773 5235 924 5314 tate,
958 5255 1167 5320 neque
1205 5234 1545 5320 principiis
1582 5235 2025 5320 philosophiae,
2061 5256 2271 5321 neque
2382 5238 2691 5301 Boetium.
