4300 6259
918 531 998 577 DE
1038 530 1265 577 Lunum
1307 530 1687 578 CHRISTIANAE
1729 529 2029 587 Tnssonffl,
2074 531 2251 578 unm
2291 531 2354 577 n.
2404 549 2482 559 --
2523 531 2661 577 An‘r.
2707 531 2867 576 Lxxx

324 693 664 778 losophiae,
710 699 1071 781 appellatur
1118 699 1430 762 terminus
1476 717 1489 761 :
1537 699 1839 780 quoniam
1872 698 1922 763 A
1954 699 2114 781 ipso,
2175 707 2239 762 et
2295 699 2536 764 moveri
2586 701 2738 762 dum
2801 698 3159 780 quiesceret
3216 714 3231 758 ε

322 795 828 876 comprehendit
872 815 949 858 ea
996 798 1163 860 inter
1220 817 1363 880 quae
1408 796 1683 860 essentia
1740 797 1843 858 de-

322 889 507 953 finiti
557 893 734 956 velut
794 894 860 956 in
918 895 1195 957 termino
1252 894 1532 977 quodam
1588 893 1842 956 conclu-

321 988 525 1064 ditur,
561 991 926 1055 essentialia
954 992 1201 1056 scilicet
1230 993 1322 1056 rei
1354 992 1692 1074 principia,
1726 1011 1839 1054 seu

320 1104 537 1166 genus
588 1095 653 1151 et
707 1090 1013 1171 speciem,
1070 1111 1213 1173 quae
1272 1090 1527 1172 plenam
1586 1087 1839 1152 definiti

319 1185 759 1266 quidditatem
819 1188 1209 1270 exprimunt.
1260 1187 1426 1250 Illud
1483 1205 1633 1268 ergo
1690 1187 1838 1250 sub-

320 1284 717 1346 stantialiter
755 1284 1081 1359 definitur,
1112 1286 1299 1367 cujus
1338 1303 1478 1348 esse
1516 1286 1593 1347 ad
1636 1303 1839 1366 genus

318 1388 387 1443 et
437 1383 729 1464 speciem
775 1401 849 1446 ac
900 1384 1303 1447 individuum
1355 1383 1833 1446 determinatur.

321 1479 401 1542 Et
452 1499 575 1564 per
624 1483 885 1545 modum
935 1484 1107 1546 hunc
1151 1500 1383 1566 corpus
1426 1483 1657 1546 Christi
1704 1481 1841 1544 ubi-

322 1578 491 1642 libet
539 1580 853 1643 del'initur
906 1599 921 1644 :
974 1599 1233 1665 semper
1280 1581 1523 1663 quippe
1579 1588 1676 1643 est
1734 1599 1843 1642 na-

322 1686 489 1742 turae
524 1679 832 1742 limitatae.
868 1679 991 1743 Sed
1024 1679 1309 1742 localiter
1338 1696 1466 1742 non
1507 1678 1837 1752 definitur,

320 1777 482 1858 quia
542 1796 661 1860 per
715 1779 1139 1842 extrinsecam
1196 1778 1668 1841 dimensionem
1737 1794 1841 1840 co-

3331 509 3450 574 483

3296 715 3450 778 prae-

1952 799 2172 861 sertim
2226 817 2426 880 quum
2473 817 2587 881 per
2635 797 3055 860 substantiam
3106 803 3170 858 et
3225 795 3452 857 indivi-

1952 894 2250 970 sibiliter,
2283 895 2523 978 absque
2564 895 2864 958 videlicet
2906 895 3130 957 ordine
3176 893 3452 975 partium

1951 994 2029 1055 ad
2062 993 2296 1068 locum,
2329 995 2590 1056 exsistat
2628 994 2694 1056 in
2733 993 3162 1057 Sacramenta
3195 992 3452 1064 Verum,

1952 1093 2103 1174 quia
2141 1093 2498 1154 secundum
2543 1092 2913 1175 praehabita,
2949 1109 3180 1173 corpus
3221 1089 3456 1154 Christi

1953 1191 2422 1273 quodammodo
2469 1191 2931 1253 determinatur
2985 1188 3062 1251 ad
3117 1189 3328 1251 locum
3389 1188 3456 1250 in

1951 1305 2079 1369 quo
2136 1295 2234 1350 est
2291 1289 2536 1351 ratione
2587 1287 3023 1350 conversionis
3080 1305 3154 1348 ae
3214 1285 3458 1348 dimen-

1950 1385 2206 1448 sionum
2266 1405 2408 1469 quae
2467 1392 2818 1458 remanent,
2885 1385 3037 1447 hinc
3105 1385 3456 1447 concedere

1950 1483 2263 1563 cogimur,
2299 1483 2510 1566 ipsum
2546 1501 2660 1565 per
2693 1482 2992 1546 accidens
3033 1481 3298 1544 moveri.
3336 1480 3454 1543 Ho-

1950 1581 2071 1642 stia
2118 1581 2292 1643 enim
2341 1581 2478 1644 tolli
2530 1588 2758 1662 potest,
2809 1587 2874 1643 et
2930 1580 3008 1642 de
3056 1579 3238 1642 altari
3299 1579 3452 1661 poni

1950 1679 2015 1741 in
2061 1679 2294 1762 pyxide
2343 1697 2358 1741 t
2409 1698 2536 1762 quo
2599 1679 2788 1754 factO,
2845 1698 2986 1742 esse
3043 1678 3278 1742 desinit
3340 1678 3453 1741 ubi

1949 1785 2234 1860 praeerat.
2277 1813 2359 1824 -
2401 1777 2630 1850 Quarta
2674 1778 2833 1840 ratio
2878 1778 3066 1859 plene
3109 1776 3314 1840 soluta
3358 1783 3455 1839 est

320 1883 585 1957 aptatur
633 1875 793 1950 loco,
846 1885 911 1939 et
959 1877 1026 1940 in
1086 1895 1497 1959 quocumque
1555 1876 1695 1938 loco
1743 1883 1841 1938 est
1872 1877 1919 1938 B
1952 1877 2014 1937 in
2060 1877 2444 1959 praecedenti
2489 1875 2780 1938 articulo.

322 1975 487 2056 quid
556 1975 1223 2039 transsubstantiabile
1282 1976 1348 2038 in
1408 1977 1645 2057 ipsum,
1706 1975 1837 2037 illic

322 2091 471 2134 esse
542 2081 772 2154 potest.
833 2074 1026 2137 Porro
1092 2075 1337 2136 ratione
1404 2072 1841 2136 conversionis

325 2189 407 2232 ac
457 2172 939 2234 dimensionum
988 2172 1195 2255 paniS,
1240 2171 1841 2234 determinationem

322 2271 678 2351 quamdam
724 2270 916 2334 habet
960 2271 1039 2334 ad
1092 2271 1302 2333 locum
1358 2271 1423 2332 in
1477 2287 1608 2352 quo
1658 2270 1843 2352 panis

325 2369 729 2450 praeexstitit.
764 2369 893 2432 Hoc
924 2387 1075 2450 ergo
1115 2370 1304 2433 modo
1340 2386 1573 2451 corpus
1605 2368 1837 2432 Christi

326 2469 399 2529 in
432 2467 591 2530 locis
632 2468 929 2552 pluribus
974 2466 1169 2530 simul
1208 2486 1347 2530 esse
1376 2475 1605 2549 potest,
1638 2485 1840 2549 quum

326 2575 549 2628 tamen
610 2566 967 2629 substantia
1022 2573 1311 2648 separata
1358 2583 1473 2648 per
1528 2566 1840 2647 quantita-

330 2672 465 2727 tem
514 2663 775 2727 virtutis
823 2664 1289 2727 determinetur
1344 2664 1421 2726 ad
1471 2663 1684 2726 locum
1734 2663 1838 2725 de-

326 2763 593 2825 finitive
664 2781 779 2845 per
847 2764 1307 2845 operationem.
1380 2761 1595 2825 Virtus
1664 2761 1839 2824 enim

328 2861 541 2944 ipsius
591 2860 779 2922 finita
836 2868 934 2923 est
984 2867 1049 2923 et
1109 2880 1253 2922 una.
1307 2860 1382 2922 Et
1429 2860 1551 2922 hoc
1600 2879 1678 2922 ex
1727 2860 1841 2921 Da-

328 2960 621 3022 masceni
675 2958 891 3021 verbis
948 2960 1281 3041 accipitur.
1344 2958 1516 3020 Istud
1584 2974 1841 3041 quoque

2030 1975 2201 2037 Nihil
2251 1977 2465 2058 itaque
2516 1973 2916 2057 impossibile
2965 1973 3249 2036 continet
3297 1973 3453 2036 fidei

1950 2074 2260 2151 doctrina,
2295 2094 2503 2157 neque
2547 2073 2790 2137 ratione
2831 2073 3005 2136 vinci
3049 2081 3277 2155 potest.

2294 2346 2785 2412 ARTICULUS
2835 2345 3110 2410 LXXX.

1954 2487 2041 2546 Et
2097 2493 2191 2544 est
2249 2487 2627 2560 emplanatio
2689 2487 3232 2564 quemadmodum
3291 2485 3454 2544 acci·-

2031 2576 2258 2634 dentia
2295 2575 2548 2650 possint
2583 2575 2711 2649 pei·
2747 2593 2812 2634 se
2855 2575 3204 2634 subsistere
3243 2575 3316 2634 in
3355 2593 3452 2634 sa-

2028 2674 2360 2724 cramento
2403 2665 2866 2726 Eucharistiae.

2084 2859 2427 2923 NIMVERO
2485 2858 2900 2921 difficultates
2959 2877 3100 2941 quae
3147 2877 3225 2920 ex
3275 2866 3454 2941 parte

2110 2965 2417 3041 separatae
2465 2958 2852 3020 exsistentiae
2909 2957 3336 3021 accidentium
3386 2957 3454 3020 in

326 3075 461 3119 non
496 3055 1021 3120 irrationabiliter
1049 3056 1381 3137 contingit.
1418 3056 1625 3129 Quum
1664 3057 1839 3118 enim
1870 3057 1913 3122 C
1950 3058 2073 3121 hoc
2102 3063 2500 3120 sacramento
2531 3055 2931 3136 contingunt,
2966 3056 3031 3118 in
3063 3055 3314 3118 duobus
3346 3073 3456 3138 po·

328 3173 571 3237 corpus
630 3154 862 3218 Christi
926 3155 1268 3229 divinitati,
1316 3173 1459 3236 quae
1515 3161 1839 3216 transcen-

326 3254 561 3314 denter
606 3252 849 3335 ubique
886 3259 1006 3326 est,
1054 3253 1138 3315 sit
1184 3252 1461 3326 unitum,
1500 3251 1842 3314 rationabi-

330 3351 389 3414 le
438 3357 541 3414 est
588 3358 663 3412 ut
706 3369 786 3413 ex
834 3351 1071 3414 unione
1120 3351 1239 3413 hac
1290 3351 1431 3433 ipsa
1476 3349 1837 3413 efficaciam

327 3449 683 3532 quamdam
714 3449 1043 3531 suscipiat,
1076 3467 1205 3532 qua
1242 3449 1309 3511 in
1341 3448 1497 3512 locis
1538 3448 1837 3531 plurimis

326 3546 531 3610 simul
574 3546 891 3610 contineri
932 3548 1151 3630 possit.

408 3647 511 3708 Ad
566 3646 823 3708 tertiam
883 3645 1146 3727 insuper
1201 3664 1281 3708 ex
1340 3664 1511 3708 nunc
1568 3645 1839 3709 ostensis

330 3744 727 3827 respondere
758 3762 883 3806 non
914 3751 1011 3806 est
1041 3743 1611 3807 difficile.Constat
1638 3746 1836 3820 enim,

328 3843 506 3926 quod
553 3842 856 3905 distantia
896 3850 961 3904 et
1006 3851 1217 3906 motus
1259 3843 1729 3905 dimensionem
1778 3851 1840 3905 et

331 3943 551 4005 locum
596 3950 962 4023 sequantur.
998 3941 1367 4024 Spiritualia
1404 3960 1681 4025 namque
1726 3943 1841 4004 im-

328 4039 595 4123 proprie
661 4038 897 4100 distare
962 4040 1285 4113 dicuntur,
1346 4039 1470 4102 nisi
1542 4039 1840 4102 distantia

326 4137 621 4216 ordinis3
665 4155 838 4198 nunc
879 4154 1031 4200 vero
1077 4137 1157 4200 de
1206 4137 1507 4200 distantia
1553 4138 1713 4199 situs
1760 4137 1840 4200 fit

1949 3157 2276 3219 tissimum
2319 3153 2696 3217 fulciuntur.
2730 3153 2962 3227 Prim0‚
3008 3154 3310 3235 quoniam
3355 3172 3456 3215 ac-

1950 3254 2230 3317 cidentia
2284 3260 2629 3315 causantur
2685 3271 2722 3313 a
2778 3251 3156 3325 substantia,
3217 3259 3282 3314 et
3350 3252 3458 3314 de-

1952 3352 2233 3436 pendent
2287 3351 2368 3413 ab
2427 3369 2524 3424 ea,
2572 3358 2642 3412 ut
2691 3351 2966 3432 septimo
3015 3349 3458 3433 Metaphysicae

1950 3451 2273 3513 scribitur.
2337 3449 2652 3522 Secundo,
2713 3447 3018 3529 quoniam
3077 3448 3454 3522 accidentia,

1950 3568 2153 3633 quum
2211 3550 2341 3611 sint
2387 3547 2634 3621 formae,
2689 3546 3077 3609 individuari
3129 3553 3458 3629 nequeunt

1949 3647 2075 3710 nisi
2137 3665 2250 3729 per
2307 3645 2617 3725 subjecta.
2669 3645 2846 3708 Unde
2895 3645 2948 3707 si
3001 3644 3291 3725 subjecta
3339 3643 3455 3708 tol-

1950 3745 2184 3818 lantur,
2216 3741 2540 3805 videbitur
2578 3741 3002 3805 individuatio
3042 3742 3294 3824 perimi.
3331 3742 3451 3806 Sed

1949 3840 2351 3924 impossibile
2398 3848 2495 3902 est
2539 3840 2786 3921 aliquid
2835 3840 2901 3902 in
2959 3858 3172 3902 rerum
3224 3847 3451 3902 natura

1948 3941 2277 4013 exsistere,
2341 3938 2464 4000 nisi
2526 3937 2994 4000 individuatum
3051 3939 3134 3999 sit
3191 3946 3255 3999 et
3321 3939 3447 4000 sin·

1946 4040 2166 4122 gulare
2195 4037 2476 4100 exsistat.
2510 4037 2671 4099 Hinc
2709 4054 2987 4116 namque
3031 4035 3273 4118 ubique
3313 4036 3449 4098 Ari-

1948 4137 2204 4202 stoteles
2243 4135 2519 4198 Platonis
2555 4134 2906 4197 admiratur
2949 4133 3446 4217 philosophiam,

328 4233 689 4316 inquisitio.
724 4232 901 4295 Sicut
938 4250 1089 4314 ergo
1127 4233 1527 4315 impossibile
1566 4241 1663 4294 est
1700 4251 1839 4296 cor·
1870 4236 1917 4298 D
1950 4239 2100 4320 quia
2159 4253 2371 4298 rerum
2431 4232 2814 4316 quidditates
2871 4239 2937 4294 et
2993 4238 3312 4314 separatas
3368 4231 3450 4296 ab

330 4352 455 4416 pus
506 4330 741 4396 Christi
791 4350 905 4414 per
952 4331 1242 4414 proprias
1290 4332 1721 4395 dimensiones
1770 4333 1837 4398 in

330 4431 613 4494 diversis
674 4430 829 4492 locis
888 4431 1083 4494 simul
1140 4431 1511 4504 consistere,
1570 4432 1663 4494 sic
1723 4432 1837 4494 im-

333 4528 649 4613 possibile
696 4537 793 4592 est
840 4538 909 4591 ut
956 4549 993 4592 a
1040 4549 1107 4592 se
1157 4530 1299 4613 ipso
1346 4529 1538 4592 distet
1585 4549 1701 4612 per
1745 4549 1835 4605 se,

332 4637 447 4691 aut
514 4629 690 4710 quod
746 4628 940 4690 simul
1006 4629 1293 4711 quiescat
1357 4637 1419 4690 et
1486 4638 1835 4692 moveatur.

332 4727 549 4800 Quum
594 4744 745 4807 ergo
787 4732 997 4788 motus
1046 4733 1111 4788 et
1154 4725 1457 4789 distantia
1498 4728 1841 4790 dimensio-

334 4845 487 4888 nem
520 4833 1039 4907 praesupponant‚
1072 4831 1137 4886 et
1164 4843 1279 4906 per
1308 4844 1449 4888 eam
1480 4825 1843 4906 subJecten-

333 4932 443 4986 tur
494 4924 563 4985 in
622 4922 999 4996 substantia,
1051 4940 1283 5005 corpus
1339 4931 1553 4986 autem
1612 4924 1843 4988 Christi

335 5041 469 5085 non
518 5022 645 5084 nisi
696 5041 810 5103 per
855 5022 1097 5084 alienas
1142 5023 1577 5086 dimensiones
1624 5025 1691 5086 in
1741 5025 1845 5086 Sa-

334 5129 671 5184 cramento
702 5121 1133 5202 contineatur3
1166 5122 1375 5203 palam
1407 5125 1577 5204 quod
1616 5123 1849 5186 distan-

337 5222 431 5283 tia
472 5228 537 5282 et
583 5225 797 5281 motus
826 5237 953 5283 non
994 5238 1110 5302 per
1146 5239 1215 5282 se
1254 5220 1455 5283 insint
1494 5222 1577 5296 ei,
1611 5223 1847 5305 quibus

340 5318 495 5404 quis
556 5318 822 5394 diceret,
872 5318 1042 5382 idem
1102 5337 1335 5404 corpus
1394 5321 1627 5384 distare
1684 5341 1720 5384 a
1779 5341 1845 5386 se

1952 4335 2326 4408 individuiS‚
2349 4341 2413 4395 et
2443 4341 2654 4394 tamen
2687 4329 3130 4408 subsistentes,
3154 4333 3446 4394 asseruit.

2032 4435 2245 4499 Restat
2302 4450 2453 4514 ergo
2518 4430 2874 4505 ostendere,
2935 4430 3156 4493 divina
3213 4430 3452 4495 virtute

1950 4533 2094 4597 fieri
2145 4549 2356 4614 posse,
2403 4537 2474 4591 ut
2519 4529 2814 4591 accidens
2862 4528 3001 4591 sine
3049 4529 3341 4610 subjecto
3390 4537 3453 4592 et

1951 4637 2342 4714 permaneat,
2387 4635 2451 4691 et
2497 4626 2953 4690 individuetur.
2999 4628 3275 4701 Quorum
3323 4627 3450 4709 pri-

1954 4749 2132 4793 mum
2177 4747 2304 4791 non
2355 4735 2452 4789 est
2498 4725 2771 4789 difficile
2813 4726 3243 4788 manifestare.
3293 4726 3452 4789 Con·

1954 4838 2075 4892 stat
2103 4828 2404 4910 equidem
2443 4845 2520 4888 ex
2559 4824 3008 4887 traditionibus
3049 4825 3243 4906 primi
3275 4825 3447 4900 libri,

1955 4927 2164 4990 causis
2223 4925 2522 4988 secundis
2580 4932 2644 4986 et
2700 4941 2839 4985 esse
2889 4930 2952 4985 et
3015 4923 3451 4986 causalitatem

1954 5047 1991 5090 a
2035 5027 2245 5110 primo
2293 5032 2439 5086 ente
2489 5022 2960 5085 communicata
3007 5021 3183 5100 fore3
3231 5023 3322 5084 sic
3368 5029 3453 5085 ta·

1958 5145 2128 5199 men,
2163 5133 2234 5186 ut
2263 5124 2429 5186 Deus
2468 5120 2844 5184 benedictus
2882 5126 2946 5182 et
2984 5120 3297 5194 excelsuS,
3331 5121 3453 5183 hoc

1958 5244 2073 5308 per
2121 5243 2189 5286 se
2247 5221 2510 5285 efficere
2571 5219 2774 5281 valeat
2828 5218 2997 5300 quod
3059 5236 3172 5300 per
3230 5237 3454 5281 causas

1960 5323 2272 5388 secundas
2303 5321 2398 5383 fit.
2434 5318 2653 5383 Omnis
2683 5335 2916 5400 nempe
2956 5335 3147 5379 causa
3176 5316 3458 5380 secunda

3519 4850 3602 4892 art.
3631 4859 3748 4899 xxvi,

3481 4924 3618 4962 uviu,
3631 4922 3754 4955 mxxv.
