4300 6259
970 504 1049 550 DE
1090 502 1319 549 mmm?
1361 500 1741 547 cumsnANAE
1783 499 2084 559 rumam,
2130 501 2306 551 LIBER
2348 504 2409 550 11.
2457 522 2536 535 --
2581 506 2718 554 Am.
2765 507 2910 555 xxlx

3375 484 3490 553 421

380 669 553 753 giam
580 676 607 735 2
636 672 699 737 Si
742 672 1110 745 ascendero,
1142 680 1265 736 etc.
1310 672 1573 745 Rursus,
1616 671 1679 734 in
1722 670 1887 734 libro
1915 671 1968 733 A
1997 671 2301 736 donatum
2355 683 2452 738 est
2505 676 2662 740 Filio
2711 697 2745 740 a
2793 678 2972 741 Patre
3015 696 3028 740 :
3071 686 3135 743 et
3190 678 3274 742 ob
3331 676 3495 741 hanc

121 786 223 842 sap.
255 798 285 835 ι,
314 786 352 827 τ.
381 770 729 853 Sapientiae
756 770 1383 853 scribiturzspiritus
1402 770 1651 834 Domini
1685 769 1887 852 reple·

380 868 473 930 vit
502 868 727 933 orbem
762 876 1095 933 terrarum.
1128 870 1301 932 -At
1330 887 1502 941 vero,
1538 868 1706 950 quod
1748 867 1885 949 Spi-

378 967 541 1029 ritus
580 968 851 1033 Sanctus
892 986 1019 1031 non
1065 968 1147 1031 sit
1191 967 1694 1030 ministerialiter
1736 984 1883 1048 ope-

376 1084 549 1139 ranS,
583 1066 765 1129 velut
801 1067 979 1130 Patre
1024 1066 1235 1130 minor
1276 1085 1351 1128 ac
1394 1065 1575 1139 Filio,
1607 1084 1684 1127 ex
1716 1064 1885 1126 dicto

376 1164 664 1245 Apostoli
708 1165 877 1247 quod
920 1165 997 1227 ad
1043 1164 1403 1228 Corinthios
1447 1162 1735 1225 scribens
1774 1162 1881 1237 ait,

376 1262 585 1343 palam
616 1264 762 1325 erit.
778 1263 913 1325 Illic
940 1263 1105 1325 enim
1130 1262 1589 1325 connumeratis
1614 1260 1885 1323 diversis

376 1359 772 1423 differentiis
803 1362 1117 1425 donorum
1148 1360 1284 1435 Dei,
1318 1361 1397 1423 de
1425 1359 1663 1442 quibus
1696 1354 1885 1441 paulo

276 1486 303 1514 ι
375 1467 523 1521 ante
572 1458 760 1533 dixit,
800 1460 975 1522 Idem
1025 1467 1240 1522 autem
1282 1460 1469 1531 DeuS‚
1517 1458 1627 1540 qui
1666 1475 1885 1540 opera-

378 1564 482 1619 tur
510 1558 737 1621 omnia
770 1558 833 1620 in
866 1556 1197 1635 omnibus3
1221 1556 1474 1619 subdit:
1502 1556 1641 1619 Haec
1671 1556 1887 1619 omnia

376 1664 686 1737 operatur
728 1675 896 1719 unus
938 1664 1129 1737 atque
1174 1655 1341 1717 idem
1387 1655 1683 1737 SpirituS‚
1726 1653 1884 1715 divi·

376 1755 535 1817 dens
568 1756 843 1837 singulis
874 1764 1065 1837 prout
1092 1755 1250 1817 vult.
1286 1755 1352 1816 In
1386 1755 1503 1817 hoc
1534 1772 1683 1835 ergo
1714 1753 1883 1836 quod

1998 770 2309 834 rationem
2341 774 2578 837 dicitur
2616 776 2794 840 Pater
2836 784 2900 840 et
2942 776 3138 840 Filius
3183 776 3491 859 Spiritum

1996 868 2296 931 Sanctum
2331 872 2601 935 mittere.
2621 875 3026 958 —Denique,
3057 876 3225 938 sicut
3253 894 3288 937 a
3315 875 3495 937 Patre

1996 966 2286 1051 Filioque
2315 970 2546 1053 recipit
2583 972 2858 1053 Spiritus
2899 974 3167 1037 Sanctus
3210 974 3495 1036 divinam

1996 1068 2365 1141 essentiam,
2399 1068 2490 1131 sic
2521 1078 2586 1133 et
2615 1071 3043 1152 cognitionem
3075 1080 3268 1154 atque
3296 1072 3494 1134 virtu-

1996 1172 2149 1237 tem,
2202 1166 2742 1247 quemadmodum
2803 1169 2865 1231 in
2917 1168 3083 1232 libro
3129 1170 3208 1231 de
3255 1168 3496 1251 Spiritu

1998 1262 2228 1326 Sancto
2277 1264 2585 1347 Didymus
2635 1266 2894 1349 scripsit
2939 1285 2953 1330 τ
2999 1268 3218 1350 Neque
3259 1268 3360 1347 (ut
3406 1266 3498 1330 in-

1997 1361 2166 1443 quit)
2215 1362 2369 1443 quid
2419 1370 2516 1425 est
2572 1364 2745 1426 aliud
2794 1365 3012 1439 Filius,
3064 1366 3348 1448 exceptis
3395 1365 3496 1427 his

1998 1478 2139 1540 quae
2181 1460 2240 1521 ei
2280 1478 2317 1521 a
2356 1461 2534 1523 Patre
2584 1462 2941 1542 donantur3
2979 1482 3188 1545 neque
3230 1464 3354 1525 alia
3401 1470 3498 1525 est

1997 1556 2270 1639 Spiritus
2303 1558 2514 1620 Sancti
2544 1558 2921 1635 substantia,
2954 1568 3184 1643 praeter
3222 1560 3286 1623 id
3326 1561 3495 1642 quod

1996 1655 2183 1717 datur
2225 1656 2280 1717 ei
2325 1675 2362 1719 a
2405 1656 2582 1720 Filio.
2615 1658 3104 1722 identificantur
3144 1659 3384 1741 quippe
3430 1660 3494 1720 in

1997 1753 2475 1835 supersimplici
2547 1755 2810 1819 Deitatis
2881 1756 3177 1830 essentia,
3246 1764 3492 1830 natura,

372 1852 605 1916 eadem
674 1873 869 1937 opera
933 1852 1243 1916 adscribit
1309 1854 1437 1916 Deo
1493 1861 1557 1915 et
1615 1852 1881 1935 Spiritui
1918 1850 1967 1913 B
1998 1852 2313 1934 sapientia
2357 1871 2432 1914 ac
2477 1855 2781 1936 potentia.
2839 1856 2906 1917 ln
2953 1872 3030 1918 eo
3081 1855 3275 1936 igitur
3326 1855 3497 1937 quod

372 1952 634 2025 Sanct0‚
666 1960 731 2015 et
770 1952 937 2034 quod
982 1950 1291 2033 Spiritum
1330 1951 1629 2013 Sanctum
1669 1958 1881 2013 conte-

371 2056 581 2112 statur
610 2050 863 2133 operari
902 2050 1069 2111 sicut
1100 2048 1259 2122 vult,
1296 2056 1587 2132 patenter
1618 2048 1886 2111 manife-

372 2156 496 2211 stat
526 2148 845 2231 Spiritum
877 2148 1179 2211 Sanctum
1220 2148 1419 2210 Deum
1462 2166 1623 2222 esse,
1656 2155 1719 2210 et
1755 2165 1884 2210 non

374 2247 889 2310 ministerialiter
930 2265 1135 2328 agere.
1178 2282 1259 2293 —
1306 2246 1666 2319 Enimvero,
1714 2246 1882 2328 quod

376 2345 659 2427 Spiritus
710 2344 979 2407 Sanctus
1038 2346 1122 2407 sit
1176 2344 1535 2407 subsistens
1592 2362 1881 2427 persona,

375 2462 412 2506 a
450 2444 637 2506 Patre
690 2442 979 2525 Filioque
1032 2442 1511 2525 suppositaliter
1560 2442 1881 2518 distincta,

378 2542 531 2604 hinc
565 2542 1113 2624 innotescit,quod
1146 2540 1421 2623 Spiritus
1452 2541 1718 2604 Sanctus
1751 2560 1887 2623 per·

381 2639 645 2703 bibetur
685 2659 722 2702 a
758 2640 936 2703 Patre
976 2640 1341 2721 procedere,
1374 2647 1437 2701 et
1474 2639 1765 2720 accipere
1808 2640 1887 2701 de

238 2730 265 2762 ⁸·
340 2748 458 2802 'eo
500 2740 673 2821 quod
718 2746 815 2801 est
858 2738 1019 2801 Filii.
1056 2737 1259 2799 Etiam
1294 2737 1359 2799 in
1398 2736 1671 2819 epistola
1704 2738 1886 2801 Joan-

250 2864 349 2901 mv,
377 2837 479 2900 nis
531 2838 771 2900 dicitur
823 2854 838 2898 ι
888 2837 1038 2899 Tres
1086 2844 1234 2899 sunt
1282 2836 1392 2919 qui
1444 2836 1884 2900 testimonium

378 2936 531 2997 dant
578 2936 646 2997 in
692 2936 877 3009 coel0,
922 2935 1123 3007 Pater,
1155 2934 1459 3007 Verbum,
1503 2942 1567 2997 et
1611 2934 1885 3015 Spiritus

1996 1950 2274 2032 Spiritus
2313 1951 2577 2013 Sanctus
2620 1971 2657 2014 a
2701 1953 2877 2016 Patre
2920 1973 2993 2016 ac
3031 1953 3190 2017 Filio
3231 1960 3360 2015 tam
3405 1972 3499 2016 es·

1995 2048 2266 2111 sentiam
2298 2068 2489 2131 quam
2521 2050 2900 2133 sapientiam
2932 2061 3124 2134 atque
3155 2052 3498 2135 potentiam

1994 2146 2252 2228 accipit,
2301 2145 2538 2209 dicitur
2575 2148 2819 2221 audire,
2862 2156 2927 2211 et
2963 2167 3089 2212 non
3137 2148 3311 2232 loqui
3354 2170 3391 2213 a
3433 2170 3500 2212 se

1998 2244 2157 2326 ipso.
2192 2243 2418 2307 Divina
2459 2264 2692 2327 nempe
2734 2265 2847 2329 per
2893 2247 3150 2310 modurn
3197 2247 3504 2310 humano-

1998 2360 2140 2403 rum
2175 2341 2544 2424 l'requenter
2573 2344 3044 2407 describuntur.
3070 2344 3371 2409 Homines
3400 2365 3502 2408 ve-

1998 2457 2069 2503 ro
2098 2458 2216 2522 per
2254 2440 2544 2504 auditum
2581 2441 2914 2505 scientiam
2961 2444 3306 2526 accipiunt.
3341 2443 3497 2505 Nam

1998 2538 2210 2619 primo
2255 2538 2480 2603 Primae
2525 2539 2944 2621 philosophiae
2985 2541 3074 2603 ait
3102 2541 3496 2614 AristoteleS,

1997 2637 2168 2719 quod
2200 2638 2456 2699 auditus
2487 2638 2571 2699 sit
2599 2657 2825 2701 sensus
2855 2639 3234 2721 disciplinae.
3256 2639 3501 2702 Dicitur

1996 2744 2210 2798 autem
2280 2736 2556 2818 Spiritus
2619 2737 2888 2799 Sanctus
2946 2736 3306 2811 audituruS,
3368 2756 3495 2801 non

1997 2834 2180 2915 quasi
2223 2834 2300 2895 de
2345 2851 2512 2897 novo
2557 2834 2708 2915 quid
2755 2842 3158 2917 accepturuS,
3193 2835 3303 2897 sed
3348 2836 3502 2917 quia

1998 2952 2113 3015 per
2144 2932 2302 2995 illud
2339 2932 2584 3005 audire,
2617 2932 2934 3015 accipitur
2975 2934 3263 3015 recipere
3302 2933 3500 3017 Spiri-

378 3034 671 3097 Sanctus.
707 3034 777 3096 ln
808 3051 935 3116 quo
964 3034 1115 3096 satis
1148 3033 1345 3095 claret
1384 3033 1691 3116 Spiritum
1734 3033 1885 3095 San·
1921 3034 1965 3099 C
1996 3039 2099 3094 tus
2140 3031 2372 3094 Sancti.
2417 3030 2719 3113 Recipere
2765 3048 2916 3094 vero
2963 3031 3238 3114 Spiritus
3288 3032 3502 3095 Sancti

378 3140 557 3194 ctum
599 3132 891 3213 ejusdem
935 3150 1075 3193 esse
1122 3139 1361 3193 naturae
1406 3150 1551 3193 cum
1598 3130 1776 3193 Patre
1821 3138 1883 3192 et

378 3231 564 3303 Filio,
608 3238 673 3292 et
718 3238 927 3292 tamen
978 3228 1397 3312 personaliter
1448 3228 1755 3309 distingui
1804 3229 1885 3291 ab

378 3330 493 3391 eis.
532 3328 609 3391 Et
638 3329 689 3391 si
721 3327 868 3409 quis
900 3327 1323 3389 calumniator
1354 3326 1589 3397 obviet,
1623 3334 1684 3389 et
1718 3328 1887 3388 dicat

378 3446 507 3491 non
555 3446 695 3490 esse
740 3427 1039 3490 eumdem
1071 3426 1379 3509 Spiritum
1416 3426 1743 3499 Sanctum,
1782 3425 1885 3488 hic

378 3525 679 3589 convinci
742 3532 947 3607 potest
996 3544 1073 3586 ex
1124 3541 1201 3586 eo
1247 3523 1420 3606 quod
1481 3522 1545 3586 in
1596 3524 1887 3586 Matthaeo

262 3657 345 3693 .x.
378 3624 667 3687 Salvator
712 3622 875 3685 dixit
916 3640 931 3683 :
976 3622 1111 3685 Non
1162 3622 1314 3684 estis
1360 3639 1473 3684 vos
1524 3622 1634 3703 qui
1684 3622 1885 3703 loqui-

380 3722 567 3793 mini,
600 3721 713 3783 sed
744 3720 1017 3801 Spiritus
1047 3720 1247 3781 Patris
1278 3718 1495 3793 vestri,
1530 3720 1639 3801 qui
1684 3719 1884 3801 loqui-

379 3829 486 3883 tur
526 3821 593 3882 in
634 3819 837 3882 vobis.
874 3820 943 3880 ln
984 3818 1193 3880 Marco
1233 3826 1444 3880 autem
1488 3818 1625 3881 loco
1658 3818 1883 3881 horum

260 3951 285 3979 ι
374 3919 692 4000 scriptum
742 3924 838 3979 est
888 3934 903 3978 ε
952 3915 1090 3978 Non
1150 3916 1301 3978 estis
1358 3934 1471 3978 vos
1530 3916 1882 3999 loquenteS,

375 4016 487 4079 sed
521 4016 799 4099 Spiritus
842 4014 1129 4076 Sanctus,

738 4280 1226 4345 ARTICULUS
1274 4280 1525 4343 XXIX.

580 4422 667 4482 Ec
712 4429 801 4479 esc
852 4420 1087 4478 solutio
1138 4419 1472 4477 rationum
1522 4419 1683 4479 Arii

880 4517 941 4567 et
986 4508 1377 4569 Mace-(ionii.

514 4708 607 4771 ST
646 4713 859 4769 autem
904 4705 967 4767 in
1012 4704 1191 4766 Patre
1235 4711 1299 4765 et
1340 4702 1498 4765 Filio
1540 4702 1881 4765 auctoritas

542 4822 739 4887 super
778 4802 1087 4885 Spiritum
1130 4800 1455 4872 Sanctum,
1488 4817 1613 4862 non
1662 4800 1881 4882 utique

378 4903 801 4976 excellentiae,
852 4900 1005 4982 quia
1054 4906 1183 4961 tota
1240 4897 1493 4961 deitatis
1554 4898 1884 4979 plenitudo

1996 3138 2304 3193 aeternum
2345 3137 2442 3191 est
2475 3146 2488 3190 ε
2521 3136 2760 3192 aeterno
2797 3136 3012 3192 autem
3055 3129 3249 3192 verba
3288 3130 3499 3212 cujus-

1996 3227 2154 3290 libet
2211 3227 2518 3309 temporis
2577 3228 2782 3308 aptari
2844 3235 3134 3309 possunt,
3197 3246 3272 3291 eo
3329 3230 3500 3311 quod

1996 3326 2212 3388 omnia
2251 3334 2538 3407 tempora
2577 3325 2896 3387 aeternitas
2942 3326 3174 3408 simpla
3219 3326 3501 3408 imparti-

1996 3432 2186 3505 taque
2231 3442 2644 3506 perseverans
2689 3423 3170 3505 complectatur.

2078 3522 2385 3603 Denique,
2433 3541 2548 3584 cur
2595 3521 2872 3604 Spiritus
2921 3521 3186 3583 Sanctus
3237 3540 3364 3585 non
3414 3522 3497 3584 sit

1998 3620 2334 3701 utriusque
2383 3619 2583 3693 filius,
2638 3621 2701 3681 in
2753 3619 3025 3682 articulo
3073 3619 3369 3701 superius
3417 3620 3493 3681 de
3525 3636 3741 3677 aruns-1.

1997 3716 2115 3779 hoc
2149 3716 2411 3779 inducto
2434 3717 2837 3779 sufficienter
2859 3718 3354 3779 determinatum
3373 3726 3486 3779 est.

1995 3815 2172 3889 Quod
2227 3814 2419 3877 etiam
2472 3815 2756 3877 vicissim
2804 3816 2968 3878 Patri
3021 3816 3306 3898 Filioque
3364 3833 3490 3878 non

1994 3920 2494 3975 connumeratur
2563 3912 2836 3994 Spiritus
2906 3914 3194 3985 SanctuS,
3264 3932 3490 3995 parum

1992 4011 2224 4091 arguit.
2257 4010 2414 4072 Nam
2449 4012 2828 4092 quandoque
2860 4012 2936 4073 fit
2969 4012 3209 4074 mentio
3240 4010 3319 4073 de
3358 4010 3492 4094 Spi-

1994 4110 2120 4170 ritu
2162 4108 2391 4171 Sancto
2431 4109 2494 4169 in
2535 4109 2635 4171 his
2679 4127 2820 4190 quae
2865 4109 2940 4171 ad
2985 4116 3179 4172 totam
3231 4109 3495 4172 Trinita-

1911 4204 1962 4268 D
1994 4216 2121 4270 tem
2155 4206 2498 4289 pertinent,
2533 4225 2657 4270 non
2699 4208 3017 4290 expressis
3061 4208 3346 4289 personis
3384 4209 3491 4271 Pa—

1993 4305 2107 4367 tris
2157 4323 2230 4367 ac
2281 4304 2446 4378 Filii,
2493 4312 2562 4366 ut
2611 4312 2708 4367 est
2754 4304 2934 4379 illud,
2985 4304 3132 4377 Quae
3180 4315 3330 4373 sunt
3376 4306 3487 4369 Dei
3519 4322 3700 4428 ¹¹teor.
3736 4336 3779 4373 n,

1992 4422 2182 4468 nemo
2212 4404 2391 4466 novit
2421 4403 2544 4465 nisi
2578 4402 2851 4483 Spiritus
2877 4404 2985 4465 Dei
3011 4422 3243 4486 :quum
3273 4413 3484 4468 tamen

1992 4522 2198 4585 neque
2231 4503 2412 4565 Pater
2443 4520 2644 4584 neque
2671 4501 2868 4565 Filius
2901 4502 3146 4583 ignoret
3177 4523 3316 4585 quae
3345 4513 3492 4567 sunt

1993 4603 2124 4665 Dei.
2159 4602 2308 4662 Vult
2341 4600 2553 4681 itaque
2592 4601 2919 4683 Scriptura
2960 4620 3072 4682 per
3110 4601 3230 4665 hoc
3269 4602 3490 4666 innue-

1992 4721 2081 4772 re,
2132 4700 2303 4783 quod
2364 4699 2676 4781 quidquid
2725 4700 2804 4761 ad
2853 4698 3252 4761 divinitatem
3302 4702 3492 4781 perti-

1993 4818 2174 4871 nem,
2220 4798 2298 4860 de
2349 4816 2474 4858 una
2525 4814 2938 4878 personarum
2988 4796 3182 4858 trium
3231 4797 3487 4873 dicitur,

1992 4896 2070 4957 de
2116 4894 2404 4976 qualibet
2445 4912 2660 4955 earum
2711 4892 3140 4973 pariformitcr
3177 4894 3490 4977 accipien-

379 5012 477 5065 est
522 5003 587 5064 in
634 4999 875 5082 Spiritu
920 4998 1169 5069 Sanct0‚
1216 4996 1327 5058 sed
1376 4995 1661 5075 originis.
1712 4996 1882 5057 L'nde

380 5102 575 5164 etiam
608 5096 1001 5179 Augustinus
1036 5094 1099 5157 in
1132 5094 1297 5157 libro
1327 5093 1405 5155 de
1437 5092 1763 5164 Trinitate‚
1796 5093 1886 5154 ait
1997 5090 2174 5155 novit
2203 5091 2446 5152 Patrem
2481 5088 2604 5151 nisi
2637 5088 2833 5149 Filius
2867 5104 3105 5170 :quum
3136 5097 3349 5153 tamen
3381 5093 3486 5154 Pa·
3513 5086 3582 5125 ²⁷·

380 5198 697 5282 Spiritum
756 5194 1054 5259 Sanctum
1112 5212 1147 5255 a
1206 5192 1385 5255 Patre
1446 5191 1887 5273 principaliter
1996 5199 2092 5252 ter
2147 5208 2216 5251 se
2275 5188 2488 5270 ipsum
2556 5193 2872 5267 agnoscat.
2935 5186 3274 5267 Apostolus
3339 5208 3490 5252 vero

383 5296 753 5381 procedere.
815 5294 971 5357 Nam
1041 5290 1209 5373 quod
1264 5309 1301 5352 a
1358 5290 1518 5354 Filio
1576 5290 1883 5373 procedit,
1998 5288 2380 5371 quandoque
2411 5292 2828 5349 connumerat
2857 5284 3166 5367 Spiritum
3192 5287 3493 5351 Sanctum

1993 4995 2145 5055 dum
2194 4992 2294 5053 sit.
2350 4992 2452 5053 Sic
2510 5009 2764 5072 quoquc
2823 4990 3064 5052 dictum
3123 5000 3240 5063 cst,
3289 4994 3488 5056 Nemo
3534 5016 3778 5068 mnan,
