4300 6259
903 501 984 548 1>ss
1023 499 1252 548 mum
1291 497 1676 548 mtsTuNAE
1717 497 2020 558 monta,
2065 499 2243 548 1.an
2284 499 2325 546 1.
2370 519 2451 532 —
2490 502 2629 548 ΛΒΤ.
2674 502 2805 549 1111

3292 484 3416 550 255

325 668 706 752 plenitudine
749 669 1004 734 infinite
1048 669 1308 734 deficiat
1341 687 1355 732 :
1397 687 1514 752 per
1555 667 1798 732 nullam
1828 665 1882 731 A
1911 668 2193 732 increato
2230 669 2561 732 intellectu
2608 669 2811 752 possit
2858 667 3147 753 conspici
3186 687 3415 732 secun-

321 769 499 848 igitur
553 776 828 831 creatam
877 768 1159 851 speciem
1217 769 1384 831 Deus
1443 767 1798 830 secundum

319 866 644 928 essentiam
690 865 970 929 visibilis
1017 875 1134 928 est.
1185 865 1502 949 Amplius,
1551 865 1800 948 species

319 964 726 1045 intelligibilis
782 966 1111 1048 adaequata
1155 972 1219 1027 ct
1265 965 1524 1048 propria
1571 982 1800 1046 reprae-

321 1062 609 1125 sentando
657 1063 1146 1145 comprehendit
1189 1069 1256 1125 et
1300 1062 1449 1124 finit
1505 1068 1798 1125 naturam

321 1160 634 1234 intellecti,
664 1161 850 1224 aliter
887 1161 1060 1223 enim
1099 1161 1344 1244 aliquid
1383 1168 1560 1224 extra
1598 1178 1800 1222 rema·

325 1265 506 1332 neret,
537 1265 602 1320 et
631 1258 726 1320 sic
769 1257 834 1320 in
876 1258 1092 1342 specie
1133 1259 1242 1322 illa
1291 1277 1391 1322 res
1443 1259 1632 1342 plene
1671 1275 1800 1321 non

323 1357 664 1435 videretur3
697 1357 991 1420 divinum
1023 1364 1236 1421 autem
1267 1376 1381 1420 ens
1410 1357 1677 1420 omnino
1707 1357 1800 1418 in-

323 1455 556 1518 finibile
585 1463 706 1530 est,
738 1473 938 1539 quum
969 1455 1114 1537 ejus
1143 1455 1558 1538 perfectionis
1597 1454 1799 1537 pleni·

323 1553 462 1614 tudo
487 1553 565 1614 ad
594 1553 850 1616 nullum
877 1554 1148 1634 gradum
1177 1571 1290 1616 seu
1321 1553 1602 1636 speciem
1634 1551 1800 1614 entis

324 1649 654 1712 limitetur:
679 1650 858 1713 nulla
887 1668 1040 1733 ergo
1067 1659 1278 1714 creata
1307 1649 1664 1713 similitudo
1692 1667 1800 1732 po-

324 1747 458 1807 terit
509 1765 649 1810 esse
705 1747 912 1810 forma
969 1747 1370 1828 intelligendi
1427 1747 1630 1810 Deum
1688 1764 1804 1828 per

325 1846 668 1908 essentiam.

397 1943 690 2024 Denique,
729 1943 1154 2024 intelligibilis
1185 1943 1392 2006 forma
1429 1943 1522 2006 sic
1562 1949 1660 2005 est
1697 1961 1808 2005 na-

327 2049 468 2104 turae
513 2041 856 2104 intellectas
903 2042 1158 2116 vicaria,
1199 2049 1270 2105 ut
1317 2043 1396 2105 sit
1445 2061 1562 2124 per
1609 2041 1802 2114 idem,

328 2139 512 2220 ipsam
531 2145 642 2201 aut
661 2139 1006 2203 essentiam
1039 2141 1248 2203 inesse
1277 2139 1632 2203 intellectui
1663 2157 1678 2202 ε
1701 2158 1804 2202 na-

327 2245 468 2300 turae
510 2244 726 2300 autem
786 2246 1012 2302 creata)
1069 2241 1318 2320 species
1367 2257 1494 2302 non
1542 2245 1802 2300 eatenus

327 2343 515 2416 potest
541 2337 746 2400 divini
777 2355 918 2399 esse
948 2337 1440 2401 similitudinem
1469 2355 1713 2418 gerere,
1734 2342 1804 2398 ut

327 2435 400 2495 sit
433 2453 540 2516 per
569 2435 765 2508 idem,
799 2453 940 2498 eam
981 2444 1092 2498 aut
1127 2436 1412 2499 divinam
1459 2435 1804 2498 essentiam

329 2533 478 2594 uniri
533 2532 912 2595 intellectui.
963 2533 1225 2606 lterum,
1287 2551 1544 2616 semper
1599 2532 1806 2596 forma

329 2630 736 2711 intelligibilis
771 2639 870 2694 est
909 2632 1386 2714 proportionata
1423 2632 1556 2710 rei;
1587 2631 1808 2695 divino

328 2737 518 2790 autem
555 2747 720 2802 esse,
753 2747 956 2811 quum
995 2729 1080 2790 sit
1117 2728 1472 2802 infinitum,
1505 2729 1666 2792 nihil
1711 2747 1806 2792 se-

329 2827 666 2889 cundorum
705 2826 1174 2908 proportionari
1215 2835 1444 2908 potest,
1477 2844 1688 2910 neque
1725 2827 1808 2890 si-

329 2924 464 2986 mile
499 2943 660 2998 esse,
705 2943 826 2986 nec
867 2942 1102 3005 genere
1141 2943 1351 3008 neque
1395 2925 1610 3008 specie
1646 2942 1662 2987 z
1695 2943 1810 3007 per

1909 767 2064 828 dum
2092 767 2483 849 agnitionem
2524 771 2691 847 quid
2726 777 2819 829 est
2862 777 2925 830 et
2968 768 3279 832 essentiae.
3316 767 3411 831 ob

1909 864 2030 926 hoc
2059 864 2359 946 equidem
2388 865 2583 947 Moysi
2614 865 2861 928 dictum
2890 873 2989 928 est
3020 881 3035 927 ε
3066 865 3205 929 Non
3234 863 3409 928 vide·

1911 959 2005 1023 bit
2048 979 2150 1024 me
2192 961 2385 1026 homo
2426 970 2491 1025 et
2529 962 2725 1026 vivet.

2280 1233 2771 1300 ARTICULUS
2818 1233 3039 1298 XXII.

1913 1381 2098 1448 Quod
2123 1383 2300 1442 Deus
2336 1401 2463 1442 non
2504 1383 2590 1442 sit
2630 1385 2702 1443 in
2733 1401 2994 1460 yenere,
3024 1402 3140 1442 nec
3178 1383 3415 1458 species

1993 1488 2199 1550 neque
2240 1471 2313 1530 in
2356 1473 2586 1546 specie,
2626 1491 2741 1531 nec
2782 1473 3168 1550 definibilis,
3207 1491 3415 1550 neque

1991 1560 2545 1630 demonstrabilis,
2588 1580 2703 1621 nec
2757 1563 2981 1640 aliquo
3028 1561 3289 1620 nomine
3340 1563 3415 1620 in

1991 1650 2292 1708 secundis
2338 1651 2609 1708 univoce
2646 1651 3089 1710 nominabili&

1840 1842 1888 1907 B
1920 1839 2599 2040 QUEMADMODUM
2668 1845 2947 1928 septimo
3001 1845 3411 1928 Physicorum

2087 1941 2456 2005 manifestat
2518 1943 2913 2018 Aristoteles,
2972 1962 3177 2025 genus
3236 1952 3414 2006 natu-

1915 2057 2050 2100 ram
2121 2039 2567 2122 imperfectam
2636 2042 2959 2104 essentiali
3019 2042 3411 2124 perfectione

1917 2135 2387 2218 perfectibilem
2430 2139 2607 2201 dicit.
2654 2140 2725 2202 In
2768 2157 3177 2222 quocumque
3223 2139 3417 2220 igitur

1916 2236 2078 2298 ratio
2119 2235 2373 2316 generis
2418 2255 2567 2300 vere
2612 2236 2963 2301 fundabilis
3006 2246 3122 2312 est,
3156 2256 3417 2301 necesse

1919 2351 2181 2416 prorsus
2238 2341 2335 2398 est
2392 2354 2469 2398 ex
2536 2343 2763 2399 natura
2818 2337 2909 2398 rei
2968 2337 3213 2418 aliquid
3279 2355 3419 2399 esse

1918 2450 1986 2494 se
2041 2451 2157 2515 per
2212 2433 2471 2496 modum
2530 2433 2895 2516 potentialis
2952 2434 3257 2516 principii
3316 2435 3420 2496 ha-

1917 2529 2096 2592 bens.
2145 2531 2405 2604 Iterum,
2450 2539 2701 2614 oportet
2741 2531 2867 2594 tale
2906 2551 3019 2594 ens
3062 2533 3417 2595 secundum

1917 2647 1986 2690 se
2014 2629 2503 2692 determinabile
2532 2637 2598 2692 et
2626 2629 3049 2694 contrahibile
3080 2630 3217 2694 fore
3250 2649 3265 2694 :
3300 2649 3418 2694 nec

1915 2727 2092 2790 enim
2132 2727 2319 2790 aliter
2362 2729 2522 2791 ratio
2566 2727 2835 2792 fundare
2876 2747 3027 2792 vere
3072 2737 3285 2811 posset
3329 2729 3420 2792 in-

1915 2825 2271 2890 tentionem
2338 2825 2591 2907 generis
2658 2826 2723 2888 in
2792 2834 3018 2890 natura
3086 2827 3219 2889 tali.
3291 2827 3420 2890 Deo

1917 2930 2157 2998 autem,
2189 2923 2301 3006 qui
2330 2931 2429 2986 est
2456 2925 2723 2988 omnino
2754 2945 2952 3008 purus
2972 2933 3151 2988 actus
3180 2935 3245 2988 et
3273 2927 3421 2988 sim-

329 3021 472 3082 nihil
500 3039 650 3102 ergo
679 3027 966 3083 creatum
995 3020 1272 3084 visibilis
1302 3029 1400 3083 est
1427 3021 1662 3086 divinae
1701 3039 1808 3084 na·
1843 3022 1887 3086 C
1921 3023 2176 3104 pliciter
2224 3021 2571 3104 perfectus,
2624 3023 2757 3088 haec
2816 3042 2945 3087 non
3002 3024 3413 3087 conveniunt.

329 3128 466 3183 turae
507 3120 849 3202 quidditas.
883 3120 1174 3201 Insuper,
1217 3136 1564 3202 corporeus
1606 3121 1805 3194 visus,

327 3218 854 3300 incorporeorum,
905 3218 989 3280 ob
1048 3218 1318 3280 nimiam
1375 3235 1600 3281 eorum
1659 3219 1810 3282 sim·

328 3317 685 3397 plicitatem,
754 3315 1000 3380 visivus
1060 3333 1190 3379 non
1251 3323 1350 3378 est
1412 3335 1426 3378 :
1495 3317 1809 3400 quidquid

329 3434 582 3498 namque
623 3414 954 3498 corporale
991 3422 1110 3487 est,
1147 3414 1596 3496 incorporeum
1637 3416 1810 3478 vide-

331 3532 390 3574 re
415 3531 534 3576 non
573 3521 800 3597 potest.
827 3513 1282 3576 Vehementius
1327 3520 1542 3576 autem
1587 3531 1808 3595 super·

327 3613 564 3674 excellit
581 3612 786 3675 divini
815 3630 958 3674 esse
979 3611 1362 3693 simplicitas
1379 3611 1592 3674 omnis
1613 3612 1808 3675 creati

330 3709 672 3772 intellectus
724 3709 1230 3791 simplicitatem,
1281 3727 1476 3791 quam
1533 3709 1808 3790 alicujus

331 3815 536 3871 ereatae
577 3807 952 3871 substantiae
989 3806 1366 3889 simplicitas
1399 3807 1690 3888 corporei
1723 3807 1812 3870 vi-

329 3924 426 3966 sus
452 3907 792 3987 puritatem
837 3922 852 3966 2
887 3904 1275 3968 invisibilior
1316 3913 1414 3968 est
1456 3922 1608 3986 ergo
1645 3905 1812 3968 Divi-

333 4005 478 4065 nitas
515 4004 690 4067 omni
732 4010 958 4067 creatae
1001 4003 1200 4066 menti
1247 4004 1455 4086 quoad
1487 4005 1652 4084 quid
1693 4013 1810 4074 est,

333 4119 506 4182 quam
525 4103 742 4185 aliqua
763 4109 988 4164 natura
1007 4101 1262 4164 condita
1281 4101 1448 4164 visui
1471 4101 1806 4184 corporali.

1917 3119 2056 3184 Non
2098 3127 2198 3183 est
2238 3138 2389 3201 ergo
2431 3121 2598 3184 Deus
2638 3139 2865 3202 genus.

1998 3218 2209 3292 Porro,
2246 3218 2495 3300 species
2536 3219 2748 3282 omnis
2790 3227 3081 3283 naturam
3126 3220 3421 3284 determi-

1919 3323 2080 3379 natae
2145 3322 2213 3378 et
2280 3315 2566 3380 limitatae
2625 3316 3037 3398 perfectionis
3093 3317 3417 3400 exprimit,

1919 3414 2223 3496 quoniam
2274 3413 2645 3478 differentia
2700 3422 2997 3478 naturam
3050 3416 3304 3497 generis
3354 3417 3419 3478 in

1919 3511 2134 3593 specie
2164 3512 2243 3575 ad
2274 3519 2521 3574 certum
2568 3519 2759 3596 atque
2798 3513 3173 3576 distinctum
3214 3514 3421 3596 perfe-

1919 3609 2150 3672 ctionis
2181 3610 2449 3691 gradum
2481 3617 2759 3674 coarctat
2791 3610 3214 3675 :differentiae
3244 3613 3421 3675 enim

1918 3708 2211 3771 ordinem
2242 3707 2311 3768 in
2342 3706 2684 3790 speciebus
2724 3717 2990 3770 causant
3028 3709 3095 3771 in
3132 3727 3209 3773 eo
3250 3709 3419 3792 quod

1919 3824 2120 3888 genus
2149 3806 2507 3868 secundum
2536 3806 2823 3869 diversos
2852 3805 3265 3888 perfectionis
3296 3825 3423 3872 mo-

1919 3905 2032 3967 dos
2083 3905 2149 3966 in
2198 3902 2539 3987 speciebus
2586 3903 2939 3984 designant.
2994 3905 3065 3966 Ei
3116 3923 3267 3986 ergo
3315 3906 3419 3968 cui

1921 4002 2221 4066 convenit
2268 4001 2648 4064 universalis
2689 4002 2942 4064 essendi
2986 4001 3319 4084 plenitudo
3358 4011 3423 4067 et

1923 4100 2180 4164 infinita
2226 4099 2557 4182 perfecti0‚
2608 4099 2847 4162 directe
2896 4108 3209 4182 repugnat
3262 4101 3423 4166 ratio

401 4199 862 4263 Manifestatum
922 4206 1019 4262 est
1084 4217 1257 4280 ergo,
1318 4200 1488 4280 quod
1547 4219 1662 4281 per
1719 4201 1809 4262 nil
1841 4205 1890 4266 D
1922 4198 2182 4282 speciei.
2214 4199 2293 4260 At
2324 4213 2475 4260 vero
2503 4196 2665 4259 hanc
2698 4196 2903 4278 ipsam
2934 4197 3420 4264 substantialem

331 4298 486 4360 aliud
515 4317 710 4382 quam
741 4317 858 4380 per
895 4297 1104 4380 ipsam
1141 4297 1424 4360 divinam
1465 4299 1808 4362 essentiam

333 4397 482 4458 Deus
525 4397 880 4460 secundum
939 4396 1358 4478 quidditatem
1417 4415 1598 4458 suam
1660 4415 1812 4460 con-

335 4496 478 4558 tueri
509 4502 718 4578 potest
753 4502 818 4558 et
855 4496 1133 4576 agnosci.
1169 4495 1298 4557 Hoc
1335 4503 1550 4558 autem
1590 4503 1708 4569 est,
1743 4504 1813 4559 ut

333 4593 530 4657 divina
585 4593 864 4657 essentia
913 4593 996 4654 sit
1044 4593 1214 4675 quod
1273 4600 1339 4655 et
1393 4610 1524 4675 quo
1581 4593 1814 4656 intelli-

331 4691 522 4769 gendi.
571 4691 642 4754 Id
685 4691 928 4774 quippe
975 4691 1208 4754 nullibi
1252 4691 1626 4754 naturaliter
1667 4710 1812 4754 con·

333 4788 523 4868 tingit,
555 4789 680 4852 nisi
713 4789 778 4850 in
809 4789 1028 4851 divino
1061 4788 1407 4850 intellectu.
1443 4788 1808 4852 Naturalem

333 4887 488 4948 enim
529 4887 834 4950 virtutem
879 4886 1088 4950 omnis
1137 4893 1362 4950 creatae
1411 4888 1642 4950 mentis
1691 4887 1810 4952 hoc

334 4983 568 5048 infinite
599 4994 880 5068 superat,
915 4993 986 5047 ut
1021 4984 1278 5048 infinito
1321 4985 1550 5048 lumini
1591 4985 1812 5049 imme-

333 5080 486 5144 diate
515 5083 958 5164 conjungatur.
993 5083 1116 5146 Sed
1146 5083 1280 5146 haec
1322 5083 1638 5166 posterius
1679 5084 1810 5166 ple·

335 5181 466 5243 nius
493 5182 878 5244 elucescent.
899 5181 1081 5245 Nunc
1111 5199 1262 5244 vero
1291 5181 1578 5244 sufficiat
1604 5190 1810 5246 osten-

337 5300 468 5344 sum
495 5281 655 5357 fore,
691 5281 866 5366 quod
899 5281 1194 5346 divinum
1231 5299 1372 5344 esse
1399 5299 1528 5344 non
1549 5272 1692 5344 'nisi
1728 5281 1810 5346 ab

1924 4295 2385 4381 perfectionem
2416 4313 2609 4377 quam
2640 4293 3006 4358 differentia
3032 4295 3282 4359 confert
3316 4316 3421 4379 ge·

1923 4396 2062 4459 neri
2093 4395 2157 4457 in
2190 4394 2427 4476 specie,
2458 4393 2759 4456 terminat
2787 4401 2851 4455 et
2882 4393 3031 4456 finit
3061 4394 3127 4457 in
3166 4396 3419 4458 essendi

1924 4493 2315 4577 perfectione
2350 4511 2365 4555 :
2399 4491 2701 4574 quoniam
2731 4491 3100 4556 differentia
3129 4512 3277 4557 cum
3316 4513 3421 4575 ge·

1921 4611 2074 4654 nere
2117 4591 2563 4654 definitionem
2606 4591 2695 4653 rei
2736 4590 3083 4652 constituit.
3118 4591 3423 4656 Definitio

1919 4697 2159 4762 autem,
2174 4688 2526 4750 secundum
2546 4687 2973 4760 Aristotelem,
2988 4689 3299 4752 terminus
3331 4691 3423 4753 di-

1922 4787 2110 4859 citur,
2143 4803 2222 4848 eo
2250 4785 2421 4868 quod
2450 4793 2647 4847 totam
2678 4786 2915 4867 speciei
2960 4786 3421 4868 perfectionem

1921 4883 2423 4966 comprehendat
2468 4891 2531 4946 et
2578 4883 2767 4945 finiat
2812 4884 2877 4946 in
2920 4884 3284 4968 semetipsa,
3330 4886 3424 4950 fa-

1923 4985 2098 5046 ciens
2141 4983 2425 5065 perfecte
2466 4982 2631 5044 scire
2674 4985 2849 5060 quod
2884 4985 3049 5062 quid
3084 4994 3196 5046 est.
3237 4985 3419 5052 Nunc

1920 5091 2134 5144 autem
2184 5098 2353 5162 saepe
2400 5079 2921 5162 praedeclaratum
2968 5089 3087 5154 est,
3132 5083 3417 5165 primum

1922 5199 2036 5243 ens
2082 5179 2348 5242 omnino
2393 5177 3069 5261 incircumscriptibile
3114 5187 3179 5242 et
3224 5182 3419 5244 inter-

1923 5277 2251 5342 minabilis
2296 5275 2709 5360 perfeetionis
2752 5276 2906 5343 fore.
2947 5278 3086 5344 Non
3129 5288 3227 5343 est
3266 5298 3419 5364 ergo

3471 874 3623 918 Bar-od.
