4300 6259
863 499 944 546 ΒΕ
985 497 1214 548 mem
1257 497 1638 546 cnmsrlANAE
1679 495 1982 554 mmmm,
2025 497 2203 545 LIBER
2246 499 2284 545 1.
2332 517 2413 530 -
2452 500 2591 548 ΛΒΤ.
2638 502 2840 548 Lxxxv

3284 478 3403 544 337

311 683 432 730 non
462 674 556 730 cst
591 668 766 732 aliud
811 668 1048 742 dicere,
1081 686 1276 750 quam
1321 667 1490 749 quod
1535 667 1672 749 ipse
1716 665 1798 728 sit
1828 664 1878 728 Α
1912 666 2197 749 primum
2258 669 2491 732 coelum
2551 670 2795 733 ratione
2852 669 3082 732 animae
3140 687 3269 730 suae
3324 666 3409 728 sit

309 783 416 827 ens
473 765 574 828 cui
625 767 834 830 omnis
885 766 1051 828 inest
1109 765 1432 840 nobilitaS,
1483 772 1546 827 et
1601 763 1798 826 totius

309 881 442 926 esse
493 864 840 945 plenitudo.
889 864 1139 946 Quippe
1190 864 1388 926 Deum
1439 881 1564 926 non
1615 862 1800 925 docet

308 979 441 1023 esse
477 961 870 1025 efficientem
913 980 1170 1024 causam
1221 961 1476 1024 lationis
1523 959 1798 1040 alicujus

307 1058 494 1130 orbis,
535 1059 646 1120 sed
697 1058 959 1121 finalem
1018 1059 1306 1121 omnium
1363 1066 1676 1120 motorum
1736 1064 1800 1120 et

311 1163 590 1218 motuum
639 1163 704 1218 et
753 1155 1089 1218 mobilium
1140 1174 1396 1218 causam
1445 1155 1625 1236 ponit
1673 1154 1799 1235 pri-

310 1273 480 1316 mum
511 1254 1054 1336 intellectum‚qui
1086 1253 1302 1316 omnia
1335 1260 1802 1334 movet,quem-

309 1353 646 1414 admodum
678 1353 1103 1416 desideratum
1153 1359 1215 1414 et
1258 1358 1541 1413 amatum
1588 1357 1800 1412 movet

312 1451 690 1513 desiderium
737 1471 849 1514 seu
892 1457 1260 1513 amantem:
1305 1449 1398 1511 sic
1443 1449 1613 1530 quod
1659 1465 1800 1530 pro-

313 1559 447 1630 pter
489 1550 770 1631 primum
811 1568 948 1622 enS,
981 1567 1204 1612 omnes
1249 1548 1376 1611 illae
1419 1565 1800 1629 supermun-

311 1647 480 1710 danae
519 1655 788 1722 menteS,
829 1647 1120 1710 coelestcs
1166 1645 1352 1709 orbes
1401 1653 1464 1708 et
1512 1646 1796 1726 ipsorum

317 1752 534 1819 motuS,
598 1754 894 1808 moveant
957 1753 1022 1807 ct
1085 1751 1273 1826 agant
1329 1762 1440 1806 seu
1508 1751 1794 1824 agantur.

1907 765 2198 827 omnium
2244 765 2592 830 formarum
2641 768 2835 848 hujus
2886 765 3109 830 mundi
3159 783 3347 828 causa
3389 779 3405 826 ε

1911 863 2078 943 quod
2112 863 2191 926 de
2232 863 2359 926 illis
2406 865 2628 929 formis
2666 883 2893 928 verum
2939 871 3035 926 est
3078 883 3219 946 quae
3262 862 3411 924 edu-

1911 970 2163 1023 cuntur.
2198 963 2563 1026 Intellectus
2594 963 2767 1026 enim
2801 972 2897 1025 est
2938 963 3017 1024 ab
3062 969 3260 1034 extra,
3294 960 3412 1023 sic-

1911 1065 1984 1119 ut
2013 1059 2076 1120 in
2110 1058 2277 1122 libro
2303 1060 2381 1123 de
2412 1061 2813 1124 Animalibus
2842 1061 3087 1123 asserit.
3108 1060 3185 1122 Et
3212 1058 3407 1130 addit,

1911 1157 2081 1237 quod
2113 1157 2252 1238 ipse
2283 1159 2381 1220 sui
2414 1159 2697 1241 corporis
2742 1166 2806 1220 et
2842 1174 3183 1241 corporum
3216 1155 3409 1236 hujus

1912 1255 2135 1316 mundi
2168 1255 2251 1318 sit
2280 1275 2470 1319 causa
2498 1274 2511 1318 :
2544 1264 2794 1340 oportet
2822 1257 3061 1320 etenim
3094 1254 3408 1317 mundum

1911 1351 2082 1414 hunc
2129 1353 2503 1434 contiguum
2550 1373 2689 1418 esse
2735 1353 3083 1416 lationibus
3126 1352 3410 1434 superio·

1909 1469 2076 1522 rum,
2111 1459 2183 1513 ut
2219 1459 2349 1516 tota
2378 1453 2519 1533 ejus
2561 1454 2763 1516 virtus
2805 1452 2951 1516 inde
2992 1451 3405 1533 gubernetur.

1909 1549 2278 1613 Intellectus
2308 1551 2607 1633 equidem
2642 1570 2765 1614 non
2798 1559 2895 1614 est
2919 1551 3121 1612 virtus
3151 1549 3411 1611 munda-

1911 1667 2012 1719 na,
2059 1649 2170 1710 sed
2214 1649 2431 1712 divina
2468 1651 2569 1731 (ut
2604 1650 2857 1712 decimo
2905 1649 3275 1710 Ethicorum
3324 1647 3414 1708 ait

1910 1746 2363 1829 Philosophus)
2404 1766 2417 1810 :
2464 1749 2733 1831 ideoque
2776 1766 2903 1810 non
2949 1747 3189 1828 regitur
3234 1746 3413 1810 moti·

315 1843 478 1905 Unde
544 1862 768 1906 rursus
833 1843 1048 1917 infert,
1109 1843 1278 1925 quod
1336 1842 1416 1904 ab
1475 1841 1594 1904 hoc
1652 1850 1798 1904 ente
1836 1837 1882 1899 B
1913 1843 2033 1906 bus
2065 1845 2395 1908 coelorum.
2437 1846 2517 1908 At
2546 1863 2698 1908 vero
2738 1846 2849 1908 has
2888 1845 3273 1908 substantias
3316 1844 3409 1906 in-

311 1941 666 2022 dependent
723 1941 981 2014 coelum,
1032 1950 1222 2014 terra,
1279 1947 1342 2002 et
1387 1947 1516 2002 tota
1575 1946 1800 2002 natura

312 2039 586 2103 universi
633 2057 648 2100 z
697 2040 828 2102 fine
872 2040 1046 2103 enim
1089 2047 1322 2112 amoto,
1368 2039 1585 2101 omnia
1626 2037 1800 2100 aufe-

315 2147 548 2200 runtur.
587 2139 951 2211 Enimvero,
984 2156 1186 2220 quum
1229 2137 1446 2200 omnia
1487 2136 1804 2198 desideria

314 2237 678 2300 naturaliter
719 2237 982 2299 tendant
1033 2237 1098 2298 in
1149 2237 1362 2318 ipsum
1407 2235 1573 2297 sicut
1617 2236 1681 2296 in
1727 2233 1804 2296 fi-

319 2353 454 2396 nem
483 2333 744 2408 finium,
777 2334 1034 2416 signum
1072 2341 1170 2396 est
1207 2333 1376 2416 quod
1415 2333 1586 2396 entia
1625 2339 1804 2396 natu-

319 2431 523 2494 raliter
565 2440 882 2516 appetunt
926 2432 1090 2494 bene
1134 2431 1409 2514 disponi.
1459 2431 1579 2494 Sed
1627 2437 1696 2492 ut
1738 2431 1805 2492 in

317 2530 472 2594 libro
499 2531 580 2594 de
611 2531 784 2595 Coelo
814 2539 878 2594 et
909 2531 1149 2594 mundo
1179 2529 1357 2604 dicit,
1393 2531 1556 2593 Deus
1596 2537 1660 2592 et
1698 2547 1805 2590 na-

315 2637 446 2690 tura
489 2629 582 2692 nil
631 2629 880 2692 faciunt
907 2629 1144 2692 frustra
1179 2647 1194 2690 :
1226 2628 1378 2691 hinc
1409 2645 1668 2691 necesse
1710 2634 1807 2689 est

315 2736 379 2789 ut
417 2746 516 2791 res
562 2745 690 2792 non
735 2727 1123 2790 frustrentur
1165 2727 1286 2790 hoc
1317 2726 1624 2808 appetitu.
1661 2725 1804 2788 Cer-

313 2826 516 2888 nimus
565 2833 804 2900 autem‚
848 2825 1018 2908 quod
1065 2824 1398 2909 pluralitas
1435 2823 1803 2908 principum

315 2924 472 2986 mala
499 2924 604 2986 sit.
639 2923 978 2988 Concludit
1004 2941 1156 3006 ergo
1181 2922 1549 2986 Aristoteles
1585 2940 1599 2984 :
1633 2923 1807 2985 Unus

317 3023 500 3102 igitur
542 3023 868 3106 princeps,
911 3022 1021 3105 qui
1071 3028 1169 3084 est
1216 3022 1383 3084 Deus
1432 3021 1806 3084 benedictus
1837 3017 1882 3082 C

315 3129 376 3182 et
417 3121 736 3184 sublimis.
786 3122 1025 3195 Denuo,
1069 3121 1362 3184 divinum
1410 3119 1806 3182 intellectum

315 3219 400 3281 ait
444 3237 708 3302 prorsus
752 3217 1344 3282 incommutabilem
1377 3235 1392 3280 ι
1427 3225 1492 3280 et
1530 3216 1672 3280 ideo
1717 3216 1807 3278 in-

319 3317 454 3390 fert,
485 3317 660 3400 quod
688 3317 820 3379 vita
847 3317 990 3398 ejus
1015 3317 1100 3378 sit
1127 3322 1383 3388 interna,
1409 3315 1474 3378 in
1505 3333 1806 3398 superex-

319 3415 639 3478 uberantis
681 3415 782 3477 sui
825 3415 1040 3496 gaudii
1081 3414 1364 3497 perfecta
1406 3413 1807 3496 plenitudine

316 3531 515 3595 neque
567 3513 1084 3576 vicissitudinem
1134 3531 1344 3594 neque
1401 3512 1808 3594 interruptio-

315 3631 454 3674 nem
498 3612 844 3674 sustinens.
887 3610 1078 3674 Addit
1119 3629 1397 3693 quoque,
1430 3611 1600 3693 quod
1645 3609 1808 3671 nihil

315 3718 481 3772 extra
509 3729 580 3773 se
612 3708 926 3791 intelligat
959 3727 972 3771 :
1008 3710 1178 3791 quod
1217 3709 1665 3791 accipiendum
1711 3714 1810 3769 est

316 3807 422 3880 sic,
469 3809 646 3891 quod
695 3807 836 3888 ejus
895 3806 1245 3870 intellectio
1305 3825 1430 3870 non
1491 3806 1807 3888 dependet

317 3924 512 3988 neque
541 3912 842 3970 causatur
868 3905 950 3968 ab
978 3905 1338 3968 extrinseco
1365 3903 1634 3985 objecto
1651 3905 1809 3967 Prae-

317 4013 500 4078 terea,
552 4012 627 4067 ut
673 4003 948 4087 septimo
995 4003 1368 4066 Ethicorum
1419 4010 1482 4066 et
1527 4003 1808 4065 secundo

1911 1942 2307 2006 tellectuales
2355 1945 2537 2027 ponit
2596 1943 2982 2018 immobileS,
3034 1961 3233 2025 quum
3283 1944 3413 2006 sint

1914 2041 2367 2105 immateriales
2398 2050 2462 2104 et
2490 2042 2943 2116 inalterabileS‚
2962 2043 3262 2124 quoniam
3290 2043 3413 2118 (se-

1913 2137 2193 2202 cundum
2226 2141 2567 2204 Avcrroem
2598 2149 2661 2203 et
2702 2147 3025 2204 auctorem
3068 2139 3215 2202 libri
3261 2139 3413 2203 Cau-

1913 2239 2159 2318 sarum)
2216 2239 2639 2320 intelligentia
2692 2239 3001 2302 uniformi
3061 2246 3126 2301 et
3180 2247 3415 2301 aeterna

1913 2336 2281 2420 receptione
2340 2339 2568 2421 recipit
2625 2337 2859 2402 divinae
2922 2337 3224 2400 bonitatis
3293 2337 3415 2398 im·

1918 2435 2313 2509 missionem,
2366 2443 2431 2498 et
2474 2435 2824 2518 superioris
2870 2434 3234 2498 intellectus
3280 2435 3419 2496 illu·

1913 2533 2308 2596 strationem.

1995 2632 2447 2712 Hujuscemodi
2479 2631 2672 2713 igitur
2702 2631 3172 2714 philosophiam
3203 2631 3281 2693 de
3310 2650 3417 2693 na-

1915 2737 2058 2792 tura
2105 2730 2469 2793 divinorum
2530 2729 2790 2792 tradidit
2843 2730 3236 2804 AristotelcS,
3287 2730 3417 2792 dux

1917 2829 2138 2910 utique
2178 2829 2762 2912 Peripateticorum,
2795 2835 2859 2890 et
2889 2829 3417 2912 philosophorum

1918 2945 2239 3009 princeps.

2234 3189 2725 3254 ARTICULUS
2771 3189 3109 3254 LXXXV.

1916 3341 2014 3400 De
2053 3339 2439 3398 diversitate
2492 3357 2637 3416 quoe
2679 3347 2771 3398 est
2820 3339 2998 3397 inter
3043 3338 3419 3399 Platonicos

1999 3437 2057 3486 et
2087 3428 2563 3502 Peripateticos
2601 3447 2683 3485 ecc
2717 3434 2911 3501 parte
2938 3445 3097 3494 una,
3128 3434 3189 3485 et
3234 3427 3420 3487 Peri·

1989 3517 2309 3592 pateticos
2356 3517 2536 3575 inter
2582 3535 2669 3585 se,
2719 3517 2800 3574 de
2846 3535 3118 3575 numero
3166 3517 3421 3574 anima-

2001 3625 2153 3664 rum
2200 3606 2518 3664 nobilium
2570 3612 2631 3664 et
2674 3606 3291 3681 intelliyentiarum.

2052 3807 2313 3881 TENIM,
2346 3807 2699 3870 secundum
2734 3807 3086 3869 doctrinam
3117 3805 3413 3880 PlatoniS,

2078 3906 2266 3971 orbes
2298 3904 2587 3969 coelestes
2615 3905 2880 3966 animati
2911 3911 3077 3966 sunt.
3111 3904 3215 3965 Ait
3240 3905 3416 3966 enim

1921 4008 1983 4070 in
2015 4007 2251 4070 Timaeo
2288 4011 2433 4087 post
2472 4002 2761 4084 quaedam
2802 4002 2933 4063 illic
2972 4001 3367 4083 praeinducta
3398 4019 3413 4066 t

318 4102 462 4164 Coeli
492 4104 702 4176 docet,
718 4119 839 4183 quo
867 4110 1086 4164 natura
1109 4110 1206 4164 est
1227 4101 1600 4183 simplicior,
1614 4119 1688 4164 co
1713 4110 1812 4164 est
1919 4105 2008 4168 Ex
2049 4123 2179 4186 quo
2216 4109 2480 4185 apparet
2519 4098 2892 4162 sensibilem
2934 4099 3246 4161 mundum
3288 4100 3420 4162 ani·

319 4201 726 4283 simplicioris
771 4201 1038 4264 actionis
1065 4219 1082 4280 ;
1122 4208 1186 4262 et
1216 4217 1346 4282 quo
1375 4201 1570 4263 fuerit
1600 4200 1808 4284 primo
1838 4203 1889 4267 D
1919 4203 2037 4266 mal
2069 4221 2209 4266 esse
2242 4199 2605 4280 intelligens
2635 4196 2869 4260 divinae
2898 4197 3251 4280 prudentiae
3280 4217 3421 4261 san-

320 4299 606 4374 vicinior‚
667 4318 745 4363 eo
803 4299 1396 4362 incommutabilior
1453 4306 1569 4361 est.
1633 4299 1808 4362 Unde
1919 4303 2150 4364 ctione.
2216 4299 2463 4362 Nedum
2523 4303 2737 4359 autem
2802 4295 2995 4360 coelos
3052 4297 3233 4379 ponit
3284 4296 3418 4360 ani·

319 4399 506 4472 elicit,
540 4398 713 4481 quod
744 4398 1028 4481 primum
1059 4397 1291 4478 gaudet
1319 4405 1382 4459 et
1420 4397 1582 4460 vivit
1621 4398 1811 4460 unica

319 4497 796 4579 simplicissima
835 4496 1104 4570 actione,
1140 4515 1282 4579 quae
1325 4503 1422 4558 cst
1463 4496 1562 4558 sui
1607 4495 1810 4578 ipsius

318 4602 542 4658 aeterna
591 4595 1048 4678 contemplatio
1098 4613 1112 4656 ε
1166 4601 1230 4657 et
1277 4612 1405 4678 quo
1459 4593 1814 4657 substantia

317 4693 522 4776 aliqua
570 4693 1024 4758 intellectualis
1082 4693 1278 4756 fuerit
1335 4693 1460 4775 ipsi
1517 4693 1810 4768 vicinior,

319 4800 484 4857 tanto
521 4792 935 4877 paucioribus
975 4791 1256 4856 motibus
1295 4791 1706 4872 conjungitur
1753 4791 1811 4853 ei

319 4897 377 4953 et
405 4892 752 4955 felicitatur
781 4893 848 4954 in
877 4908 971 4955 eo.
1011 4891 1184 4954 Unde
1217 4891 1427 4972 prima
1456 4889 1814 4971 intelligen-

317 4992 402 5052 tia
437 4991 630 5054 unico
667 4998 816 5053 actu
862 4989 1064 5052 fertur
1108 4989 1172 5051 in
1221 4988 1454 5069 ipsum,
1489 4994 1552 5049 et
1594 4987 1816 5049 imme-

322 5088 482 5150 diate
527 5088 802 5171 suscipit
849 5085 1164 5149 bonitates
1221 5085 1302 5148 ab
1361 5086 1541 5167 ipso;
1593 5093 1816 5149 ceterae

325 5203 490 5262 vern,
513 5187 871 5250 secundum
902 5185 1160 5248 ordines
1189 5201 1338 5246 suos
1372 5201 1387 5246 ε
1421 5202 1565 5247 nam
1601 5191 1664 5246 et
1695 5203 1820 5246 una

327 5285 601 5348 illustrat
633 5284 844 5346 aliam.
889 5282 1240 5346 Introducit
1282 5282 1605 5364 equidem,
1648 5283 1818 5365 quod
1931 5281 2275 5363 Scripturae
2306 5283 2539 5340 sanctae
2572 5280 2897 5346 consonat,
2928 5291 3071 5355 quae
3100 5275 3293 5338 coelos
3332 5295 3427 5342 so-
3456 5303 3523 5343 ιε.

571 5417 638 5470 Τ.
673 5418 752 5470 33.

1921 4407 2142 4472 matOS,
2186 4397 2294 4460 sed
2343 4404 2407 4458 et
2450 4395 2664 4458 stellas
2709 4402 2771 4456 et
2816 4393 3103 4477 planetas
3140 4394 3421 4476 appellat

1918 4498 2159 4571 divina,
2220 4492 2677 4557 intellectualia
2737 4500 2800 4554 et
2857 4491 3241 4554 immortalia
3287 4492 3420 4554 ani·

1925 4596 2130 4659 malia.
2181 4593 2423 4657 Asserit
2466 4609 2766 4672 namque,
2814 4589 3029 4652 stellas
3070 4606 3197 4652 non
3242 4598 3421 4653 motu

1923 4694 2210 4777 sphaerae,
2271 4691 2383 4754 sed
2442 4689 2704 4773 proprio
2764 4695 2941 4750 motu
3010 4688 3254 4750 moveri
3310 4706 3425 4771 per

1924 4793 2136 4872 ipsum
2170 4788 2413 4860 orbem,
2448 4787 2617 4849 sicut
2643 4785 2779 4847 avis
2813 4803 2925 4866 per
2952 4802 3183 4846 aerem.
3218 4785 3426 4847 Meant

1924 4889 2122 4963 enim,
2168 4886 2397 4969 inquit,
2442 4884 2641 4946 stellae
2690 4883 2755 4945 in
2802 4882 2981 4944 coelo.
3018 4882 3289 4963 Ideoque
3332 4900 3425 4944 se-

1927 4987 2211 5050 cundum
2270 5002 2445 5058 eum,
2506 4989 2599 5044 tot
2654 4987 2806 5042 sunt
2860 4979 3091 5042 animae
3150 4979 3420 5055 nobileS,

1926 5093 2081 5168 quot
2111 5083 2256 5147 coeli
2289 5088 2352 5144 et
2391 5081 2619 5143 sidera.
2653 5078 2825 5140 Hanc
2864 5093 3015 5139 vero
3052 5078 3423 5160 opinionem

1927 5183 2207 5248 convicit
2234 5179 2601 5242 Aristoteles
2630 5175 2855 5238 falsam
2886 5193 3043 5237 esse.
3078 5175 3202 5238 Nec
3230 5178 3422 5241 etiam

3116 5407 3178 5458 22

3465 5235 3549 5279 Job
3564 5245 3721 5287 xxxvii,
