4300 6259
905 519 984 566 1>ss
1026 519 1254 566 LmnNE
1297 520 1680 568 cmtsrlANAE
1722 521 2026 579 'rumam-2,
2071 523 2247 571 LIBER
2290 525 2329 570 l.
2377 541 2455 552 --
2495 524 2635 571 ΛΒΤ.
2682 525 2872 571 xxxtv

3318 509 3439 573 275

461 685 712 750 amm
769 705 960 770 porro
1015 689 1464 754 universorum
1531 690 1920 773 principi-A
1951 691 2409 774 intelligentiae,
2460 694 2715 776 plenius
2772 694 2979 778 prima
3028 694 3449 776 intelligentia

491 804 626 859 um,
649 805 846 867 agens
875 787 1308 851 intellectuale
1337 797 1454 863 est,
1487 796 1552 852 et
1582 789 1838 871 penitus

338 884 631 967 simplex.
680 883 1135 965 Hujuscemodi
1183 893 1398 949 autem
1440 905 1632 968 agens
1677 887 1838 949 nihil

340 989 556 1044 causat
601 981 727 1044 nisi
777 1000 876 1044 res
923 981 1130 1045 active
1178 983 1614 1065 intelligendo,
1661 994 1723 1046 et
1771 1003 1839 1047 se

338 1083 474 1164 ipso
523 1081 894 1142 immediate
941 1081 1260 1144 bonitates
1310 1081 1652 1163 largiendo.
1701 1083 1837 1146 Non

333 1179 504 1242 enim
535 1185 748 1262 potest
777 1179 1059 1260 primum
1099 1199 1294 1261 agens
1333 1198 1520 1262 agere
1561 1200 1676 1264 per
1709 1199 1838 1244 me-

333 1277 510 1340 dium
551 1296 590 1338 a
628 1296 700 1340 se
737 1277 1087 1352 diversum,
1120 1296 1320 1359 quum
1359 1286 1502 1360 agat
1541 1298 1658 1361 per
1699 1297 1840 1342 esse

332 1394 546 1450 suum,
590 1382 661 1436 ut
705 1375 772 1436 in
817 1374 982 1438 libro
1025 1375 1371 1438 Causarum
1416 1377 1672 1439 dicitur.
1714 1377 1840 1439 Pri-

335 1493 508 1536 mum
553 1491 709 1554 ergo
747 1490 942 1554 agens
987 1472 1356 1537 omnimode
1399 1473 1675 1557 simplex
1720 1482 1834 1538 est.

331 1572 424 1634 Ab
483 1580 712 1654 agente
773 1572 1050 1654 denique
1117 1572 1403 1654 simplici
1469 1581 1534 1636 et
1598 1573 1842 1636 unifor-

335 1672 524 1733 miter
561 1689 632 1733 se
671 1671 969 1745 habente,
1003 1689 1130 1733 non
1172 1671 1428 1734 videtur
1471 1672 1840 1734 immediate

333 1768 678 1852 procedere
709 1768 836 1831 nisi
868 1788 1070 1832 unum
1101 1770 1378 1852 simplex
1413 1787 1428 1832 z
1463 1771 1634 1833 idem
1667 1771 1841 1833 enim

1950 790 2276 872 praehabet
2303 811 2496 873 quam
2530 793 2809 856 secunda
2838 793 3165 875 suscipere
3200 793 3401 875 possit
3432 810 3449 856 ι

1949 889 2490 971 quemadmodum
2534 890 2641 953 lux
2682 890 2833 953 solis
2873 891 3093 953 lumen
3132 891 3318 953 astris
3349 909 3452 972 ge-

1951 995 2153 1060 nerat,
2208 1005 2285 1050 eo
2342 989 2511 1069 quod
2572 988 2785 1070 ipsum
2845 989 3234 1051 excellenter
3300 1008 3455 1070 prae·

1951 1085 2321 1148 contineat:
2365 1087 2721 1168 praesertim
2766 1105 2967 1168 quum
3016 1086 3455 1167 intelligentiae

1950 1182 2157 1244 activa
2214 1184 2549 1265 productio
2604 1183 2777 1247 aliud
2836 1202 2963 1246 non
3022 1184 3107 1246 sit
3167 1184 3291 1246 nisi
3360 1186 3453 1248 rei

1952 1288 2223 1343 eausatae
2280 1278 2653 1354 intellectiO,
2705 1288 2769 1342 et
2818 1279 3083 1343 luminis
3131 1281 3451 1357 emicatio‚

1951 1377 2307 1439 secundum
2365 1377 2776 1440 Avicennam.
2837 1377 3105 1459 Insuper
3156 1378 3457 1461 intelligit

1953 1492 2020 1536 se
2061 1474 2485 1556 intelligentia
2530 1476 2738 1558 prima
2778 1476 3135 1538 secundum
3175 1476 3239 1539 id
3284 1477 3455 1558 quod

1953 1579 2066 1634 est.
2119 1573 2198 1635 Et
2252 1572 2401 1654 quia
2462 1573 2968 1638 substantialiter
3024 1583 3279 1638 causata
3335 1583 3453 1650 est,

1952 1673 2315 1736 necessario
2344 1691 2483 1736 esse
2515 1691 2703 1736 suum
2743 1673 3225 1736 conversionem
3266 1673 3459 1737 habet

1955 1778 2018 1832 et
2069 1770 2513 1834 habitudinem
2563 1773 2642 1834 ad
2689 1772 2864 1835 aliud
2918 1790 2932 1834 ε
2984 1781 3049 1834 et
3096 1771 3189 1834 sic
3242 1779 3460 1835 causat

333 1867 689 1930 secundum
741 1868 910 1950 quod
967 1867 1160 1942 idem,
1215 1876 1433 1930 natum
1487 1876 1584 1932 est
1631 1868 1839 1932 facere
1871 1863 1917 1924 B
1953 1869 2234 1932 animam
2278 1871 2473 1952 primi
2513 1871 2680 1943 coeli,
2713 1889 2857 1951 quae
2900 1871 3254 1934 secundum
3288 1871 3457 1952 quod

334 1966 530 2040 idem,
563 1967 922 2029 secundum
964 1967 1390 2030 Aristotelem.
1429 1967 1506 2030 Et
1550 1967 1693 2030 ideo
1735 1986 1840 2030 na-

335 2073 476 2126 tura
513 2073 612 2126 est.
639 2064 720 2126 ad
761 2083 960 2126 unum
1001 2072 1285 2144 tantum3
1317 2083 1444 2128 non
1485 2073 1698 2128 autem
1737 2082 1842 2129 vo-

337 2163 572 2238 luntaS,
623 2163 778 2244 quia
821 2162 901 2225 ad
948 2171 1296 2245 utrumque
1347 2164 1666 2227 vertibilis
1723 2173 1838 2228 est.

336 2263 386 2324 A
453 2261 670 2343 primo
729 2261 942 2343 itaque
1007 2262 1272 2326 omnino
1329 2262 1842 2326 incommutabili

339 2359 712 2422 immediate
749 2377 877 2422 non
927 2360 1048 2423 nisi
1101 2380 1303 2423 unum
1345 2360 1574 2424 effluet
1607 2379 1620 2424 :
1656 2361 1842 2442 cujus

339 2459 716 2521 constitutio
762 2466 858 2521 est
905 2477 1018 2542 per
1067 2459 1210 2534 hoc,
1253 2461 1423 2542 quod
1475 2461 1654 2543 prius
1702 2459 1842 2522 uni-

339 2556 674 2619 versaliter
720 2576 912 2638 agens
961 2557 1326 2620 intellectus
1373 2577 1442 2620 se
1490 2559 1704 2641 ipsum
1753 2557 1846 2620 in·

337 2655 662 2737 telligens,
713 2675 848 2718 rem
909 2656 1359 2738 procedentem
1419 2675 1454 2720 a
1511 2675 1580 2720 se
1637 2657 1702 2718 in
1753 2677 1846 2720 se·

342 2755 621 2836 metipso
649 2754 854 2816 active
881 2753 1202 2836 intelligit,
1235 2763 1299 2816 et
1327 2755 1420 2816 sic
1451 2755 1842 2818 intellectam

339 2852 580 2914 emittit
621 2869 636 2913 ε
682 2871 824 2933 quae
867 2852 1130 2916 emissio
1173 2861 1270 2916 est
1310 2854 1402 2914 rei
1449 2853 1842 2927 constitutio,

339 2951 416 3012 ad
446 2969 644 3032 quam
680 2951 904 3031 utique
935 2949 1038 3012 sui
1078 2949 1440 3012 intellectus
1481 2950 1696 3014 lumen
1727 2956 1850 3012 ter-

341 3049 646 3110 minatur.

419 3148 530 3210 Sic
586 3165 739 3228 ergo
806 3146 1080 3230 primam
1129 3147 1617 3229 intelligentiam
1667 3147 1850 3230 ponit

338 3247 671 3310 Avicenna
698 3265 737 3308 a
765 3247 894 3310 Deo
935 3255 1208 3311 creatam
1245 3265 1260 3310 ε
1306 3266 1448 3329 quae
1494 3248 1668 3310 aliud
1719 3265 1848 3309 non

341 3353 438 3408 est
477 3346 608 3408 nisi
650 3345 868 3408 lumen
911 3365 950 3407 a
990 3345 1199 3428 prima
1242 3345 1384 3408 luce
1427 3345 1636 3428 prime
1677 3363 1850 3426 egre-

339 3445 551 3519 dienS,
585 3462 770 3506 mens
809 3442 1279 3516 intellectualia,
1321 3451 1384 3505 et
1420 3443 1626 3506 divini
1664 3443 1848 3504 intel-

343 3543 549 3605 lectus
595 3541 807 3623 imago
848 3541 1414 3624 propinquissima.
1457 3541 1586 3604 Nec
1629 3539 1851 3602 differt

341 3661 378 3703 a
419 3639 704 3723 puritate
749 3646 811 3702 et
854 3639 1256 3722 plenitudine
1304 3640 1403 3702 sui
1459 3638 1677 3713 fontia,
1723 3638 1848 3700 nisi

344 3740 493 3821 quia
530 3738 618 3800 ab
657 3737 874 3819 aliquo
911 3746 1027 3800 est.
1059 3737 1218 3810 Quia
1253 3745 1468 3800 autem
1511 3736 1592 3798 ab
1632 3736 1850 3818 aliquo

342 3845 460 3910 est,
491 3857 534 3899 a
576 3835 992 3918 simplicitate
1029 3835 1224 3918 primi
1261 3834 1588 3898 occumbit
1601 3853 1618 3914 ;
1649 3842 1715 3897 et
1741 3834 1852 3896 tri-

345 3936 582 4018 plicem
636 3934 1176 4016 comparationem
1236 3934 1448 4007 habet,
1499 3933 1848 3996 secundum

345 4054 540 4116 quam
574 4033 953 4096 triformiter
983 4051 1052 4094 se
1083 4031 1382 4113 intelligit
1407 4050 1420 4094 ε
1445 4039 1852 4114 comparatur

343 4133 520 4196 enim
580 4133 662 4195 ad
711 4132 992 4214 primum
1054 4149 1344 4206 eausanS,
1394 4131 1472 4193 ad
1523 4149 1592 4193 se
1643 4131 1848 4213 ipsam

1955 1967 2192 2041 anima,
2224 1986 2531 2031 conversa
2559 1975 2679 2030 stat
2708 1969 2785 2031 ad
2815 1969 3011 2032 aliud.
3046 1969 3208 2031 Dum
3241 1976 3455 2031 autem

1956 2065 2259 2146 intelligit
2298 2085 2366 2128 se
2404 2074 2473 2128 ut
2512 2085 2590 2128 ex
2630 2067 2834 2130 nihilo
2873 2067 3127 2142 factam,
3164 2067 3459 2149 producit

1955 2162 2401 2238 substantiam,
2445 2165 2509 2226 in
2552 2183 2679 2246 qua
2724 2165 3009 2247 potentia
3046 2166 3125 2228 ad
3164 2185 3304 2228 esse
3343 2183 3461 2248 per

1955 2269 2247 2324 naturam
2290 2263 2571 2326 materiae
2612 2263 2835 2345 primae
2872 2264 3193 2346 reperitur
3226 2281 3239 2326 :
3274 2272 3337 2326 et
3366 2263 3460 2326 sic

1954 2361 2043 2423 ait
2085 2359 2327 2424 factum
2372 2361 2653 2443 primum
2696 2361 2939 2425 orbem.

2037 2459 2484 2533 Conformiter,
2542 2459 2822 2522 secunda
2871 2459 3293 2540 intelligentia
3350 2461 3458 2523 tri-

1955 2557 2210 2640 pliciter
2258 2577 2325 2620 se
2380 2557 2699 2638 intelligit.
2752 2557 2828 2619 Et
2874 2559 3231 2621 secundum
3288 2559 3459 2640 quod

1957 2655 2258 2737 intelligit
2304 2675 2371 2718 se
2430 2663 2500 2718 ut
2548 2675 2585 2718 a
2643 2656 2876 2737 prim0,
2928 2655 3229 2737 intelligit
3276 2675 3343 2719 se
3393 2656 3459 2718 in

1958 2755 2202 2817 lumine
2254 2754 2445 2836 pleno
2492 2761 2556 2816 et
2598 2753 2987 2818 exuberante
3032 2771 3047 2816 t
3089 2761 3153 2817 et
3189 2755 3275 2816 ita
3316 2773 3461 2817 con-

1959 2853 2168 2914 stituit
2235 2851 2407 2914 tertii
2480 2851 2724 2914 ordinis
2801 2851 3309 2933 intelligentiam.
3386 2853 3463 2915 Ut

1957 2969 2110 3013 vero
2158 2969 2226 3012 se
2277 2949 2573 3030 intelligit
2615 2949 2969 3012 secundum
3016 2949 3077 3011 id
3129 2951 3299 3032 quod
3342 2956 3458 3024 est,

1879 3044 1923 3107 C
1960 3057 2178 3112 causat
2234 3047 2583 3111 secundam
2631 3048 2911 3110 animam
2960 3047 3269 3124 nobilem,
3320 3067 3463 3131 quae

1960 3147 2227 3210 secundi
2270 3146 2415 3210 coeli
2464 3147 2695 3210 motrix
2739 3155 2853 3208 est.
2900 3147 3063 3209 Dum
3108 3155 3321 3209 autem
3368 3147 3461 3209 in-

1961 3245 2193 3326 telligit
2228 3264 2295 3308 se
2336 3252 2407 3307 ut
2448 3264 2525 3308 ex
2572 3244 2798 3319 nihilo,
2841 3245 3195 3308 secundum
3238 3245 3459 3308 orbem

1960 3344 2274 3426 producit.
2326 3343 2403 3406 Et
2444 3343 2531 3406 ita
2572 3343 2879 3425 deinceps
2921 3344 3103 3426 ponit
3139 3343 3463 3407 Avicenna

1959 3462 2185 3507 omnes
2234 3443 2481 3506 animas
2530 3442 2865 3516 coelorum,
2915 3449 2979 3505 et
3025 3442 3213 3505 orbes
3264 3443 3459 3525 ipsoS,

1959 3560 2031 3603 ac
2054 3542 2246 3604 etiam
2280 3540 2731 3621 intelligentias
2762 3539 3025 3622 produci
3055 3540 3175 3603 hoc
3196 3541 3459 3604 ordine:

1960 3641 2052 3702 sic
2111 3646 2183 3701 ut
2239 3639 2320 3701 ab
2382 3637 2609 3701 infima
2666 3638 3108 3720 intelligentia,
3168 3658 3311 3721 quae
3368 3644 3465 3701 est

1963 3745 2105 3821 post
2145 3736 2633 3818 intelligentiam
2676 3736 3160 3798 determinatam
3202 3737 3279 3798 ad
3320 3735 3463 3798 ulti-

1963 3856 2142 3899 mum
2180 3836 2402 3899 orbem
2442 3842 2506 3897 et
2545 3835 2747 3916 ipsius
2784 3835 3114 3898 motricem
3156 3835 3459 3908 animam,

1961 3941 2261 3998 emanent
2316 3933 2538 3996 formae
2595 3932 2790 4013 hujus
2849 3933 3094 4006 mundi,
3147 3939 3211 3994 et
3267 3933 3460 3994 etiam

1960 4032 2191 4097 animae
2231 4033 2525 4094 humanae
2560 4048 2573 4092 :
2609 4031 2748 4112 ipsa
2785 4030 2959 4093 enim
2992 4037 3221 4112 praeest
3258 4031 3461 4113 sphae-

1961 4150 2046 4195 rae
2103 4131 2459 4194 activorum
2526 4136 2591 4191 et
2646 4129 3069 4210 passivorum,
3129 4135 3191 4191 et
3250 4127 3464 4192 fluunt

345 4232 709 4295 secundum
741 4231 806 4293 id
837 4230 1006 4312 quod
1035 4237 1152 4304 est,
1187 4238 1251 4292 et
1286 4231 1362 4292 ad
1395 4249 1462 4292 se
1495 4230 1847 4293 secundum
1881 4236 1932 4300 D
1961 4231 2042 4294 ab
2091 4249 2166 4293 ea
2213 4227 2552 4292 rationales
2598 4235 2868 4300 menteS‚
2922 4227 3087 4290 sicut
3138 4228 3220 4290 ab
3280 4227 3463 4291 intel·

346 4331 520 4414 quod
553 4349 633 4393 ex
673 4329 876 4392 nihilo
915 4330 981 4392 in
1011 4347 1150 4392 esse
1190 4329 1498 4412 producta
1537 4337 1652 4392 est.
1688 4328 1850 4391 Dum

345 4448 496 4511 ergo
549 4427 850 4510 intelligit
895 4447 964 4491 se
1010 4447 1048 4490 a
1094 4428 1304 4510 primo
1353 4428 1719 4491 immediate
1767 4427 1857 4491 ef-

349 4529 690 4602 fluentem,
741 4527 960 4590 lumen
1032 4527 1226 4609 primi
1297 4527 1362 4589 in
1421 4545 1496 4589 ea
1551 4526 1858 4590 exuberat

347 4637 410 4691 et
455 4627 720 4711 plenius
765 4645 960 4708 super
1001 4645 1144 4689 eam
1189 4625 1538 4700 descendit,
1585 4625 1856 4706 ideoque

347 4747 414 4790 se
459 4729 673 4810 ipsam
723 4723 1052 4787 diffundit.
1085 4723 1331 4788 Lumen
1374 4742 1652 4806 namque
1698 4723 1855 4786 illud

345 4826 428 4890 ob
458 4827 566 4888 sui
597 4823 1084 4887 redundantiam
1115 4823 1531 4886 infecundum
1563 4841 1702 4885 esse
1731 4840 1856 4885 non

347 4931 584 5007 potest,
617 4924 728 4986 sed
761 4923 960 4985 instar
997 4922 1098 4985 sui
1139 4921 1333 4985 fontis
1370 4939 1634 5002 germen
1675 4922 1858 4984 emit-

349 5025 446 5097 tit,
481 5029 553 5086 et
581 5022 672 5084 sic
705 5020 1194 5102 intelligentiam
1232 5020 1580 5083 secundam
1620 5027 1855 5084 causat.

349 5122 454 5186 Sic
503 5137 662 5202 ergo
701 5120 884 5202 ponit
921 5120 1244 5181 Avicenna
1288 5119 1634 5182 secundam
1679 5119 1860 5182 intel-

353 5220 690 5301 ligentiam
755 5237 793 5280 a
861 5218 1070 5300 prima
1125 5217 1491 5300 procedere,
1553 5217 1858 5299 quoniam

351 5327 556 5384 totam
599 5315 1204 5382 substantialitatem
1261 5323 1326 5379 et
1379 5335 1520 5380 esse
1563 5318 1860 5382 secundat

1963 4335 2226 4418 ligentia
2268 4333 2629 4397 sublimiori
2676 4332 3095 4416 intelligentia
3134 4334 3459 4397 declivior.

1965 4435 2201 4499 Ceterae
2247 4449 2397 4496 vero
2442 4431 2663 4495 formas
2706 4430 2787 4494 ab
2830 4450 2907 4494 ea
2949 4439 3119 4508 sunt,
3161 4433 3327 4496 sicut
3368 4439 3465 4496 est

1965 4533 2179 4595 anima
2235 4531 2410 4595 orbis
2467 4529 2547 4592 ab
2608 4530 3030 4612 intelligentia
3076 4549 3193 4594 suo
3240 4530 3465 4594 mobili

1967 4629 2353 4714 praesidenti.
2390 4629 2720 4692 Elementa
2762 4646 3017 4710 quoque
3061 4628 3141 4691 ab
3180 4648 3254 4692 ea
3290 4635 3461 4704 sunt,

1965 4731 2132 4792 sicut
2169 4737 2266 4792 est
2302 4728 2477 4792 orbis
2514 4728 2595 4790 ab
2638 4728 3074 4808 intelligentia.

2043 4827 2175 4890 Hoc
2220 4827 2416 4907 igitur
2457 4827 2646 4889 modo
2688 4825 3014 4887 Avicenna
3053 4832 3116 4888 et
3154 4825 3469 4907 Peripate-

1968 4926 2244 4989 ticorum
2285 4924 2573 5006 plurimi,
2610 4923 3053 4986 universorum
3095 4942 3467 5006 processum

1967 5043 2002 5086 a
2043 5023 2254 5107 primo
2296 5030 2595 5085 statuunt.

2048 5124 2292 5196 Denuo,
2350 5121 2664 5184 mundum
2723 5119 2921 5182 fuisse
2977 5139 3232 5204 semper
3289 5123 3471 5205 ponit

1969 5221 2318 5295 Avicenna,
2366 5219 2534 5282 sicut
2582 5225 2647 5281 et
2689 5218 3096 5300 Aristoteles3
3140 5226 3203 5282 et
3250 5222 3468 5285 omnia

1972 5321 2106 5384 haec
2154 5318 2347 5381 simul
2400 5336 2540 5381 esse
2595 5316 2763 5380 facta
2810 5318 3164 5381 secundum
3212 5327 3467 5406 tempus
