4300 6259
787 473 908 537 286

1401 489 1480 536 Du
1523 487 1750 534 tumme
1792 484 2175 532 cflmsnANAE
2216 483 2519 542 mmmm,
2564 483 2739 532 LIBER
2779 485 2820 531 1.
2866 503 2946 514 --
2988 486 3127 532 Am.
3173 487 3293 532 va

789 661 960 743 quod
989 661 1193 724 virtus
1223 661 1326 724 vel
1358 659 1671 742 sapientia
1700 657 1782 720 sit
1822 656 1974 719 finis
2015 655 2245 718 animae
2271 672 2289 734 3
2318 653 2367 716 Α
2401 655 2643 719 ratione
2686 663 2783 718 est
2820 656 3023 737 ipsius
3064 655 3357 730 felicitaS,
3398 675 3541 739 quae
3590 661 3687 717 est
3732 652 3914 716 circa

791 768 857 822 et
893 780 1135 834 rursus,
1167 759 1320 822 finis
1365 759 1506 840 ejus
1549 766 1646 820 est
1684 758 1811 818 Deo
1851 754 2191 817 assimilari
2228 760 2293 816 et

793 859 987 921 uniri.
1021 860 1258 921 Horum
1302 875 1535 938 nempe
1566 875 1729 917 unus
1768 861 1867 916 est
1905 852 2289 926 communis,

789 957 950 1019 alter
1005 973 1156 1019 vero
1215 954 1552 1038 specialis3
1603 960 1712 1014 aut
1761 959 1932 1014 certe
1983 969 2148 1012 unus
2198 957 2295 1012 est

793 1061 1053 1136 propter
1081 1054 1377 1116 alterum.
1411 1052 1579 1114 Deus
1610 1057 1823 1112 autem
1865 1057 1960 1111 est
1999 1049 2291 1111 omnium

792 1153 944 1215 finis
1003 1151 1424 1232 objectaliter,
1467 1151 1592 1212 alia
1635 1166 1785 1211 vero
1841 1147 2008 1210 sicut
2065 1147 2295 1209 forma-

793 1251 872 1314 lis
912 1249 1242 1333 perfectio.

1168 1510 1660 1576 ARTICULUS
1705 1509 1911 1572 XLV.

950 1657 1046 1716 De
1092 1657 1226 1730 fine
1273 1671 1387 1712 seu
1431 1651 1753 1726 felicitate
1798 1648 2146 1724 cujuslibet

1087 1740 1554 1801 intellectualis
1593 1739 1993 1798 substancioe.

925 1938 1292 2012 NIMVERO,
1346 1936 1883 2020 quemadmodum
1936 1931 2294 1995 intellectu-

953 2039 1069 2102 alis
1120 2037 1478 2120 hypostasis
1527 2033 1756 2097 ceteris
1806 2032 2049 2094 naturis
2098 2028 2295 2092 subli-

791 2138 958 2201 mior
1005 2145 1121 2210 est,
1175 2136 1268 2198 sic
1319 2153 1579 2217 prorsus
1628 2133 1768 2213 ejus
1817 2131 1971 2193 finis
2017 2127 2293 2210 digniori

795 2237 1055 2299 nomine
1101 2233 1486 2316 exprimitur
1537 2250 1728 2314 quam
1787 2248 2002 2292 rerum
2060 2235 2295 2290 cetera-

795 2353 958 2396 rum.
995 2333 1170 2396 Unde
1203 2332 1280 2394 fit
1310 2339 1380 2392 ut
1409 2329 1704 2412 quamvis
1748 2330 1811 2390 in
1855 2328 2032 2391 omni
2078 2325 2293 2408 specie

793 2433 960 2495 entis
991 2433 1076 2494 sit
1103 2431 1361 2512 aliquod
1402 2447 1729 2492 summum
1772 2427 2014 2490 bonum
2053 2423 2294 2506 speciei

794 2531 888 2593 illi
946 2530 1453 2613 appropriatum,
1505 2526 1739 2589 nullibi
1789 2533 2002 2587 tamen
2052 2523 2177 2585 nisi
2228 2523 2292 2584 in

793 2628 1206 2692 intellectuali
1238 2627 1534 2700 essentia,
1570 2624 1809 2688 bonum
1839 2623 1987 2697 tale,
2019 2621 2295 2684 felicitas

793 2748 907 2792 seu
939 2727 1266 2790 beatitudo
1295 2725 1441 2787 talis
1471 2724 1644 2787 modi
1676 2723 1842 2785 entis
1882 2720 2244 2803 appellatur
2276 2735 2289 2778 :

794 2825 1096 2909 quoniam
1142 2823 1392 2885 nullum
1437 2820 1792 2884 subsistens
1841 2819 1992 2881 felix
2037 2815 2293 2899 proprie

796 2943 910 2986 seu
940 2923 1200 2986 beatum
1231 2921 1486 2992 dicitur,
1521 2919 1643 2981 nisi
1691 2914 2141 2980 intellectualis
2183 2914 2293 2995 hy-

798 3121 970 3204 quod
1027 3118 1378 3199 unicuique
1435 3123 1754 3197 competat
1811 3132 1964 3176 suus
2021 3111 2176 3174 finis
2234 3118 2298 3172 et

795 3218 992 3282 finale
1049 3218 1289 3280 bonum
1349 3215 1704 3277 secundum
1753 3211 2064 3293 optimam
2113 3227 2294 3271 suam

795 3317 1100 3380 virtutem
1160 3322 1225 3378 et
1277 3313 1613 3376 actionem.
1665 3309 2032 3374 Intellectus
2079 3315 2294 3370 autem

795 3425 890 3478 est
938 3415 1316 3497 dignissima
1363 3421 1426 3475 et
1475 3409 1880 3473 divinissima
1925 3407 2150 3480 virtuS,
2205 3425 2295 3468 se-

794 3515 1077 3577 cundum
1108 3510 1531 3575 Aristotelem.
1568 3509 1714 3572 Ideo
1743 3524 2004 3570 necesse
2039 3505 2295 3586 penitus

796 3621 892 3676 est
956 3620 1026 3673 ut
1095 3609 1544 3673 intellectualis
1602 3615 1842 3669 naturae
1898 3605 2173 3668 felicitas
2232 3603 2295 3664 in

795 3709 1036 3792 optima
1087 3707 1492 3770 intellectivae
1552 3704 1878 3788 potestatis
1929 3701 2299 3784 operatione

798 3809 1118 3872 consistat.
1173 3805 1472 3868 Efficitur
1517 3810 1730 3866 autem
1782 3803 1948 3866 actio
1997 3801 2187 3881 digna
2236 3806 2302 3862 et

799 3906 1033 3970 nobilis
1092 3924 1169 3967 ex
1229 3910 1407 3985 parte
1465 3901 1724 3983 objecti,
1786 3919 1900 3962 seu
1959 3899 2151 3962 etiam
2221 3915 2299 3960 ex

800 4013 977 4088 parte
1025 4004 1178 4067 finis
1228 4009 1292 4065 et
1339 4001 1510 4063 modi
1561 3999 1866 4082 operandi
1913 3998 2082 4060 circa
2124 3995 2301 4076 obje-

799 4113 992 4168 ctum.
1018 4104 1153 4167 Non
1185 4101 1358 4164 enim
1393 4100 1537 4163 ideo
1567 4099 1896 4160 dumtaxat
1924 4097 2091 4158 actio
2123 4114 2299 4157 men-

2399 752 2717 834 optimum
2777 753 3183 835 intelligibile
3251 754 3609 817 secundum
3676 769 3915 814 conve-

2400 851 2780 914 nientiorem
2812 861 3053 916 naturae
3082 871 3209 915 suae
3240 849 3915 915 maneriem.Primum

2398 966 2550 1011 vero
2598 950 2913 1031 optimum
2964 949 3369 1031 intelligibile
3412 956 3531 1022 est,
3578 966 3779 1030 quum
3824 947 3921 1008 sit

2402 1047 2614 1128 ipsum
2661 1048 3168 1110 substantialiter
3211 1067 3461 1122 verum,
3502 1046 3739 1110 veritas
3782 1045 3921 1126 pri-

2405 1163 2528 1217 ma,
2579 1153 2642 1207 et
2696 1146 2891 1209 totius
2950 1146 3237 1208 veritatis
3294 1147 3457 1208 ratio
3505 1145 3785 1206 fontana.
3838 1143 3921 1205 In

2402 1243 2521 1305 hoc
2590 1261 2742 1324 ergo
2815 1244 3328 1326 uniuscujusque
3400 1241 3923 1324 intelligentialis

2401 1340 2771 1406 substantiae
2822 1343 3113 1405 consistit
3160 1342 3457 1416 felicitaS,
3509 1349 3583 1403 ut
3631 1340 3919 1423 primam

2401 1440 2733 1503 veritatem
2776 1441 3132 1504 secundum
3181 1449 3421 1504 naturae
3466 1460 3599 1504 suae
3640 1458 3925 1521 congru-

2401 1545 2613 1600 entem
2661 1539 3009 1602 maneriem
3057 1539 3546 1622 contempletur.

2478 1636 2724 1710 Adhuc,
2760 1637 3269 1719 uniuscujusque
3315 1645 3557 1701 naturae
3594 1637 3751 1699 finis
3786 1643 3924 1709 est,

2402 1741 2473 1796 ut
2518 1734 2583 1796 in
2625 1742 2935 1816 quantum
2978 1735 3073 1797 fas
3120 1743 3236 1809 est,
3280 1737 3515 1799 divinae
3557 1735 3685 1797 luci
3736 1735 3927 1796 unia·

2326 1832 2373 1894 B
2404 1839 2529 1906 tur,
2564 1852 2764 1914 quum
2796 1833 3011 1896 omnia
3040 1841 3494 1896 convertantur
3524 1835 3591 1896 in
3623 1833 3925 1916 primum

2406 1930 2819 2014 principium,
2866 1933 3221 1994 secundum
3267 1933 3680 2015 praeinducta.
3722 1930 3927 1994 Nulla
3954 1957 4169 1994 ιιι-ιω.

2403 2036 2616 2090 autem
2682 2029 2885 2091 virtus
2945 2029 3399 2110 cognoscitiva‚
3452 2029 3732 2093 vicinius
3780 2030 3927 2092 Deo

2405 2129 2625 2190 unitur
2670 2127 3061 2190 intellectiva
3106 2128 3391 2209 potentia
3432 2145 3445 2189 :
3489 2147 3633 2210 quae
3676 2126 3931 2189 intelli-

2404 2227 2631 2308 gendo,
2702 2235 2993 2289 naturam
3062 2225 3371 2289 intellecti
3438 2225 3929 2309 quodammodo

2407 2325 2735 2406 contingit.
2770 2325 2901 2387 Hoc
2941 2331 3037 2386 est
3080 2342 3230 2404 ergo
3272 2324 3687 2404 intelligentis
3730 2323 3927 2398 finis,

2407 2431 2478 2485 ut
2536 2425 2745 2506 primo
2800 2441 2953 2486 vero
3007 2441 3123 2504 per
3180 2423 3581 2485 intellectum
3629 2423 3921 2484 uniatur.

2404 2520 2721 2602 AmpliuS,
2757 2521 2821 2583 in
2855 2520 2966 2583 illo
2997 2521 3289 2583 consistit
3323 2519 3775 2582 intellectualis
3803 2539 3927 2582 na-

2406 2629 2564 2682 turae
2603 2619 2953 2693 beatitudO,
2990 2637 3103 2700 per
3147 2619 3317 2701 quod
3354 2619 3540 2701 plura
3578 2617 3702 2681 sibi
3744 2617 3931 2680 bona

2407 2716 2827 2779 innascuntur
2874 2717 3371 2800 primordialiter
3416 2735 3491 2779 ac
3540 2715 3931 2798 principali-

2408 2817 2717 2880 formiter.
2767 2819 3135 2881 Intellectus
3179 2825 3395 2882 autem
3439 2826 3537 2881 est
3579 2817 3933 2900 hujusmo-

2409 2916 2492 2978 di.
2547 2917 2656 2978 Est
2715 2935 2991 2998 namque
3052 2916 3288 2979 amoris
3344 2915 3931 2998 delectationisque

672 3055 768 3085 xm.
798 3022 1088 3106 postasis.
1138 3020 1386 3101 Quippe
1431 3018 1562 3099 jam
1614 3035 1786 3078 nunc
1834 3014 2125 3076 habitum
2176 3019 2293 3086 est,
2330 3014 2372 3077 C
2409 3013 2729 3077 interioris
2772 3033 2962 3078 causa
2997 3032 3223 3077 :amor
3263 3014 3435 3077 enim
3478 3014 3541 3077 in
3586 3015 3929 3095 agnitione

2386 3113 2543 3175 ‘veri
2594 3112 2933 3192 fundatur3
2980 3113 3281 3176 similiter
3327 3121 3391 3176 et
3434 3113 3699 3176 interior
3744 3113 3931 3176 dele-

2407 3211 2612 3274 ctatio.
2647 3212 2894 3294 Quippe
2934 3211 3231 3274 voluntas
3276 3229 3403 3275 non
3444 3211 3569 3274 nisi
3609 3211 3931 3274 secunda-

2406 3311 2499 3372 rio
2534 3317 2747 3372 movet
2777 3309 3196 3383 intellectum,
3226 3310 3292 3373 in
3323 3317 3635 3392 quantum
3666 3309 3933 3372 scilicet

2408 3408 2765 3488 intelligere
2813 3408 3316 3490 apprehenditur
3368 3417 3439 3471 ut
3492 3407 3754 3472 bonum.
3812 3408 3925 3470 In-

2408 3506 2700 3569 tellectus
2745 3507 2919 3569 enim
2964 3507 3265 3590 proponit
3306 3507 3621 3570 voluntati
3664 3507 3925 3570 intelle-

2410 3612 2606 3677 ctum,
2640 3611 2704 3667 et
2737 3611 2949 3667 movet
2977 3623 3120 3666 eam
3152 3624 3265 3686 per
3296 3606 3557 3667 modum
3590 3621 3717 3686 quo
3756 3604 3925 3667 finis

2410 3710 2643 3776 movet,
2678 3721 2877 3784 quum
2926 3701 3165 3765 bonum
3212 3702 3634 3777 intellectum,
3676 3703 3758 3765 sit
3802 3703 3924 3766 ob—

2406 3801 2650 3882 jectum
2690 3800 3058 3863 voluntatis

2488 3899 2797 3981 Denique,
2849 3900 3093 3982 optima
3140 3899 3305 3962 entis
3356 3900 3561 3962 virtus
3610 3919 3687 3963 ea
3734 3909 3834 3963 est
3875 3920 3924 3963 a

2408 4017 2535 4079 qua
2591 3998 2751 4061 ratio
2810 3997 3048 4080 speciei
3108 4017 3239 4060 suae
3286 3997 3639 4079 accipitur3
3687 3998 3769 4060 ab
3821 3999 3923 4062 in-

2407 4096 2666 4158 tellectu
2706 4104 2921 4159 autem
2960 4103 3265 4178 separatae
3302 4095 3694 4171 substantiae,
3729 4099 3924 4161 ratio—

799 4205 880 4266 tis
925 4203 1116 4282 digna
1158 4207 1274 4273 est,
1311 4199 1461 4281 quia
1503 4198 1579 4259 de
1623 4195 1823 4259 nobili
1864 4195 2116 4275 objecto
2140 4212 2158 4273 ;
2190 4201 2302 4255 aut
2328 4193 2379 4258 D
2411 4195 2572 4256 nalis
2622 4195 2815 4257 etiam
2866 4194 3102 4268 anima,
3153 4194 3435 4276 speciem
3486 4195 3846 4258 sortiuntur
3898 4214 3917 4259 ε

798 4303 943 4365 ideo
991 4299 1158 4370 vilis,
1206 4297 1358 4378 quia
1407 4296 1483 4358 de
1527 4294 1792 4377 ignobili
1843 4311 1856 4356 ε
1903 4293 2015 4375 qui
2059 4292 2298 4355 etenim

797 4401 878 4462 de
947 4396 1245 4478 turpibus
1310 4401 1375 4456 et
1439 4392 1798 4455 libidinosis
1863 4390 2299 4473 voluptatibus

797 4497 1132 4562 veritatem
1163 4493 1445 4565 discutit,
1460 4491 1560 4554 vel
1592 4491 1726 4554 zelo
1755 4491 2009 4553 virtutis
2040 4489 2296 4564 effatur,

798 4595 1101 4659 nobiliter
1133 4592 1354 4675 utique
1383 4590 1534 4672 agit,
1568 4590 1860 4672 quamvis
1893 4590 1970 4651 de
2001 4587 2299 4670 turpibus

798 4693 1200 4757 determinet.
1264 4692 1527 4763 RursuS,
1586 4689 1698 4771 qui
1758 4689 1834 4750 de
1892 4689 2102 4770 primo
2171 4704 2298 4749 non

798 4801 970 4856 recte
1001 4798 1110 4853 aut
1134 4789 1397 4871 obliquo
1427 4788 1559 4851 fine
1592 4786 2099 4870 philosophatur,
2126 4785 2299 4866 igno-

799 4890 1017 4953 biliter
1058 4889 1208 4970 agit,
1255 4887 1404 4950 licet
1447 4887 1524 4948 de
1569 4903 1822 4948 summo
1867 4885 2034 4946 bono
2085 4883 2300 4965 loqua-

796 4997 921 5051 tur.
970 4988 1061 5051 Ob
1110 4988 1232 5050 hoc
1280 4987 1493 5067 itaque
1541 4985 1787 5047 dictum
1835 4991 1952 5057 est,
2005 4983 2175 5064 quod
2224 5002 2301 5045 ex

803 5095 980 5170 parte
1023 5085 1281 5167 objecti,
1331 5083 1430 5147 vel
1477 5091 1647 5146 cert-e
1697 5101 1775 5146 ex
1825 5089 2001 5164 parte
2041 5080 2195 5143 finis
2239 5087 2303 5143 et

804 5185 976 5249 modi
997 5183 1226 5265 agendi
1251 5183 1420 5244 circa
1441 5183 1678 5262 ipsum,
1704 5181 1971 5243 actionis
2001 5179 2301 5242 nobilitas

804 5281 1188 5350 attendenda
1217 5281 1318 5342 sit.
1352 5280 1424 5341 In
1464 5296 1538 5341 ea
1575 5297 1724 5360 ergo
1764 5278 2124 5341 intellectus
2155 5296 2302 5363 ope·

2410 4294 2580 4356 unde
2610 4312 2869 4356 necesse
2900 4301 2999 4356 est
3025 4300 3097 4355 ut
3124 4292 3478 4355 secundum
3511 4293 3921 4358 intellectum

2410 4393 2749 4456 conveniat
2777 4392 2869 4454 eis
2900 4391 3191 4454 felicitas.
3218 4391 3531 4454 Dicuntur
3558 4392 3735 4454 enim
3766 4392 3923 4455 sub-

2412 4492 2657 4554 stantiae
2706 4491 2883 4562 taleS,
2927 4488 3387 4570 intelligentiae,
3438 4491 3685 4554 ratione
3734 4491 3923 4568 intel-

2413 4590 2613 4652 lectus
2666 4607 2679 4650 :
2729 4588 3173 4671 principaliter
3225 4588 3419 4669 igitur
3468 4589 3533 4650 in
3585 4589 3921 4654 intellectu

2410 4697 2509 4750 est
2569 4687 2863 4760 felicitaS,
2922 4687 3155 4749 deinde
3225 4687 3290 4748 in
3361 4687 3711 4763 voluntate,
3774 4708 3920 4771 quae

2412 4787 2604 4849 etiam
2654 4784 3093 4847 immaterialis
3151 4783 3355 4847 virtus
3414 4793 3513 4848 est
3557 4793 3621 4848 et
3670 4787 3921 4868 inor-ga-

2412 4884 2576 4958 nica,
2604 4891 2667 4946 et
2696 4892 2839 4964 post
2868 4883 3267 4946 intellectum
3296 4882 3697 4972 dignissima.
3722 4885 3920 4948 Amor

2410 4989 2623 5044 autem
2658 4983 2721 5044 in
2753 4980 3079 5044 voluntate
3110 4989 3223 5044 est.
3250 4981 3371 5044 Sed
3402 4982 3707 5064 quoniam
3738 5001 3921 5046 amor

2410 5089 2507 5145 est
2555 5089 2683 5143 tam
2731 5081 2809 5142 de
2858 5097 2986 5142 non
3034 5079 3252 5143 habito
3298 5099 3493 5162 quam
3544 5081 3623 5144 de
3673 5081 3913 5156 habito,

2412 5182 2476 5242 in
2522 5198 2599 5243 eo
2642 5197 2768 5242 non
2814 5178 3105 5242 consistit
3151 5177 3571 5260 principalius
3615 5179 3915 5254 felicitas,

2410 5281 2519 5342 sed
2580 5278 2792 5361 potius
2851 5277 2917 5339 in
2975 5275 3537 5358 contemplatione,
3586 5278 3667 5341 ad
3714 5297 3915 5364 quam
