4300 6259
878 437 999 500 304

1523 457 1600 502 DE
1638 456 1870 502 LUMINE
1911 454 2292 501 cnms‘rlANAE
2334 455 2633 512 THEORIAE,
2680 456 2856 502 LIBER
2897 457 2937 502 Ι.
2984 475 3065 485 -
3105 458 3242 504 Aur.
3290 458 3367 502 Lx

877 631 981 686 tus
1013 643 1050 686 a
1079 624 1332 689 volente
1363 626 1692 688 dumtaxat
1720 624 1869 688 sciri
1901 633 2185 707 possunt.
2222 624 2378 698 Quo·
2410 623 2458 686 A
2492 624 3098 707 contemplationem
3129 625 3399 708 adipisci
3432 643 3560 689 non
3602 644 3909 708 possemus
3937 645 3951 688 ι

879 723 1051 784 niam
1082 741 1232 803 ergo
1262 722 1536 786 effectus
1565 732 1909 805 antequam
1943 729 2058 796 est,
2092 740 2220 784 non
2253 720 2375 783 nisi

878 819 943 882 in
993 840 1106 882 sua
1166 840 1356 884 causa
1404 821 1853 903 cognoscibilis
1911 828 2029 894 est,
2087 821 2377 903 sequitur

875 920 1046 1000 quod
1085 919 1220 982 sola
1259 921 1548 982 voluntas
1593 921 1676 982 sit
1722 921 1948 983 talium
1997 918 2374 1002 praeintelle-

876 1018 1044 1080 ctiva
1078 1035 1091 1080 :
1127 1037 1252 1080 non
1296 1019 1488 1099 igitur
1531 1019 1696 1082 Deus
1739 1017 2185 1098 hujuscemodi
2232 1035 2375 1079 con-

875 1115 1222 1197 templatur
1281 1115 1716 1179 immobiliter.
1783 1116 2091 1197 Denique,
2150 1133 2253 1177 ars
2311 1122 2373 1176 et

875 1213 1237 1276 intellectus
1287 1215 1660 1277 naturaliter
1709 1214 2037 1294 refugiunt
2095 1211 2367 1274 infinita.

875 1312 1049 1374 Unde
1093 1312 1182 1375 ait
1223 1312 1664 1395 Philosophus,
1707 1313 1874 1395 quod
1929 1311 2255 1374 infinitum
2306 1311 2369 1372 in

872 1417 1186 1491 quantum
1218 1411 1612 1491 hujusmodi,
1645 1418 1743 1473 est
1780 1410 2195 1491 incognitum.
2234 1409 2371 1471 Sin-

872 1509 1117 1590 gularia
1161 1518 1376 1572 autem
1427 1509 1684 1572 infinita
1732 1517 1882 1571 sunt
1934 1526 1946 1570 :
2001 1527 2128 1570 non
2181 1508 2373 1588 igitur

875 1615 1045 1681 sunt,
1082 1615 1151 1670 ut
1182 1608 1454 1682 videtur,
1491 1607 1965 1689 cognoscibilia.
1990 1608 2069 1669 At
2098 1625 2249 1670 vero
2279 1607 2370 1668 di-

872 1706 1079 1786 gnitas
1123 1707 1406 1770 scientiae
1455 1726 1532 1769 ex
1582 1707 1889 1787 dignitate
1938 1706 2185 1768 scibilis
2234 1725 2372 1788 per-

2488 741 2564 784 ex
2598 723 3001 785 sensibilium
3036 743 3313 807 namque
3342 732 3407 788 et
3450 724 3813 788 inferiorum
3848 725 3957 786 vir-

2486 827 2694 882 tutum
2778 822 3235 903 speculatione,
3310 824 3387 884 ad
3465 823 3957 886 immaterialium

2486 920 2907 982 essentiarum
2962 928 3025 982 et
3075 921 3385 982 virtutum
3442 921 3788 1004 primarum
3834 939 3962 984 con-

2486 1017 2932 1081 siderationem
3020 1020 3599 1081 sursumducimur.
3662 1019 3727 1081 In
3796 1019 3963 1081 nobis

2484 1117 2725 1197 quippe
2766 1117 3113 1190 cernimuS,
3157 1117 3327 1199 quod
3368 1118 3657 1180 eamdem
3696 1117 3965 1179 substan·

2484 1213 2637 1275 tiam
2698 1215 2881 1277 aliter
2938 1233 3185 1289 sensus,
3247 1215 3427 1278 aliter
3484 1215 3863 1296 imaginat-io,
3908 1222 3965 1276 et

2483 1312 2667 1375 aliter
2727 1313 3089 1377 intellectus
3137 1314 3443 1394 agnoscit.
3498 1313 3745 1376 Etenim
3803 1313 3964 1376 intel-

2487 1409 2686 1474 lectus
2736 1430 2810 1474 ea
2858 1431 2999 1494 quae
3050 1413 3330 1476 materiae
3384 1413 3682 1476 immersa
3728 1419 3965 1474 suntet

2483 1510 2877 1591 corruptioni
2928 1510 3268 1586 substrata,
3316 1530 3438 1575 non
3494 1512 3813 1598 cognoscit.
3854 1511 3965 1572 nisi

2482 1606 2723 1669 fuerint
2755 1627 2868 1690 per
2899 1609 3297 1672 intellectum
3329 1617 3621 1691 agentem
3654 1610 3961 1692 depurata,

2484 1713 2547 1769 et
2580 1707 2642 1768 in
2674 1707 3150 1789 incorruptibili
3184 1710 3459 1791 quodam
3502 1727 3641 1772 esse
3679 1709 3965 1771 constitu-

872 1805 1208 1886 pendenda
1235 1813 1348 1868 est.
1367 1807 1712 1868 Vilesceret
1742 1806 1971 1887 itaque,
1997 1811 2065 1866 ut
2083 1812 2367 1887 apparet,
2406 1806 2453 1868 B
2484 1806 2899 1887 tazquoniam
2932 1808 3285 1869 secundum
3323 1808 3727 1871 Aristotelem
3772 1815 3834 1869 et
3864 1807 3965 1870 Bo-

872 1903 1132 1965 divinus
1194 1904 1578 1979 intellectuS,
1641 1905 1694 1966 si
1751 1904 2100 1985 singularia
2158 1903 2371 1966 omnia

871 2011 1280 2083 agnosceret:
1308 2004 1507 2067 multa
1535 2004 1708 2066 enim
1740 2005 1892 2066 vilia
1922 2010 2087 2065 sunt.
2123 2004 2368 2077 Adhuc,

875 2101 1198 2181 cognitum
1233 2111 1330 2164 est
1371 2104 1842 2184 quodammodo
1884 2102 1947 2164 in
1993 2120 2373 2182 cognoscen-

875 2207 936 2262 te
987 2217 1000 2261 :
1050 2201 1104 2262 si
1153 2219 1304 2283 ergo
1354 2202 1740 2284 privationes
1789 2209 1853 2264 et
1901 2202 2086 2276 mala,
2133 2210 2242 2263 aut
2300 2221 2372 2265 ea

876 2299 1108 2381 quibus
1137 2301 1271 2364 haec
1305 2301 1512 2364 inesse
1543 2309 1824 2384 possunt,
1850 2301 2189 2382 singularia
2211 2301 2372 2363 Deus

874 2408 1268 2480 agnosceret,
1303 2401 1544 2463 malum
1576 2408 1638 2463 et
1683 2401 1953 2483 privatio
1997 2401 2182 2463 modo
2222 2417 2373 2481 quo-

874 2499 1021 2560 dam
1052 2499 1172 2580 ipsi
1207 2501 1704 2582 inessent:quod
1738 2519 1914 2582 purae
1947 2499 2212 2562 bonitati
2244 2516 2368 2561 non

874 2600 1188 2680 congruit,
1222 2600 1576 2662 secundum
1620 2598 2080 2681 Alphorabium
2124 2606 2189 2660 et
2234 2598 2370 2661 Dio-

873 2699 1149 2782 nysium.
1194 2699 1383 2760 Porro
1434 2698 1540 2761 ille
1591 2698 1953 2760 intellectus
2003 2716 2193 2759 verax
2242 2715 2367 2759 non

872 2805 988 2872 est,
1023 2798 1132 2880 qui
1165 2816 1264 2859 res
1295 2797 1480 2858 aliter
1513 2796 1810 2877 intelligit
1837 2816 2027 2878 quam
2061 2802 2212 2858 sunt
2244 2813 2257 2857 ε
2292 2814 2369 2858 ex

875 2896 994 2959 hoc
1025 2914 1304 2977 namque
1336 2895 1504 2977 quod
1538 2914 1637 2957 res
1677 2902 1775 2957 est
1816 2895 1916 2956 vel
1956 2911 2082 2956 non
2127 2900 2243 2968 est,
2279 2893 2369 2955 in-

2482 1904 2705 1978 etium‚
2751 1905 3016 1967 scientia
3065 1914 3159 1968 est
3190 1924 3413 1969 eorum
3445 1925 3586 1987 quae
3628 1906 3966 1968 incommu-

2481 2001 2743 2064 tabilem
2776 2004 2873 2064 sui
2908 2005 3260 2067 sortiuntur
3290 2004 3732 2067 substantiam.
3758 2005 3967 2067 Divina

2484 2120 2632 2183 ergo
2664 2103 2889 2177 virtuS,
2910 2122 3109 2184 quum
3140 2105 3222 2166 sit
3253 2104 3599 2185 purissima
3626 2112 3813 2186 atque
3842 2123 3967 2186 per-

2483 2200 2670 2275 fecta,
2724 2202 2939 2266 omnia
3000 2202 3333 2283 potissime
3390 2203 3716 2283 cognoscit
3758 2222 3966 2266 secun·

2483 2301 2635 2362 dum
2699 2319 2836 2361 esse
2902 2301 3283 2381 depuratum
3348 2310 3410 2364 et
3469 2301 3965 2364 indissolubilem

2483 2398 2811 2460 rationem.
2848 2399 3091 2472 Adhuc,
3123 2400 3333 2462 omnis
3374 2400 3735 2464 intellectus
3773 2399 3969 2481 cogni-

2482 2505 2543 2558 ta
2600 2516 2713 2558 sua
2771 2497 3240 2579 contemplatur
3287 2498 3642 2560 secundum
3692 2506 3965 2560 naturam

2481 2597 2702 2659 sormae
2746 2615 2859 2678 per
2897 2615 3086 2678 quam
3135 2596 3213 2658 fit
3248 2597 3618 2660 intellectio.
3650 2598 3787 2660 Jam
3831 2614 3966 2660 vero

2482 2703 2940 2776 praeostensum
2981 2701 3097 2769 est,
3145 2695 3445 2758 universa
3485 2695 3706 2758 divino
3750 2695 3965 2758 lumini
3988 2727 4179 2770 art-nm

2482 2801 2695 2875 patere
2729 2812 2839 2876 per
2870 2793 3103 2855 ideales
3145 2793 3673 2876 exemplaresque
3712 2802 3775 2857 et
3802 2802 3964 2858 aeter-

2480 2893 2655 2954 nales
2686 2891 3216 2955 rationcszomnia
3247 2911 3397 2973 ergo
3424 2893 3547 2955 hoc
3579 2893 3768 2956 modo
3797 2893 3967 2957 intel·

875 2995 1166 3057 tellectus
1208 3014 1394 3058 verus
1442 3002 1538 3056 est
1585 3002 1694 3056 aut
1740 2993 1961 3066 falsuS,
2012 2993 2365 3056 secundum
2401 2987 2443 3050 C
2482 2991 2621 3072 ligit
2664 2991 2829 3053 Deus
2876 2990 3271 3052 benedictus,
3306 2991 3595 3073 Insuper,
3644 2998 3716 3053 ut
3758 2991 3968 3074 probat

875 3092 1298 3156 Aristotelem.
1364 3092 1584 3155 Omnis
1649 3100 1863 3154 autem
1923 3092 2034 3153 Dei
2094 3091 2371 3172 cognitio

876 3200 1110 3256 aeterna
1140 3199 1236 3254 est
1265 3199 1328 3253 et
1359 3190 1709 3254 immobilis
1741 3208 2019 3272 prorsus.
2053 3189 2189 3252 Non
2222 3206 2371 3270 ergo

879 3298 1086 3374 potest
1119 3292 1282 3353 Deus
1311 3291 1412 3370 (ut
1441 3290 1722 3370 videtur)
1742 3288 2116 3370 temporalia
2147 3305 2373 3368 cogno-

877 3407 1054 3451 scere
1100 3407 1113 3450 :
1161 3389 1216 3451 si
1261 3388 1433 3450 enim
1479 3389 1825 3469 cognoscit,
1869 3386 2373 3469 intemporaliter

876 3488 1217 3568 cognoscit.

957 3585 1286 3648 Solvendae
1315 3592 1464 3648 sunt
1488 3591 1704 3647 autem
1733 3584 1831 3648 hae
1861 3585 2134 3647 rationes
2166 3590 2371 3665 poste-

877 3684 1032 3758 riuS,
1072 3683 1341 3746 articulo
1390 3683 1860 3764 septuagesimo
1891 3690 2089 3757 sexto,
2125 3681 2236 3743 ubi
2281 3701 2372 3744 ra-

874 3782 1080 3844 tiones
1139 3789 1357 3844 contra
1403 3782 1788 3863 positionem
1837 3781 2254 3862 providentiae
2309 3787 2373 3841 et

876 3880 990 3942 fati
1033 3879 1530 3954 introducendae,
1565 3879 1883 3943 solvendae
1925 3887 2091 3940 sunt.

1280 4159 1770 4226 ARTICULUS
1819 4160 1960 4222 LX.

875 4313 1060 4380 Quod
1118 4311 1501 4386 temporalia
1559 4311 1986 4380 aeternaliter,
2036 4309 2370 4368 sensibilia

954 4400 1448 4469 insensibiliter,
1501 4398 1853 4474 partibilia
1909 4407 1968 4456 et
2025 4399 2372 4473 composita

953 4502 1149 4570 atque
1194 4489 1606 4549 dissolubilia
1655 4487 2179 4562 impartibiliter,
2220 4488 2370 4546 sim-

947 4583 1217 4660 pliciter
1253 4598 1328 4638 ac
1367 4577 1981 4652 indisperqibiliter,
2015 4577 2369 4635 variabilia

952 4689 1205 4752 quoque
1259 4675 1318 4727 et
1375 4665 1817 4742 concinqentia
1877 4665 2374 4725 invariabiliter

951 4771 1010 4824 ec
1063 4762 1417 4820 necessarie
1455 4758 1726 4816 divinus
1765 4758 2128 4815 intellectus
2178 4759 2372 4816 veris-

952 4855 1112 4914 sime
1153 4851 1641 4923 contempletur.

1015 5057 1364 5123 VERROES
1402 5061 1862 5118 commentator
1900 5052 2081 5127 dixit,
2114 5052 2285 5134 quod
2316 5053 2369 5115 si

1028 5165 1249 5221 natura
1279 5153 1599 5237 possibilis
1631 5161 1693 5215 et
1723 5152 1980 5214 humani
2013 5151 2369 5214 intellectus

875 5266 1044 5324 esset
1113 5255 1346 5336 ignota,
1415 5259 1849 5334 separatorum
1923 5250 2363 5313 intellectuum

2479 3090 2755 3162 BoetiuS,
2808 3089 3086 3169 cognitio
3145 3089 3222 3150 fit
3270 3090 3625 3151 secundum
3674 3090 3967 3154 conditio·
4000 3111 4185 3158 neem

2480 3207 2651 3262 nem,
2686 3205 2813 3250 non
2848 3188 3105 3269 quidem
3152 3187 3410 3268 cogniti,
3446 3189 3553 3251 sed
3602 3206 3966 3269 cognoscen-
3988 3178 4134 3298 ab}
4156 3189 4182 3221 '²

2482 3287 2561 3348 tis
2611 3304 2623 3348 :
2672 3287 2891 3348 divina
2939 3303 3089 3366 ergo
3132 3286 3355 3360 virtus,
3397 3305 3541 3367 quae
3582 3286 3730 3350 fons
3774 3295 3871 3350 est
3910 3295 3967 3350 et

2481 3385 2740 3447 fontana
2798 3384 2956 3446 ratio
3012 3384 3301 3446 omnium
3364 3385 3701 3459 virtutum,
3754 3392 3969 3448 cuncta

2482 3483 2835 3545 secundum
2906 3483 3365 3565 proprietatem
3434 3483 3712 3565 propriae
3782 3483 3969 3546 subsi-

2481 3581 2728 3644 stentiae
2778 3581 3115 3662 dignoscit,
3162 3589 3226 3644 et
3271 3600 3399 3645 non
3444 3582 3800 3645 secundum
3850 3599 3969 3644 mo-

2483 3681 2638 3744 dum
2678 3680 3125 3742 secundorum.

2562 3779 2803 3852 Denuo,
2857 3785 2926 3839 ut
2979 3785 3201 3840 auctor
3258 3776 3403 3838 libri
3466 3777 3814 3840 Causarum
3868 3779 3967 3853 ait,

2482 3877 2651 3959 quod
2713 3876 2777 3938 in
2838 3875 2965 3938 alio
3022 3883 3137 3950 est,
3191 3882 3289 3938 est
3334 3875 3560 3957 utique
3618 3875 3684 3937 in
3734 3876 3844 3939 illo
3886 3895 3969 3938 se-

2482 3975 2765 4036 cundum
2812 3973 3071 4036 modum
3118 3974 3258 4054 ejus
3304 3973 3369 4035 in
3415 3991 3543 4055 quo
3583 3981 3701 4048 est,
3748 3984 3813 4038 et
3851 3992 3967 4037 non

2481 4073 2833 4134 secundum
2868 4072 3123 4134 modum
3155 4070 3787 4155 proprium.Propter
3812 4073 3969 4155 quod

2401 4175 2452 4237 D
2481 4171 2812 4233 deiformis
2846 4171 2953 4233 ille
2991 4169 3329 4252 Dionysius
3372 4170 3650 4252 scripsit,
3683 4171 3853 4252 quod
3888 4170 3970 4234 di·
4008 4193 4189 4241 montet

2482 4270 2703 4331 vinum
2767 4268 2982 4330 lumen
3042 4268 3159 4330 toti
3208 4275 3451 4331 naturae
3497 4269 3703 4330 vultui
3761 4288 3971 4352 super·
3992 4262 4174 4304 ΜΝ·

2482 4385 2859 4449 expansum,
2894 4367 2958 4428 in
2994 4366 3537 4428 intellectualibus
3568 4367 3831 4448 quidem
3866 4368 3967 4451 hy-

2483 4465 2843 4547 postasibus
2916 4464 3452 4536 intellectualiter,
3522 4465 3585 4526 in
3656 4466 3969 4529 sensitivis

2483 4583 2634 4626 vero
2681 4562 3093 4638 sensibiliter,
3143 4563 3206 4624 in
3257 4563 3577 4625 vivalibus
3622 4573 3837 4628 autem
3884 4565 3971 4627 vi-

2483 4663 2728 4736 valiter‚
2753 4669 2817 4724 et
2849 4661 2912 4722 in
2945 4661 3341 4723 naturalibus
3374 4663 3769 4738 naturaliter,
3792 4671 3969 4746 atque

2486 4761 2549 4822 in
2595 4759 2851 4822 entibus
2896 4759 3203 4822 subsistat
3245 4759 3542 4822 entaliter
3575 4777 3588 4822 ε
3626 4761 3799 4841 quod
3842 4763 3971 4824 Pro-

2484 4859 2643 4933 cluS,
2677 4857 3003 4921 Platonem
3044 4864 3325 4932 secutuS,
3369 4858 3561 4920 etiam
3604 4858 3964 4922 introduxit.

2480 4958 2683 5039 Hujus
2714 4956 3013 5038 equidem
3055 4955 3217 5019 ratio
3254 4964 3371 5029 est,
3404 4958 3707 5038 quoniam
3754 4958 3969 5041 recipi-

2480 5075 2593 5118 ens
2624 5054 3005 5116 determinat
3034 5061 3326 5116 naturam
3358 5056 3616 5137 recepti.
3642 5056 3969 5139 Quumque

2480 5154 2735 5216 divinus
2787 5153 3147 5215 intellectus
3196 5153 3279 5215 sit
3326 5171 3587 5235 prorsus
3630 5156 3967 5237 supersim-

2481 5253 2627 5336 plex
2670 5260 2733 5314 et
2776 5251 3032 5334 penitus
3077 5251 3421 5334 perfectuS,
3468 5253 3685 5315 omnia
3728 5253 3795 5316 in
3840 5255 3967 5338 ipso
