4300 6259
604 3246 738 3289 Hebr.
760 3258 788 3295 1,
806 3248 841 3288 5.

596 4530 609 4573 Ι
625 4532 789 4575 Joann.
802 4546 846 4583 v,

582 4596 649 4637 20.

660 4721 847 4766 Ibidem.

865 480 988 548 412

1478 500 1557 547 DE
1600 501 1827 547 LmthE
1868 500 2253 548 cnmsrlANAE
2295 499 2596 559 Tamum,
2643 500 2819 549 LIBER
2861 502 2923 549 11.
2971 521 3052 532 —
3091 504 3231 549 ΛΒΤ.
3277 504 3384 551 ΧΧῙ

867 674 1039 738 xime
1096 673 1221 737 sibi
1281 671 1685 755 superposita
1743 672 2167 755 intelligentia
2234 690 2366 735 ere·
2397 668 2450 733 A
2479 678 2592 735 est.
2641 671 3046 756 Relinquitur
3093 673 3328 758 itaque,
3374 676 3546 757 quod
3591 674 3810 739 eadem
3855 693 3966 737 nu-

864 780 1052 836 atam.
1087 772 1262 847 Quod
1305 779 1518 835 tamen
1557 771 1744 834 Arius
1784 772 1946 834 dixit
1984 772 2147 833 hane
2195 790 2367 834 men-

866 878 996 935 tem
1040 889 1169 934 non
1210 870 1291 933 ab
1333 877 1570 933 aeterno
1614 869 1835 943 fuisse,
1885 888 2093 953 neque
2136 869 2368 933 ceteris

866 968 1175 1032 creaturis
1242 988 1381 1031 esse
1441 986 1885 1050 coaequaevam,
1950 988 2158 1052 neque
2219 987 2366 1031 cum

866 1067 1226 1141 PlatoniciS,
1288 1084 1499 1149 neque
1570 1085 1719 1129 eum
1786 1067 2245 1149 PeripateticiS,
2305 1074 2369 1129 et

868 1167 1038 1249 quod
1088 1165 1367 1247 amplius
1415 1172 1532 1239 est,
1586 1184 1795 1248 neque
1851 1185 1997 1229 cum
2046 1165 2200 1229 fidei
2260 1166 2366 1227 do-

868 1265 1071 1327 ctrina
1128 1264 1471 1327 concordat
1529 1281 1544 1326 ε
1606 1271 1670 1327 et
1725 1282 1875 1345 ergo
1931 1264 2176 1326 dictum
2234 1263 2368 1325 Arii

867 1371 965 1427 est
1010 1381 1184 1425 mere
1230 1362 1661 1425 voluntarium
1706 1370 1770 1424 et
1814 1380 1973 1444 pure
2024 1361 2362 1424 ficticium.

868 1461 944 1524 Et
972 1462 1139 1523 sieut
1165 1460 1255 1523 ait
1285 1459 1688 1523 beatissimus
1720 1468 1933 1522 noster
1950 1460 2366 1541 AugustinuS,

867 1560 1006 1642 ipse
1049 1558 1204 1621 facit
1244 1558 1475 1621 Filium
1520 1558 1631 1621 Dei
1680 1577 1805 1621 non
1856 1558 2044 1621 sicuti
2093 1565 2210 1631 est,
2257 1559 2367 1621 sed

867 1657 1057 1721 sicuti
1102 1677 1251 1722 eum
1297 1657 1422 1720 sibi
1473 1657 1677 1739 fingit.
1726 1657 1975 1719 Etenim
2023 1665 2149 1719 tam
2196 1657 2368 1719 Plato

868 1776 1060 1840 quam
1090 1756 1414 1819 Avicenna
1454 1762 1701 1837 ponunt
1740 1772 2109 1836 processum
2151 1774 2365 1818 rerum

2481 788 2658 833 mero
2687 772 2770 833 sit
2801 772 2941 834 Filii
2973 773 3301 855 Patrisque
3331 781 3574 836 natura.

2558 869 2873 951 Amplius,
2927 870 2992 933 in
3043 870 3294 935 Christo
3350 880 3448 935 est
3498 872 3692 936 totius
3747 871 3968 934 divini-

2477 968 2622 1030 tatis
2654 968 3006 1050 plenitudo,
3025 976 3090 1031 et
3119 970 3404 1034 seientiae
3432 978 3622 1053 atque
3649 968 3966 1052 sapientiae

2479 1067 2668 1149 plena
2712 1066 3044 1148 perfectio,
3086 1068 3254 1131 sicut
3295 1068 3362 1131 in
3407 1069 3604 1132 Patre.
3637 1067 3966 1151 Apostolus

2479 1166 2650 1229 enim
2693 1165 2784 1227 ait
2829 1182 2843 1227 ε
2890 1168 2957 1229 ln
3008 1167 3167 1250 ipse,
3218 1166 3520 1231 videlicet
3561 1166 3828 1238 Christo,
3872 1166 3970 1227 ha·
4011 1181 4202 1233 colman,

2480 1262 2640 1325 bitat
2685 1264 2896 1326 omnis
2943 1264 3274 1347 plenitudo
3318 1265 3692 1328 divinitatis.
3729 1265 3804 1326 Et
3841 1248 4029 1325 rur-⁹·

2479 1381 2586 1423 sus
2644 1361 2822 1437 dicit,
2885 1364 3054 1445 quod
3117 1362 3181 1425 in
3241 1363 3491 1427 Christo
3549 1370 3700 1425 sunt
3753 1381 3970 1426 omnes
3995 1380 4147 1423 mm.

2477 1460 2761 1523 thesauri
2802 1461 3130 1543 sapientiae
3173 1470 3237 1524 et
3275 1460 3560 1525 scientiae
3598 1456 3968 1524 absconditi.

2479 1559 2621 1622 Haec
2671 1568 2880 1622 autem
2937 1558 3102 1623 nulli
3161 1579 3338 1643 purae
3389 1567 3694 1623 creaturae
3753 1577 3972 1622 conve·

2478 1657 2686 1732 niunt,
2749 1677 2889 1740 quae
2953 1676 3029 1721 eo
3090 1658 3228 1741 ipso
3287 1659 3458 1741 quod
3517 1666 3804 1721 creatura
3857 1666 3970 1729 est,

2479 1776 2514 1819 a
2571 1758 3040 1839 superexaltata
3087 1758 3398 1821 Creatoris
3447 1758 3784 1821 altitudine
3833 1756 3973 1820 infi-

870 1874 906 1917 a
936 1856 1062 1918 Deo
1092 1854 1174 1917 ab
1204 1861 1457 1917 aeterno.
1498 1853 1895 1935 Peripatetici
1928 1871 2185 1936 quoque
2216 1873 2360 1917 cum
2402 1852 2449 1913 B
2480 1857 2611 1919 nite
2659 1857 2868 1920 distat.
2923 1858 3170 1931 Adhuc,
3225 1858 3290 1920 in
3343 1858 3676 1940 evangelio
3719 1857 3973 1921 Joannis

867 1952 1007 2015 istis
1037 1953 1259 2015 dicunt
1290 1951 1800 2033 intelligentiam,
1832 1951 2075 2025 orbem,
2111 1960 2366 2034 tempus

867 2059 932 2114 et
970 2049 1297 2113 materiam
1337 2068 1477 2113 esse
1516 2056 1790 2131 quatuor
1828 2068 2200 2132 coaequaeva.
2246 2050 2366 2114 Sed

868 2150 1004 2212 haec
1034 2149 1251 2211 omnia
1282 2148 1346 2210 in
1381 2148 1590 2230 primo
1629 2148 1793 2211 libro
1830 2149 1907 2210 ad
1951 2149 2212 2230 longum
2252 2168 2370 2211 nu-

870 2266 986 2330 per
1030 2246 1479 2310 tractabantur.

1260 2509 1749 2575 ARTICULUS
1794 2511 1980 2575 XXI.

864 2642 1258 2719 Reprobatio
1296 2642 1646 2717 positionis
1684 2642 1845 2702 Arii
1880 2644 1960 2700 de
2004 2642 2182 2703 Filio
2223 2642 2362 2701 Dei.

1000 2834 1365 2907 NIMVERo,
1402 2836 1569 2917 quod
1602 2852 1729 2899 non
1762 2836 2081 2899 consimili
2125 2835 2368 2898 ratione

1030 2933 1278 2997 dicatur
1323 2933 1610 2997 Christus
1655 2934 1849 2996 Filius
1894 2934 2006 2996 Dei
2056 2934 2225 2996 sicut
2270 2952 2367 2996 ce-

2478 1955 2762 2019 Salvator
2789 1956 2880 2018 ait
2911 1973 2925 2018 ε
2959 1955 3185 2019 Omnia
3213 1976 3354 2039 quae
3385 1956 3578 2020 habet
3604 1957 3802 2029 Pater,
3837 1973 3976 2017 mea
3999 1976 4206 2017 aeman.

2477 2061 2664 2133 sunt3
2697 2061 2762 2115 et
2788 2053 2941 2116 alibi
2979 2071 2993 2115 ε
3030 2054 3158 2135 Ego
3188 2061 3252 2117 et
3279 2055 3460 2117 Pater
3499 2073 3700 2117 unum
3727 2072 3972 2116 sumus,
4001 2043 4100 2143 {234
4120 2106 4205 2142 132-

2477 2152 2625 2225 Quae
2655 2170 2804 2215 vera
2843 2170 2968 2215 non
3011 2160 3244 2225 essent,
3278 2152 3401 2215 nisi
3448 2172 3594 2217 vera
3629 2152 3830 2217 Patris
3873 2172 3976 2214 na-

2478 2258 2620 2313 tura
2677 2257 2845 2313 esset
2903 2250 3179 2315 totaliter
3243 2258 3308 2313 et
3363 2250 3850 2314 indivisibiliter
3911 2251 3974 2311 in

2477 2347 2637 2410 Filio
2673 2364 2687 2409 :
2722 2367 2868 2410 nam
2913 2348 3226 2431 quidquid
3270 2350 3451 2413 Pater
3494 2348 3703 2423 habet,
3747 2357 3852 2413 est
3891 2367 3980 2411 es-

2479 2446 2683 2507 sentia
2731 2445 2890 2528 ejus.
2944 2446 3024 2509 At
3071 2464 3221 2510 vero
3268 2446 3334 2510 in
3386 2447 3635 2510 Psalmo
3678 2446 3920 2510 dicitur
3960 2463 3974 2508 :

2479 2543 2788 2616 Quoniam
2833 2544 2977 2626 quis
3027 2544 3092 2605 in
3141 2544 3426 2607 nubibus
3473 2543 3834 2626 aequabitur
3875 2544 3982 2606 Do·
4005 2566 4220 2610 ramma.

2482 2641 2677 2714 mian,
2711 2641 2942 2704 similis
2972 2642 3097 2704 erit
3125 2643 3184 2705 ei
3223 2643 3286 2705 in
3319 2641 3478 2705 siliis
3507 2642 3665 2705 Dei?
3693 2642 3875 2716 Quod
3902 2642 3978 2705 de
4001 2632 4039 2670 ⁷·

2479 2738 2722 2820 angelis
2752 2740 2958 2822 quoad
2989 2738 3338 2822 perlectam
3369 2740 3864 2803 similitudinem
3896 2740 3983 2801 di-

2482 2844 2655 2899 ctum
2686 2844 2782 2899 est
2816 2855 2829 2899 ε
2865 2838 2959 2899 sic
3003 2838 3177 2901 enirn
3223 2839 3388 2901 nihil
3433 2845 3532 2902 est
3574 2840 3700 2903 Deo
3745 2839 3976 2902 simile.

2481 2936 2676 2999 Filius
2706 2944 2920 2999 autem
2953 2936 3111 3000 dicit
3147 2956 3216 3000 se
3253 2938 3563 3020 aequalem
3595 2938 3786 3013 Patri,
3819 2938 3982 3000 sicut

870 3042 1021 3097 terae
1080 3039 1405 3105 creaturae,
1467 3051 1543 3095 ex
1603 3031 1800 3095 verbo
1855 3032 2139 3115 Apostoli
2198 3034 2365 3113 quod
2405 3030 2546 3097 Cin
2597 3036 2926 3117 evangelio
2976 3036 3238 3099 Ioannis
3285 3036 3523 3099 dieitur
3555 3054 3570 3099 ε
3605 3036 3982 3110 Quaerebant-
4027 3062 4210 3102 Jfflm.

872 3131 949 3193 ad
995 3130 1288 3193 Hebraeos
1340 3130 1627 3193 scribens
1678 3130 1787 3204 ait,
1835 3131 2158 3193 elucescit.
2205 3130 2369 3193 Dicit

873 3229 1047 3294 enim
1109 3246 1123 3291 :
1186 3228 1299 3292 Cui
1367 3228 1529 3291 dixit
1591 3229 1933 3311 aliquando
1995 3230 2368 3310 angelorum

868 3329 1067 3410 (haud
1125 3327 1390 3390 dubium
1453 3327 1609 3409 quin
1669 3329 1834 3391 Deus
1892 3329 2117 3408 Pater),
2173 3328 2366 3390 Filius

874 3445 1053 3489 meus
1084 3445 1150 3489 es
1182 3432 1273 3499 tu,
1308 3443 1424 3507 ego
1454 3426 1641 3489 hodie
1681 3426 1873 3506 genui
1903 3429 2011 3487 te?
2043 3426 2179 3488 Non
2219 3443 2368 3506 crgo

868 3525 1111 3588 ratione
1181 3524 1685 3606 participationis
1743 3525 1977 3588 divinae
2037 3524 2370 3606 perfectio-

867 3624 989 3695 niS,
1024 3621 1260 3685 dieitur
1293 3621 1487 3685 Filius
1520 3623 1631 3685 Dei
1664 3622 1969 3687 Christus.
2008 3624 2083 3686 Et
2114 3624 2166 3686 si
2200 3624 2370 3686 dicat

867 3721 1151 3785 veritatis
1197 3721 1419 3796 hostiS,
1463 3721 1632 3801 quod
1680 3722 1797 3783 iste
1842 3722 2038 3785 Filius
2083 3722 2370 3785 eminen-

866 3820 993 3882 tius
1032 3820 1265 3883 divinae
1306 3818 1719 3900 perfectionis
1761 3820 2078 3902 particeps
2110 3820 2214 3893 sit,
2247 3822 2367 3883 hoc

868 3918 957 3980 nil
1013 3918 1183 3980 facit.
1238 3918 1392 3981 Nam
1453 3926 1515 3980 et
1574 3918 1741 3981 inter
1798 3919 2053 3999 angelos
2112 3919 2367 3982 ordines

868 4024 1039 4091 sunt,
1092 4024 1155 4079 et
1202 4035 1425 4080 omnes
1475 4016 1846 4080 substantiae
1906 4016 2369 4079 intellectuales

870 4124 1173 4198 separatae
1232 4135 1358 4178 una
1416 4116 1660 4178 ratione
1716 4116 2020 4178 dicuntur
2075 4116 2188 4189 dii,
2239 4124 2369 4178 tam

2480 3153 2626 3196 eum
2685 3133 2882 3197 Judaei
2947 3133 3332 3208 interficere,
3384 3136 3538 3217 quia
3594 3153 3717 3198 non
3773 3128 4067 3198 solum¹⁸·

2479 3230 2766 3293 solvebat
2812 3230 3171 3305 sabbatum,
3221 3233 3334 3295 sed
3384 3240 3448 3294 et
3496 3233 3742 3294 Patrem
3793 3252 3981 3295 suum
4081 3220 4090 3227 ’

2478 3329 2730 3392 dicebat
2777 3330 3002 3403 Deum,
3053 3331 3362 3412 aequalem
3413 3349 3482 3393 se
3529 3331 3658 3393 Deo
3713 3330 3977 3393 faciens.

2479 3428 2668 3490 Porro
2699 3428 2777 3491 de
2809 3428 2965 3491 Filio
2997 3428 3286 3510 loquenS,
3309 3429 3400 3491 ait
3429 3429 3980 3511 Apostolu8,quod

2478 3543 2605 3588 non
2647 3526 2934 3608 rapinam
2973 3526 3317 3589 arbitratus
3357 3535 3454 3589 est
3489 3546 3556 3589 se
3594 3545 3736 3591 esse
3775 3546 3980 3609 aequa-
4019 3551 4216 3605 Philippu.

2481 3624 2608 3687 lem
2668 3624 2817 3699 Deo,
2871 3631 2935 3687 et
2993 3624 3162 3706 quod
3223 3624 3305 3687 sit
3365 3625 3574 3706 imago
3633 3625 3980 3689 invisibilis
4005 3620 4174 3721 &som
4197 3686 4218 3714 ·.

2482 3723 2616 3785 Dei.
2653 3722 2726 3785 Et
2771 3729 2842 3784 ut
2879 3724 3173 3786 ostendat
3220 3724 3392 3804 quod
3441 3723 3525 3786 sit
3563 3724 3850 3806 perfecta
3879 3726 3982 3788 Pa·
4011 3746 4068 3784 ιε.

2481 3822 2596 3883 tris
2647 3822 2877 3902 imago,
2931 3829 3128 3884 totam
3173 3829 3502 3903 paternam
3559 3822 3984 3885 substantiam

2484 3921 2669 4002 plene
2714 3920 3282 4002 comprehendens,
3323 3921 3414 3983 ait
3453 3922 3532 3983 ad
3577 3922 3880 3985 Hebraeos
3923 3922 3982 3983 in

2482 4018 2654 4081 hune
2715 4019 2975 4082 modum
3039 4034 3052 4079 :
3106 4018 3223 4092 Qui
3283 4038 3483 4101 quum
3543 4020 3626 4081 sit
3683 4022 3989 4102 splendor
4015 4044 4218 4088 aceras.

2480 4117 2696 4200 gloriae
2733 4124 2798 4180 et
2836 4116 3045 4198 figura
3083 4116 3452 4195 substantiae
3492 4118 3653 4199 ejus.
3691 4119 3804 4183 Est
3841 4138 3988 4201 ergo

870 4215 1223 4277 secundum
1286 4214 1701 4297 philosophos
1759 4233 1950 4295 quam
2018 4214 2365 4296 theologos.
2404 4215 2680 4279 DFilius
2729 4215 3032 4298 perfecta,
3093 4223 3158 4277 et
3206 4232 3332 4279 non
3385 4216 3595 4279 solum
3645 4218 3986 4289 imitativa,

871 4313 987 4375 Hie
1018 4331 1168 4394 ergo
1196 4313 1393 4375 Filius
1438 4312 1701 4395 speciali
1742 4313 1984 4377 ratione
2014 4313 2193 4375 filius
2225 4320 2320 4375 est
2354 4332 2368 4377 ε

872 4418 1119 4493 utputa,
1162 4412 1312 4493 quia
1356 4411 1646 4492 ejusdem
1692 4419 1931 4475 naturae
1976 4430 2123 4473 cum
2171 4413 2368 4475 Patre.

873 4511 1197 4582 Praeterea,
1242 4510 1307 4571 in
1350 4510 1621 4592 epistola
1660 4510 1919 4572 Joannis
1962 4510 2198 4573 dicitur
2243 4528 2256 4573 :
2300 4512 2376 4574 Ut

876 4608 1078 4671 simus
1100 4607 1367 4690 (inquit)
1388 4610 1452 4670 in
1485 4626 1635 4671 vero
1668 4608 1825 4671 Filio
1855 4608 1995 4690 ejus
2024 4610 2170 4672 Jesu
2204 4609 2376 4672 Chri-

876 4714 1013 4785 sto;
1046 4715 1111 4769 et
1151 4713 1367 4788 postea
1402 4725 1416 4769 ε
1452 4707 1563 4769 Hic
1603 4714 1701 4769 est
1730 4726 1919 4770 verus
1950 4708 2116 4770 Deus
2157 4716 2220 4771 et
2250 4708 2378 4771 vita

876 4812 1129 4868 aeterna.
1163 4805 1451 4869 Christus
1494 4824 1643 4886 ergo
1682 4812 1779 4868 est
1819 4824 2005 4869 verus
2038 4806 2148 4869 Dei
2181 4806 2376 4869 Filius

876 4910 939 4964 et
970 4902 1137 4964 Deus
1170 4920 1357 4964 verus
1387 4919 1401 4964 :
1427 4903 1596 4984 quod
1631 4920 1888 4985 prorsus
1923 4903 2153 4967 falsum
2185 4910 2376 4979 esset,

875 4998 999 5061 nisi
1032 4998 1322 5080 ejusdem
1362 5008 1424 5063 et
1462 5001 1724 5082 aequalis
1762 5008 1930 5064 esset
1960 5008 2200 5065 naturae
2231 5021 2380 5065 cum

877 5098 1074 5171 Patre,
1136 5098 1303 5160 sicut
1359 5099 1549 5162 homo
1608 5118 1755 5162 cum
1814 5099 2092 5163 homine.
2146 5101 2384 5166 Natura

875 5204 1090 5259 autem
1123 5196 1317 5259 Patris
1358 5216 1567 5281 neque
1608 5198 1926 5281 partibilis
1969 5218 2177 5283 neque
2222 5202 2383 5264 mul-

2483 4314 2593 4377 sed
2653 4314 2960 4376 naturalis
3018 4314 3229 4395 imago
3285 4315 3485 4377 Patris
3537 4334 3551 4377 :
3603 4316 3774 4398 quod
3827 4317 3989 4379 nulli

2484 4420 2788 4476 ereaturae
2820 4412 3140 4487 convenit,
3170 4413 3338 4475 sicut
3366 4412 3432 4475 in
3465 4413 3675 4495 primo
3703 4422 3768 4479 et
3799 4417 3992 4499 paulo

2484 4520 2636 4574 ante·
2674 4511 3009 4593 probatum
3053 4518 3167 4575 est.

2567 4612 2812 4684 Adhuc,
2847 4610 3136 4674 Christus
3166 4613 3245 4674 de
3275 4630 3342 4675 se
3374 4611 3641 4693 loquens
3671 4614 3783 4687 ait,
3819 4614 3989 4697 quod

2486 4710 2719 4772 Filium
2759 4708 2976 4771 nullus
3020 4710 3198 4773 novit
3239 4710 3364 4772 nisi
3404 4710 3603 4786 Pater,
3631 4730 3850 4794 neque
3889 4714 3990 4777 Pa-
4019 4732 4214 4777 ιιωμ.

2487 4816 2649 4871 trem
2699 4808 2820 4870 nisi
2867 4808 3083 4871 Filius.
3132 4808 3252 4871 Sed
3299 4807 3351 4871 si
3399 4808 3595 4871 Filius
3637 4819 3814 4874 esset
3861 4831 3996 4875 cre-

2488 4914 2690 4982 atura,
2738 4913 2892 4968 tunc
2937 4906 3159 4988 utique
3206 4906 3401 4969 ceteri
3447 4908 3656 4989 angeli
3707 4910 3994 4992 perfecte

2491 5012 2908 5087 agnoscerent
2965 5023 3136 5079 eum,
3190 5023 3392 5087 quum
3449 5004 3644 5069 etiam
3705 5008 3994 5071 divinam

2493 5102 2836 5168 essentiam
2908 5101 3444 5185 contemplentur,
3517 5121 3712 5184 quam
3787 5114 4000 5170 tamen

2491 5218 2618 5265 non
2665 5200 2854 5283 plene
2893 5200 3463 5282 comprehendunt.
3500 5200 3766 5276 RursuS,
3810 5205 3868 5267 si
3907 5224 4000 5268 es·

685 5312 848 5353 artu.
879 5294 1252 5376 tiplicabilis
1300 5302 1417 5370 est,
1466 5295 1632 5359 sicut
1680 5296 1747 5359 in
1798 5297 2006 5379 primo
2054 5307 2383 5363 ostensum
2495 5308 2591 5363 set
2647 5298 2846 5363 Filius
2905 5306 3214 5374 creatura,
3275 5316 3402 5361 non
3459 5311 3838 5381 agnosceret
3897 5305 4000 5369 Pa-
