4300 6259
847 471 970 535 352
1459 491 1540 538 Da
1581 491 1809 538 mmm:
1851 490 2235 538 cumsrurur:
2275 489 2577 547 raucam,
2622 489 2799 537 tiana
2842 492 2881 536 1.
2928 510 3009 520 —
3050 492 3190 538 An'r.
3237 491 3355 539 xcv

849 660 1082 722 raciter
1123 661 1249 723 dici
1296 662 1745 743 intelligenteS,
1792 669 1853 724 et
1902 660 2351 723 universaliter
2378 660 2429 722 A
2538 661 2727 723 Porro
2782 662 3191 724 auctoritates
3250 661 3553 744 quasdam
3602 659 3939 723 Aristotelis

849 759 1355 840 contemplantes
1413 779 1527 842 per
1593 759 2034 840 hujuscemodi
2108 757 2350 820 intelle-

846 863 1041 918 ctum.
1079 858 1244 920 Dicit
1274 859 1506 939 itaque,
1541 859 1707 940 quod
1741 859 1987 940 species
2030 857 2351 919 intellecta

847 955 912 1016 in
953 963 1122 1030 actu,
1169 965 1266 1019 est
1313 956 1516 1019 forma
1566 957 1929 1020 intellectus
1978 954 2348 1038 possibili83

845 1059 908 1114 et
965 1072 1041 1115 ex
1101 1054 1218 1116 bac
1274 1053 1482 1116 forma
1539 1063 1602 1118 et
1662 1054 1989 1118 intellectu
2055 1052 2347 1136 possibili

844 1150 922 1212 fit
982 1152 1452 1232 quodammodo
1511 1171 1746 1224 unum‚·
1796 1152 2148 1215 secundum
2212 1150 2350 1213 Phi-

844 1245 1206 1328 losophum,
1259 1248 1427 1309 sicut
1478 1266 1554 1309 ex
1606 1247 1991 1329 perfectibili
2043 1253 2106 1308 et
2156 1245 2347 1328 perfi-

843 1345 1070 1406 ciente.
1094 1343 1491 1426 Cuicumque
1521 1363 1673 1427 ergo
1703 1344 2113 1428 conjungitur
2143 1345 2349 1407 forma

842 1442 1145 1524 praedicta
1194 1442 1536 1518 intellecta,
1591 1444 1680 1506 illi
1733 1445 1922 1506 etiam
1987 1443 2347 1505 intellectus

844 1540 1168 1622 possibilis
1201 1541 1637 1620 continuatur3
1661 1542 1771 1605 sed
1803 1543 2005 1604 forma
2034 1542 2167 1605 baec
2200 1559 2345 1603 con·

835 1639 1128 1722 jungitur
1152 1640 1336 1703 nobis
1362 1641 1682 1703 mediante
1708 1642 2164 1723 phantasmate,
2182 1641 2345 1722 quod

839 1746 936 1800 est
966 1739 1332 1821 subjectum
1365 1741 1683 1822 quoddam
1717 1739 1936 1803 iormae
1969 1740 2339 1803 intellectae:

2459 759 2717 821 adducit
2754 760 3085 832 AverroeS‚
3126 779 3285 842 quas
3316 777 3442 822 non
3486 766 3735 841 oportet
3772 757 3941 820 intel-

2462 854 2655 936 ligere
2687 856 2854 918 sicut
2886 858 3021 939 ipse
3053 865 3521 920 commentatus
3554 865 3669 920 est.
3706 855 3944 918 Sciebat

2458 962 2669 1016 autem
2701 954 3033 1030 AverroeS,
3056 975 3136 1018 ex
3164 955 3452 1019 doctrina
3478 955 3833 1018 Aristotelis
3862 954 3946 1016 in-

2458 1052 2783 1114 tellectum
2830 1071 2970 1115 esse
3012 1054 3092 1117 ab
3138 1061 3315 1116 extra
3356 1061 3420 1116 et
3458 1071 3583 1116 non
3629 1054 3943 1115 eductum.

2458 1151 2975 1224 RursuS,sciebat
3004 1151 3069 1213 in
3100 1153 3325 1214 eodem
3358 1151 3551 1214 simul
3583 1169 3723 1213 esse
3751 1159 3947 1212 actum

2457 1255 2520 1309 et
2570 1249 2919 1330 potentiam
2954 1266 2968 1310 :
3004 1267 3131 1311 non
3179 1250 3377 1324 enim,
3428 1249 3783 1312 secundum
3824 1248 3946 1310 Ari-

2458 1346 3019 1420 stotelem,animae
3047 1348 3485 1431 temporaliter
3513 1355 3797 1429 praesunt
3824 1364 3947 1409 cor·

2459 1444 2744 1526 poribuS,
2792 1446 2901 1508 sed
2954 1465 3073 1508 nec
3120 1447 3621 1529 transcorporari
3665 1454 3941 1528 possunt.

2456 1543 2655 1623 Igitur
2684 1543 2736 1606 si
2767 1543 3033 1606 dixisset
3072 1544 3571 1608 intellectualem
3610 1543 3945 1606 essentiam

2456 1659 2595 1702 esse
2624 1641 2906 1703 animam
2936 1649 3000 1703 et
3030 1641 3303 1704 formam
3334 1641 3815 1704 substantialem
3848 1641 3949 1704 ho-

2458 1739 2673 1812 miniS,
2737 1748 2993 1803 coactus
3056 1740 3287 1804 fuisset
3350 1741 3689 1804 admittere
3756 1739 3946 1802 creari

841 1837 960 1900 hoc
1016 1855 1166 1918 ergo
1217 1839 1404 1901 modo
1455 1838 1675 1901 unitur
1732 1839 1918 1901 nobis
1979 1839 2343 1900 intellectus
2382 1837 2760 1912 Banimam,
2822 1844 2886 1900 ct
2951 1838 3342 1901 incessanter
3408 1838 3657 1901 animas
3727 1839 3947 1900 multas

841 1935 1187 2017 possibilis.
1240 1937 1387 2010 Quae
1445 1937 1538 1999 sic
1601 1936 2005 1999 manifestare
2055 1943 2338 1998 conatur.

840 2035 1105 2096 Virtutis
1153 2035 1329 2096 enim
1390 2036 1743 2116 cogitativa}
1803 2043 1900 2098 est
1952 2035 2345 2116 distinguere

841 2139 904 2195 et
945 2133 1021 2194 ad
1069 2133 1345 2195 invicem
1395 2151 1765 2215 comparare
1817 2134 2201 2197 intentiones
2253 2133 2344 2194 in-

841 2231 1218 2305 dividualeS,
1271 2232 1438 2294 sicut
1494 2241 1558 2294 et
1604 2240 1932 2314 separatus
1983 2232 2344 2294 intellectus

841 2338 1171 2412 comparat
1197 2339 1262 2393 et
1289 2330 1628 2412 distinguit
1666 2331 2050 2394 intentiones
2094 2331 2345 2393 univer-

841 2429 1024 2491 sales.
1074 2429 1232 2502 Quia
1275 2429 1469 2511 igitur
1512 2447 1628 2511 per
1674 2429 1838 2490 banc
1885 2429 2185 2491 virtutem
2240 2447 2340 2492 co-

838 2527 1169 2608 gitativam
1228 2547 1356 2590 una
1415 2546 1562 2590 cum
1626 2527 2036 2608 imaginativa
2092 2536 2157 2590 et
2217 2547 2341 2590 me-

841 2627 1150 2689 morativa
1220 2634 1657 2708 praeparantur
1734 2627 2195 2708 phantasmata,
2272 2635 2343 2689 ut

841 2724 1154 2807 recipiant
1180 2725 1495 2787 actionem
1528 2723 1888 2786 intellectus
1925 2725 2170 2806 agentis
2200 2725 2338 2807 (qui

839 2823 1031 2885 etiam
1063 2823 1416 2885 secundum
1439 2822 1782 2885 Averroem
1805 2831 1868 2884 et
1885 2822 2334 2897 Alexandrum,

838 2928 936 2983 est
977 2920 1330 2982 substantia
1372 2921 1709 3002 separata),
1741 2941 1777 2982 a
1820 2940 1946 3003 qua
1983 2921 2222 2984 babent
2270 2929 2339 2982 ut

837 3019 965 3080 sint
1012 3025 1158 3081 actu
1208 3018 1570 3099 intellecta3
1616 3019 1760 3081 ideo
1807 3019 1941 3082 haec
1992 3020 2193 3082 virtus
2243 3020 2337 3082 di-
2373 3018 2416 3083 C

839 3117 1007 3180 citur
1042 3117 1203 3180 ratio
1249 3118 1649 3199 particularis
1691 3126 1753 3180 et
1792 3118 2153 3181 intellectus
2198 3138 2336 3200 pas-

836 3216 1032 3278 sivus.
1083 3215 1186 3278 Sic
1233 3234 1384 3296 ergo
1430 3216 1677 3298 species
1727 3216 2087 3278 intellectus
2136 3217 2335 3298 possi-

836 3313 986 3376 bilis
1028 3332 1066 3375 a
1111 3313 1660 3395 phantasmatibus
1703 3313 2033 3376 abstractae
2073 3322 2225 3375 sunt
2269 3315 2333 3376 in

837 3412 1062 3475 formis
1105 3412 1358 3474 virtutis
1403 3412 1778 3492 cogitativae,
1826 3419 1888 3474 et
1933 3412 2221 3474 relucent
2270 3413 2335 3475 in

835 3511 929 3572 eis
973 3511 1141 3572 sicut
1185 3511 1248 3571 in
1295 3510 1606 3591 subjecto.

914 3609 1035 3671 Sed
1094 3608 1228 3672 haec
1289 3609 1522 3690 positio
1582 3608 1766 3670 valde
1823 3606 2053 3670 frivola
2110 3615 2206 3671 est
2274 3616 2338 3672 et

836 3707 1239 3770 irrationalis.
1289 3706 1445 3768 Nam
1506 3707 1859 3769 secundum
1920 3726 2083 3781 eam,
2144 3708 2337 3770 homo

837 3824 964 3869 non
1018 3805 1422 3886 intelligeret,
1466 3805 1576 3866 sed
1622 3804 2084 3885 intelligeretur
2127 3806 2335 3868 solum

834 3924 871 3966 a
918 3905 1028 3967 tali
1078 3904 1430 3978 intellectu,
1481 3903 1785 3986 quoniam
1834 3905 2081 3986 species
2130 3913 2194 3966 et
2244 3905 2338 3966 in-

834 4003 1151 4065 tentiones
1191 4003 1584 4065 universales
1625 4021 1751 4064 non
1791 4011 1941 4064 sunt
1978 4003 2102 4065 nisi
2141 4004 2205 4064 in
2249 4002 2339 4064 in-

835 4101 1093 4163 tellectu
1139 4100 1432 4183 possibili
1472 4118 1485 4162 :
1524 4101 1635 4182 qui
1673 4101 1774 4180 (ut
1809 4099 1966 4162 dicit
1999 4102 2339 4183 Averrocs)

2457 1936 2656 1998 creari
2693 1954 2706 1997 ε
2732 1937 2902 2018 quod
2934 1937 3282 2000 concedere
3314 1938 3584 2012 horruit,
3616 1937 3947 2020 increpans

2455 2042 2582 2095 tres
2613 2042 2817 2096 sectas
2857 2055 3000 2117 quae
3040 2037 3424 2099 creationem
3458 2035 3829 2111 admittunt,
3860 2045 3947 2097 ut-

2456 2139 2601 2214 pote
2660 2133 3092 2209 Hebraeorum,
3153 2134 3660 2198 Christianorum
3720 2142 3785 2197 et
3838 2135 3947 2198 Ma·

2456 2229 2965 2293 hometistarum.

2832 2490 3323 2556 ARTICULUS
3370 2493 3573 2556 XCV.

2448 2634 2544 2692 De
2597 2632 2921 2706 positione
2966 2634 3348 2692 Alexandri
3398 2635 3579 2693 circa
3636 2643 3943 2694 naturam

2808 2722 3047 2781 animae
3090 2729 3151 2780 et
3200 2721 3586 2784 intellectus,

2589 2915 2991 2981 ATIONIBUS
3020 2935 3209 2999 porro
3248 2937 3389 3001 quae
3426 2928 3648 2983 contra
3686 2921 3943 2985 Averro-

2616 3032 2719 3077 em
2760 3014 3035 3078 inductae
3072 3023 3222 3078 sunt
3260 3018 3699 3082 contradicere
3730 3018 3943 3101 nequi-

2446 3131 2560 3176 ens
2616 3113 2991 3188 Alexander,
3051 3115 3547 3179 intellectualem
3602 3119 3943 3182 essentiam

2444 3213 2606 3274 dixit
2654 3212 2935 3274 hominis
2979 3212 3252 3275 formam
3297 3232 3436 3276 esse
3484 3232 3499 3276 z
3543 3215 3737 3278 aliter
3778 3217 3943 3280 enim

2446 3326 2572 3372 non
2622 3316 2791 3372 esset
2837 3309 3031 3372 homo
3078 3327 3228 3373 vere
3280 3311 3629 3375 rationalis.
3684 3314 3809 3377 Sed
3852 3333 3943 3376 ar-

2444 3407 3034 3488 gumentationibus
3094 3427 3236 3489 quae
3283 3428 3479 3492 supra
3527 3412 3758 3492 positae
3804 3419 3944 3475 sunt
3980 3429 4169 3468 „mm

2446 3506 2524 3568 de
2583 3505 3119 3568 immaterialitate
3176 3515 3241 3569 et
3284 3508 3641 3572 elevatione
3706 3493 4049 3573 intelle-‘⁴⁵‘

2445 3611 2608 3678 ctuS,
2660 3622 2786 3666 non
2846 3605 3187 3687 acquievit.
3251 3606 3421 3668 Dixit
3488 3608 3707 3690 itaque
3764 3610 3943 3672 ratio-

2447 3703 2656 3765 nalem
2704 3702 2986 3765 animam
3036 3703 3433 3768 materialem
3490 3724 3632 3768 esse
3692 3715 3757 3770 et
3812 3709 3945 3770 bar·

2447 3800 2766 3864 monicam
2797 3800 3093 3875 formam,
3126 3809 3191 3862 et
3231 3802 3309 3864 de
3352 3803 3637 3884 potentia
3668 3805 3945 3868 materiae

2445 3900 2759 3961 eductam.
2814 3899 2988 3961 Unde
3036 3899 3230 3962 ctiam
3280 3902 3593 3964 concessit
3640 3921 3787 3967 eam
3844 3905 3945 3966 de·

2446 3997 2871 4060 structibilem
2903 3996 3055 4060 fore.
3093 3998 3466 4061 Rationibus
3497 4019 3783 4083 namque
3810 4022 3946 4084 quae

2447 4097 2511 4157 in
2543 4095 2813 4158 articulo
2852 4097 3265 4176 nonagesimo
3296 4097 3483 4160 tertio
3511 4098 3751 4164 habitae
3780 4107 3942 4172 sunt,

834 4199 1186 4261 secundum
1245 4217 1384 4260 esse
1433 4206 1763 4279 separatur
1810 4197 1890 4260 ab
1941 4199 2222 4274 homine,
2275 4207 2338 4261 et
2368 4195 2417 4256 D
2446 4203 2701 4258 coactus
2757 4202 2854 4256 est
2908 4195 3121 4257 dicere
3168 4196 3512 4259 essentiam
3568 4207 3943 4280 perpetuam

833 4296 1021 4377 cujus
1065 4295 1349 4378 operatio
1395 4296 1820 4377 intelligibilis
1863 4304 2076 4358 manet
2122 4297 2187 4358 in
2236 4315 2330 4359 eo.

834 4395 1075 4468 Denuo,
1132 4412 1258 4456 non
1318 4402 1486 4456 esset
1540 4395 1732 4456 homo
1789 4402 2029 4458 naturae
2089 4395 2335 4458 intelle-

835 4493 1061 4554 ctualis
1108 4493 1461 4554 secundum
1511 4511 1674 4564 eam,
1723 4511 1930 4574 neque
1975 4512 2090 4574 per
2132 4511 2201 4554 se
2245 4511 2336 4555 ra-

831 4591 1106 4654 tionalis.
1142 4591 1260 4654 Sed
1294 4590 1595 4672 quoniam
1630 4599 1848 4653 contra
1887 4590 2048 4653 hanc
2087 4591 2335 4673 opinio-

832 4708 981 4753 nem
1014 4689 1387 4772 plenissime
1416 4688 1810 4770 disputatum
1843 4696 1936 4750 est
1965 4688 2046 4751 ab
2076 4689 2338 4754 Alberto

832 4796 897 4851 et
953 4788 1214 4862 Thoma,
1265 4794 1328 4849 et
1388 4787 1718 4868 potissime
1776 4786 1856 4848 ab
1901 4787 2171 4868 AEgidio,
2224 4789 2333 4870 qui

829 4887 1074 4967 judicio
1106 4904 1248 4949 meo
1287 4885 1656 4967 opinionem
1702 4893 2066 4966 praetactam
2107 4886 2335 4948 ceteris

833 4984 1134 5046 subtilius
1179 4983 1485 5061 destruit3
1518 4983 1660 5044 ideo
1708 5001 1822 5064 pro
1871 4984 2165 5064 praesenti
2208 4983 2337 5045 suf-

831 5083 1058 5145 ficiant
1102 5081 1580 5165 reprobationes
1619 5081 1760 5161 ejus
1800 5080 1924 5144 illae
1963 5101 2104 5163 quae
2144 5082 2335 5163 paulo

831 5189 1000 5254 ante,
1037 5181 1307 5242 articulo
1351 5178 1762 5259 nonagesimo
1803 5180 2106 5254 secundo,
2142 5198 2333 5262 pone-

836 5278 1088 5342 bantur.

2446 4300 2509 4355 et
2546 4293 3012 4376 incorporalem
3040 4301 3233 4375 atque
3272 4294 3337 4356 in
3378 4313 3447 4356 se
3482 4301 3783 4370 stantem,
3816 4297 3947 4361 nul·

2449 4392 2693 4454 latenus
2734 4409 2919 4473 posse
2960 4393 3243 4455 materiae
3280 4393 3709 4457 entelechiam
3749 4395 3942 4459 effici.

2447 4491 2687 4564 Denuo,
2757 4491 3153 4554 intellectum
3222 4501 3514 4573 agentem
3582 4494 3752 4556 dixit
3814 4513 3947 4558 esse

2447 4589 2935 4670 intelligentiam
2998 4591 3407 4654 irradiantem
3460 4611 3653 4674 supra
3708 4593 3949 4657 intelle-

2446 4695 2620 4750 ctum
2666 4687 3064 4770 possibilem,
3098 4688 3209 4770 qui
3250 4690 3605 4753 secundum
3644 4709 3825 4766 cum,
3858 4700 3951 4756 est

2446 4787 2511 4849 in
2570 4786 2778 4860 nobis,
2830 4795 2893 4849 et
2946 4795 3045 4848 est
3101 4788 3478 4869 praeparatio
3535 4797 3785 4854 naturae
3842 4791 3951 4852 bu-

2447 4902 2649 4947 manae
2694 4884 2770 4946 ad
2818 4883 3261 4965 recipiendum
3311 4884 3532 4948 lumen
3581 4885 3949 4950 intellectus

2442 4982 2707 5063 agentis.
2742 4981 2911 5043 Dixit
2942 4983 3140 5055 enim,
3173 4983 3344 5064 quod
3384 4982 3685 5046 nobiliori
3731 4985 3949 5048 formae

2443 5081 2713 5143 debetur
2744 5079 3017 5143 nobilior
3050 5080 3328 5142 materia.
3348 5081 3521 5144 Unde
3552 5084 3706 5164 quia
3736 5085 3949 5146 anima

2442 5180 2723 5242 humana
2752 5179 2817 5240 in
2854 5177 3190 5241 ordinibus
3231 5177 3581 5243 formarum
3622 5181 3945 5245 inferioris

2446 5278 2668 5341 mundi
2726 5275 3129 5340 nobilissima
3184 5283 3303 5352 est,
3353 5277 3494 5359 ejus
3542 5280 3815 5344 materia
3866 5281 3943 5344 ad
