4300 6259
902 460 1025 525 458

1534 480 1613 527 ΒΕ
1652 480 1879 528 LmnNss
1920 479 2304 527 cnmsTlANAE
2343 480 2645 540 ’ramma-2,
2687 482 2864 529 LIBER
2905 483 2970 529 11.
3015 500 3095 511 -
3135 483 3275 529 ΛΒΤ.
3320 483 3398 529 Lx

904 648 1305 713 intellectum
1348 652 1595 714 cunctis
1640 651 2071 715 intellectibus
2114 651 2406 715 sublimi·
2435 652 2488 717 A
2519 652 2809 717 videatur
2837 661 2902 717 et
2937 654 3294 717 secundum
3333 672 3401 717 se
3430 661 3654 727 totum,
3681 673 3862 736 quum
3895 655 3968 717 sit

904 766 1083 811 orem
1112 749 1435 812 exsistere.
1470 750 1606 813 Non
1638 768 1787 832 ergo
1820 770 2001 813 mens
2031 757 2262 825 creata,
2295 751 2406 813 sed

905 848 1164 910 divinus
1205 849 1532 912 dumtaxat
1575 850 1939 913 intellectus
1984 850 2268 913 divinam
2314 868 2407 913 es-

906 946 1177 1009 sentiam
1224 949 1767 1030 comprehendere
1809 950 1998 1012 valet.

984 1044 1310 1119 Praeterea,
1361 1048 1529 1129 quod
1588 1047 1669 1109 ab
1730 1048 2057 1111 intellectu
2116 1065 2406 1130 compre-

906 1143 1230 1219 henditur,
1266 1144 1617 1208 intellectui
1662 1146 1757 1208 illi
1798 1147 2061 1209 finitum
2100 1156 2198 1209 est
2231 1164 2244 1210 :
2277 1165 2404 1209 non

905 1242 1081 1304 enim
1130 1244 1378 1306 excedit
1425 1244 1732 1308 terminos
1781 1246 2402 1327 comprehendentis

907 1340 1135 1403 Divina
1190 1350 1405 1405 autem
1464 1342 1817 1406 substantia
1873 1344 2114 1406 nullius
2181 1351 2406 1407 creatae

908 1440 1143 1501 mentis
1190 1440 1540 1523 capacitate
1587 1442 1832 1516 finitur,
1880 1443 1991 1505 sed
2039 1444 2257 1506 omnia
2297 1461 2405 1505 su-

907 1538 1383 1620 pereminenter
1421 1540 1829 1603 transcendit.
1866 1540 2268 1623 Impossibile
2311 1548 2408 1603 est

906 1653 1058 1716 ergo
1106 1645 1461 1699 creaturam
1510 1638 1803 1701 divinum
1851 1639 2068 1702 lumen
2118 1658 2407 1722 compre-

905 1734 1208 1805 hendere,
1253 1736 1423 1817 quod
1468 1754 1727 1817 prorsus
1771 1737 2402 1820 incircumscriptum

2517 753 2884 815 omnimode
2928 752 3322 835 impartibile
3362 759 3428 815 et
3467 752 3745 835 simplex.
3775 753 3965 826 Porro,

2518 869 2714 932 quum
2749 870 2826 914 ex
2847 852 2959 913 Dei
2991 851 3240 914 visione
3267 857 3400 914 tota
3430 850 3603 913 illius
3633 870 3968 933 supermun-

2515 950 2694 1012 danae
2723 949 2884 1012 aulae
2914 949 3114 1030 gloria
3145 956 3466 1021 nascatur,
3497 948 3552 1011 si
3593 962 3755 1011 mens
3781 957 3968 1012 creata

2517 1049 2716 1110 Deum
2755 1049 3341 1131 comprehenderet,
3373 1048 3704 1111 assimilari
3737 1066 3971 1133 prorsus

2515 1147 2840 1209 videretur
2881 1148 3113 1211 divinae
3155 1147 3372 1228 gloriae
3421 1163 3435 1208 :
3483 1148 3651 1227 quod
3687 1166 3814 1211 esse
3857 1166 3970 1211 non

2519 1252 2742 1327 potest.

2921 1510 3409 1577 ARTICULUS
3457 1512 3602 1576 LX.

2517 1661 2700 1727 Quod
2744 1660 2954 1718 creati
2999 1660 3366 1720 intellectus
3412 1663 3538 1720 etsi
3582 1662 3860 1721 divinam
3901 1678 3980 1717 es-

2595 1750 2872 1807 sentiam
2902 1753 3445 1824 contemplentur,
3479 1770 3604 1810 non
3636 1758 3838 1809 tamen
3863 1768 3978 1807 om-

907 1839 1023 1894 est.
1074 1833 1391 1915 AmpliuS,
1440 1833 1561 1897 hoc
1616 1835 2180 1917 comprehenditur
2234 1836 2404 1917 quod
2439 1840 2488 1903 B
2597 1839 2714 1897 m‘a
2751 1847 3102 1913 aqnoscant
3139 1858 3286 1917 quae
3324 1841 3398 1899 in
3443 1842 3564 1899 illa
3603 1840 3979 1915 comprehen-

906 1936 1037 1991 tam
1072 1930 1354 2012 perfecte
1384 1932 1749 2012 agnoscitur
1778 1932 1943 1995 sicut
1974 1933 2405 2014 cognoscibile

908 2035 1024 2090 est.
1058 2028 1353 2092 Divinam
1384 2038 1593 2093 autem
1634 2029 1971 2093 essentiam
2018 2031 2194 2093 nulla
2225 2050 2406 2094 mens

908 2134 1037 2188 tam
1100 2128 1287 2208 plene
1343 2136 1603 2211 tamque
1666 2128 1943 2211 perfecte
2001 2129 2177 2192 videt
2241 2130 2408 2192 sicut

906 2225 1183 2287 visibilis
1233 2234 1349 2299 est,
1397 2228 1520 2289 nisi
1576 2246 1753 2289 mens
1806 2228 2031 2310 prima,
2079 2229 2297 2291 divina
2343 2237 2409 2292 et

908 2323 1207 2385 increata.
1260 2324 1484 2387 Altiori
1545 2344 1821 2407 namque
1865 2327 2166 2407 potentiae
2209 2327 2406 2390 subli-

910 2422 1075 2485 mior
1139 2424 1422 2505 operatio
1479 2424 1901 2487 adscribenda
1966 2434 2078 2488 est.
2144 2426 2407 2489 Divinus

906 2528 1121 2583 autem
1154 2521 1515 2584 intellectus
1544 2529 1641 2585 est
1672 2521 1812 2586 fons
1844 2524 2052 2587 omnis
2085 2525 2406 2606 potentiae,

906 2618 1111 2681 virtus
1172 2619 1503 2693 virtutum,
1555 2628 1619 2683 et
1669 2621 1863 2683 totius
1921 2630 2162 2685 naturae
2209 2623 2404 2704 origo.

905 2718 1049 2800 lpse
1090 2736 1240 2799 ergo
1285 2725 1531 2781 tantum
1574 2720 1859 2784 divinam
1902 2729 2194 2783 naturam
2240 2740 2409 2785 com-

912 2816 1268 2897 prehendit.

988 2914 1232 2987 Adhuc,
1265 2934 1631 2997 quanquam
1673 2927 1885 2980 creato
1926 2918 2278 2981 intellectui
2318 2918 2412 2981 di-

2597 1930 2878 1997 duntur,
2911 1931 3324 2003 resplendent
3361 1938 3422 1989 et
3461 1930 3675 1989 videri
3703 1936 3976 2005 possunt.

2643 2128 2864 2203 ORRO,
2895 2149 2970 2192 ex
3011 2130 3112 2192 his
3155 2150 3300 2213 quae
3335 2132 3416 2194 de
3458 2131 3856 2214 simplicitate
3882 2129 3978 2191 Dei

2663 2230 2727 2290 in
2766 2229 2974 2311 primo
3013 2230 3444 2293 demonstrata
3479 2238 3646 2304 sunt,
3673 2229 3872 2313 palam
3899 2236 3982 2290 est
4003 2248 4115 2285 aaz.

2516 2328 2818 2390 virtutem
2871 2326 2980 2390 Dei
3030 2336 3094 2390 et
3151 2329 3492 2391 essentiam
3555 2330 3696 2410 ejus
3751 2326 3984 2411 penitus

2520 2424 2926 2488 identificari.
2986 2425 3534 2499 Quemadmodum
3595 2427 3782 2507 igitur
3832 2442 3985 2486 nunc

2519 2542 2596 2586 ex
2641 2522 2960 2586 infinitate
3003 2523 3237 2587 divinae
3276 2524 3649 2587 substantiae
3687 2532 3984 2587 ostensum

2520 2629 2637 2695 est,
2699 2631 3184 2704 supersanctum
3243 2623 3447 2686 Deum
3515 2622 3692 2685 omni
3753 2638 3988 2703 prorsus

2521 2727 2746 2783 creata)
2805 2720 3240 2800 intelligentiae
3299 2717 3988 2802 incomprehensibilem

2519 2819 2696 2897 fore3
2730 2817 2821 2880 sic
2852 2836 2929 2880 ex
2963 2817 3282 2881 infinitate
3320 2818 3558 2881 divinae
3595 2816 3843 2881 virtutis
3877 2832 3986 2877 non

2520 2916 2642 2979 erit
2668 2915 2940 2978 difficile
2972 2916 3395 2989 introducere,
3428 2917 3601 2997 quod
3632 2916 3840 2979 nullus
3873 2932 3988 2975 cre-

909 3012 1059 3074 vina
1116 3015 1390 3075 essentia
1440 3014 1639 3078 instar
1697 3016 2122 3098 intelligibilis
2173 3018 2408 3099 speciei
2447 3015 2491 3080 C
2517 3022 2661 3077 atus
2693 3013 3056 3077 intellectus
3086 3014 3363 3077 videndo
3395 3016 3622 3087 Deum,
3655 3014 3860 3077 videat
3891 3030 3988 3075 seu

910 3111 1267 3193 copuletur,
1315 3113 1435 3175 hoc
1482 3120 1697 3177 tamen
1747 3132 1874 3177 non
1924 3116 2236 3197 contingit
2287 3117 2410 3179 nisi

909 3210 1262 3273 secundum
1320 3211 1805 3293 dispositionem
1868 3214 2412 3297 capacitatemque

908 3307 1105 3369 creati
1156 3308 1536 3371 intellectus
1589 3311 1830 3391 Indiget
1879 3311 2175 3392 equidem
2231 3332 2411 3375 mens

911 3413 1118 3467 creata
1149 3406 1381 3470 divinae
1414 3408 1713 3470 bonitatis
1757 3408 2097 3472 influentia
2136 3411 2409 3492 quadam

912 3503 1279 3579 confortari,
1344 3514 1413 3567 ut
1470 3507 1546 3568 ad
1606 3506 2053 3587 hujuscemodi
2103 3509 2409 3571 unionem

911 3601 1217 3677 elevetur,
1267 3623 1459 3685 quam
1508 3604 1767 3685 quidam
1815 3606 2142 3687 appellant
2186 3607 2410 3669 infusi-

912 3718 1100 3763 onem
1163 3702 1426 3763 luminis
1475 3702 1691 3783 gloriae
1747 3720 1760 3764 :
1813 3704 1892 3765 de
1940 3722 2066 3785 quo
2115 3704 2242 3768 cito
2291 3706 2413 3767 erit

910 3799 1202 3862 verbum.
1256 3800 1817 3883 Qualitercumque
1875 3810 2088 3865 autem
2148 3823 2262 3885 per
2323 3803 2413 3865 lu-

914 3918 1063 3960 men
1092 3898 1311 3979 gloriae
1350 3908 1742 3981 praeparetur
1773 3901 1852 3962 ad
1886 3902 2410 3982 praenominatam

910 3998 1232 4079 copulam,
1268 4016 1522 4078 semper
1550 3997 1688 4077 ejus
1718 3998 2037 4080 capacitas
2076 3998 2262 4061 finita
2291 4008 2405 4062 est.

911 4096 1047 4159 Non
1089 4113 1239 4177 ergo
1282 4095 1826 4177 comprehendere
1868 4105 2075 4178 potest
2117 4098 2410 4160 divinum

2520 3111 2738 3175 videre
2788 3112 2988 3193 possit
3036 3130 3460 3194 quaecumque
3509 3112 3576 3173 in
3629 3113 3764 3194 ipso
3808 3109 3988 3171 videri

2521 3218 2786 3293 queunt,
2831 3210 2959 3273 imo
3003 3217 3066 3272 et
3109 3210 3427 3284 videntur,
3460 3230 3497 3272 a
3533 3210 3754 3273 divina
3793 3208 3988 3289 utique

2521 3309 3038 3391 supermundana
3071 3317 3301 3371 mente.
3335 3309 3550 3371 Virtus
3583 3326 3856 3390 namque
3887 3306 3992 3367 sic-

2523 3415 2592 3469 ut
2620 3415 2684 3470 et
2717 3407 3016 3489 potentia,
3049 3406 3494 3469 habitudinem
3530 3426 3605 3470 ac
3644 3406 3990 3469 relationem

2522 3506 2860 3587 quamdam
2909 3505 3064 3568 dicit
3105 3505 3182 3567 ad
3225 3505 3422 3579 aliud,
3463 3504 3714 3567 scilicet
3753 3504 3830 3567 ad
3867 3520 3994 3584 ope-

2521 3604 2786 3667 rabilia:
2812 3604 3017 3665 virtus
3049 3622 3328 3684 namque
3359 3622 3472 3665 seu
3501 3604 3710 3666 activa
3739 3601 3992 3685 potentia

2521 3702 2777 3776 dicitur,
2797 3702 3152 3764 secundum
3181 3702 3608 3775 Aristotelem,
3627 3700 3992 3784 principium

2520 3801 2986 3863 transmutandi
3055 3799 3250 3862 aliud.
3313 3799 3620 3880 Ejusdem
3679 3801 3868 3881 igitur
3915 3816 3994 3859 ra-

2520 3900 2714 3962 tionis
2757 3907 2854 3961 est
2897 3898 3442 3980 comprehendere
3487 3900 3790 3962 virtutem
3833 3905 3892 3960 et
3933 3914 3994 3957 ea

2525 4000 2588 4061 in
2629 4018 2771 4080 quae
2811 4004 3035 4080 potest.
3086 3996 3207 4059 Sed
3249 3996 3534 4059 divinam
3576 3998 3898 4069 virtutem,
3923 3994 3994 4057 ob

2522 4116 2648 4159 suae
2694 4094 3107 4178 perfectionis
3151 4094 3774 4177 incircumscriptam
3819 4093 3995 4177 pleni-

912 4194 1335 4275 intelligibile.
1375 4194 1632 4257 Constat
1663 4194 1857 4275 igitur
1885 4215 1922 4258 a
1956 4203 2167 4259 creata
2199 4204 2410 4259 mente
2443 4200 2492 4261 D
2521 4195 2834 4268 tudinem,
2871 4212 3052 4256 mens
3084 4201 3292 4256 creata
3320 4193 3860 4276 comprehendere
3887 4210 3996 4254 non

912 4292 1112 4354 Deum
1150 4292 1604 4373 comprehendi
1647 4310 1774 4355 non
1809 4310 2014 4374 posse,
2050 4313 2251 4376 quum
2282 4312 2410 4357 non

914 4391 1267 4452 secundum
1327 4398 1533 4453 totum
1592 4409 1779 4472 posse
1839 4392 2073 4455 divinae
2121 4393 2411 4456 essentiae

914 4488 1052 4569 ipsa
1093 4508 1130 4550 a
1168 4497 1457 4551 creatura
1496 4489 1934 4571 participetur.
1969 4492 2047 4553 At
2080 4509 2252 4566 vero,
2288 4492 2410 4553 vir-

911 4596 1015 4651 tus
1065 4588 1251 4650 finita
1299 4588 1363 4649 in
1414 4588 1662 4650 actione
1714 4607 1849 4661 sua,
1900 4590 2235 4670 adaequare
2285 4608 2410 4653 non

911 4694 1121 4769 potest
1149 4685 1473 4766 objectum
1508 4685 1859 4748 infinitum.
1897 4687 2156 4751 Creatus
2196 4696 2409 4751 autem

913 4783 1275 4846 intellectus
1319 4783 1780 4845 determinatus
1825 4792 1921 4845 est
1961 4785 2037 4847 ad
2088 4803 2290 4865 genus
2338 4804 2411 4847 ac

911 4882 1217 4963 speciem,
1291 4888 1354 4943 et
1423 4880 1927 4964 circumscriptae
2000 4883 2412 4965 perfectionis

911 4989 1025 5043 est.
1082 4979 1381 5042 Divinum
1439 4988 1654 5043 autem
1716 4980 2143 5063 intelligibile,
2205 5001 2412 5064 neque

912 5078 1114 5141 finitae
1163 5077 1573 5160 perfectionis
1621 5086 1738 5152 est,
1790 5098 1999 5161 neque
2058 5080 2122 5142 in
2182 5099 2412 5162 genere

912 5184 1023 5239 aut
1061 5176 1295 5258 specie.
1330 5176 1922 5258 comprehensibile
1962 5196 2111 5260 ergo
2151 5196 2276 5241 non
2319 5187 2416 5241 est

914 5274 993 5337 ab
1029 5274 1252 5337 electis
1287 5275 1609 5339 mentibus
1644 5293 1657 5338 :
1692 5276 1988 5359 quamvis
2033 5276 2100 5339 in
2140 5278 2417 5341 essentia

2523 4292 2708 4356 valet.
2753 4292 2971 4374 Neque
3009 4310 3158 4372 ergo
3198 4292 3414 4354 omnia
3451 4294 3735 4373 agnoscit
3775 4312 3907 4376 quae
3943 4291 3996 4352 in

2523 4392 2651 4454 Deo
2701 4390 2904 4453 videri
2956 4398 3217 4472 queunt.
3274 4388 3501 4452 Omnia
3547 4391 3720 4453 enim
3783 4392 3846 4453 in
3889 4390 4001 4451 Deo

2522 4490 2864 4572 splendent
2903 4495 2966 4551 et
3001 4506 3131 4551 suae
3171 4487 3298 4550 luci
3349 4496 3566 4569 patent
3605 4488 3670 4551 in
3703 4509 3845 4571 quae
3883 4489 4000 4571 ipsa

2522 4588 2662 4669 ejus
2707 4587 2910 4649 virtus
2955 4594 3180 4668 potest.

2603 4687 2930 4758 Praeterea‚
2965 4683 3286 4766 quantitas
3325 4690 3390 4745 et
3428 4684 3740 4765 perfectio
3770 4684 4002 4747 virtutis

2521 4785 2870 4847 attenditur
2907 4782 3260 4845 secundum
3297 4800 3374 4845 ea
3412 4782 3476 4844 in
3516 4802 3660 4865 quae
3698 4791 3916 4865 potest.
3947 4782 3999 4843 Si

2523 4882 2717 4964 igitur
2744 4882 2891 4964 quis
2917 4888 3215 4963 agnoscat
3243 4881 3555 4963 quidquid
3584 4882 3792 4945 virtus
3817 4882 4004 4963 aliqua

2523 4982 2787 5046 efficere
2826 4988 3052 5063 potest,
3087 4988 3238 5041 tunc
3284 4980 3568 5062 profecto
3607 4981 3906 5045 virtutem
3942 4980 4000 5042 il-

2526 5080 2648 5143 lam
2703 5078 3207 5161 comprehendit.
3253 5076 3592 5140 Ostensum
3641 5088 3740 5142 est
3787 5088 3998 5147 autem,

2524 5196 2652 5241 non
2697 5176 2834 5240 fore
2882 5176 3168 5238 divinam
3218 5175 3522 5238 virtutem
3573 5178 3806 5241 creatis
3849 5175 4003 5240 intel·

2528 5276 2801 5341 lectibus
2829 5273 3498 5359 comprehensibilem.
3531 5274 3663 5339 Nec
3699 5294 3850 5361 ergo
3883 5274 4005 5339 uni-
