4300 6259
930 490 1011 537 DE
1049 491 1279 537 1.thss
1323 490 1707 537 CHRISTIANAE
1746 490 2048 549 mmmm,
2090 493 2268 541 num
2311 494 2374 539 11.
2419 512 2498 523 -
2541 496 2682 541 Aur.
2729 495 2853 541 XXX

3313 474 3434 541 423

338 656 682 740 probatum
712 666 825 721 est.
856 659 1123 721 Videtur
1160 677 1311 741 ergo
1350 678 1477 723 non
1522 678 1705 743 posse
1746 660 1837 722 di·
1866 660 1919 723 A
2025 662 2351 738 Praeterea,
2397 681 2586 727 omne
2633 664 3080 727 correlativum
3123 664 3440 746 dependet

338 756 491 819 vina
518 758 794 821 essentia
824 758 1286 821 communicari
1320 758 1477 821 Filio
1507 760 1675 821 sicut
1705 777 1841 841 per-

342 873 509 919 sonae
559 855 793 919 divinae
841 876 878 919 a
925 857 1104 918 Patre
1160 857 1638 939 suppositaliter
1696 875 1838 919 con-

340 954 677 1027 distinctae,
720 962 791 1016 ut
827 953 1139 1017 Sabellius
1184 954 1476 1029 dicebat3
1516 964 1627 1017 aut
1666 956 1837 1038 quod

344 1052 536 1115 Filius
594 1070 723 1116 non
780 1052 866 1115 sit
919 1071 1109 1116 verus
1168 1054 1356 1126 DeuS,
1418 1053 1585 1116 sicut
1650 1054 1837 1116 Arius

338 1150 561 1214 aiebat.

414 1250 729 1332 AmpliuS,
772 1250 827 1313 si
870 1250 1049 1313 Pater
1096 1258 1161 1312 et
1200 1249 1398 1313 Filius
1440 1258 1591 1313 sunt
1632 1270 1833 1313 unum

338 1348 400 1410 in
440 1349 717 1411 essentia
756 1356 819 1411 ct
860 1349 985 1411 duo
1025 1349 1377 1431 supposita,
1408 1356 1565 1411 tunc
1607 1357 1837 1431 praeter

336 1448 677 1510 essentiam
750 1447 1009 1528 utrique
1077 1463 1513 1520 communem,
1575 1466 1835 1509 neeesse

336 1552 430 1607 est
460 1563 695 1626 ponere
739 1546 1128 1627 principium
1171 1545 1621 1608 distinctionis.
1658 1546 1833 1619 Quod

336 1644 571 1705 etenim
615 1644 873 1725 utrique
918 1660 1261 1705 commune
1306 1652 1424 1715 est,
1460 1662 1668 1725 neque
1713 1642 1835 1705 dis-

338 1742 663 1804 tinctionis
694 1760 903 1823 neque
944 1741 1469 1804 individuationis
1502 1750 1709 1823 potest
1738 1759 1831 1804 es-

1946 778 1983 821 a
2012 778 2127 823 suo
2159 762 2448 837 relativo,
2481 770 2546 825 et
2574 770 2852 826 econtra.
2886 763 3063 836 Quod
3104 770 3318 824 autem
3360 760 3442 823 ab

1944 858 2069 922 alio
2100 860 2441 941 dependet,
2475 879 2601 924 non
2635 868 2730 923 est
2760 880 2949 923 verus
2981 862 3164 924 Deus.
3201 860 3266 923 Si
3293 876 3446 940 ergo

1945 957 2124 1019 Pater
2173 966 2237 1021 et
2284 958 2482 1021 Filius
2532 958 2796 1021 relative
2855 958 3171 1033 dicantur,
3222 965 3448 1020 neuter

1946 1056 2071 1118 erit
2120 1076 2309 1119 verus
2358 1058 2542 1120 Deus,

2026 1156 2314 1238 Insuper,
2355 1173 2546 1219 omne
2592 1155 2911 1238 recipiens
2955 1162 3052 1218 est
3095 1154 3386 1234 indigens
3428 1171 3441 1215 :

1946 1272 2093 1315 nam
2143 1254 2312 1335 quod
2370 1272 2498 1317 non
2548 1273 2625 1317 ex
2675 1273 2742 1316 se
2793 1253 2954 1336 ips0‚
3005 1253 3116 1315 sed
3165 1252 3445 1315 bonitate

1944 1352 2208 1414 alterius
2253 1351 2567 1428 subsistit,
2598 1354 2720 1416 hoc
2763 1372 2842 1415 ex
2885 1370 2952 1413 se
2995 1349 3300 1431 indigens·
3325 1358 3440 1413 est.

1944 1451 2141 1514 Filius
2190 1460 2404 1514 autem
2454 1470 2530 1515 co
2577 1452 2719 1533 ipso
2773 1468 2900 1534 quo
2947 1450 3166 1523 Filius,
3215 1448 3448 1531 recipit

1944 1569 2083 1611 esse
2104 1569 2142 1612 a
2161 1550 2358 1612 Patre.
2386 1550 2496 1611 Est
2524 1568 2676 1631 ergo
2705 1569 2780 1613 ex
2812 1568 2880 1611 se
2910 1548 3203 1628 indigens
3233 1546 3442 1609 alteri-

1943 1666 2019 1709 us
2064 1664 2077 1708 :
2126 1648 2296 1728 quod
2339 1648 2466 1709 Deo
2515 1664 2642 1709 non
2692 1646 3011 1720 convenit,
3046 1644 3156 1727 qui
3197 1644 3442 1725 simpli-

1942 1744 2103 1807 citer
2138 1745 2463 1827 perfectus
2503 1751 2600 1808 est
2637 1752 2701 1807 et
2743 1764 2942 1827 purus
2984 1752 3186 1817 actu5‚
3220 1762 3442 1807 secun-

336 1858 401 1903 se
430 1839 913 1923 principium.ln
939 1840 1065 1902 Deo
1095 1858 1245 1920 ergo
1275 1848 1371 1903 est
1400 1840 1574 1902 aliud
1608 1848 1835 1923 praeter
1860 1839 1906 1901 B
1943 1843 2097 1905 dum
2127 1844 2482 1907 doctrinam
2515 1844 2706 1926 primi
2737 1842 2903 1905 libri.
2938 1842 3202 1905 Videtur
3232 1842 3446 1924 itaque

337 1938 473 2017 ejus
514 1938 857 2001 essentiam
892 1954 907 2000 τ
941 1938 1109 2019 quod
1159 1938 1391 2000 divinae
1436 1938 1831 2021 simplicitati

339 2054 460 2099 non
506 2036 833 2118 competit,
868 2053 1078 2117 neque
1122 2037 1251 2099 Deo
1290 2054 1441 2099 vero
1482 2044 1545 2097 et
1589 2034 1833 2117 simpli-

337 2134 611 2197 cissimo.
662 2134 724 2197 Si
786 2141 1001 2195 autem
1052 2134 1196 2215 quis
1245 2134 1435 2207 dicat,
1489 2134 1657 2216 quod
1702 2132 1835 2196 sola

338 2232 637 2295 relatione
669 2232 1182 2313 distinguuntur3
1215 2232 1350 2295 haec
1380 2231 1712 2294 diversitas
1744 2250 1835 2293 re-

341 2331 643 2393 lationum
706 2330 1067 2392 necessario
1122 2328 1431 2392 fundatur
1488 2332 1553 2392 in
1618 2330 1835 2411 aliquo

337 2428 623 2492 absoluto
648 2436 795 2491 :aut
824 2444 977 2508 ergo
1006 2427 1073 2490 in
1107 2446 1255 2501 uno,
1280 2427 1383 2491 vel
1416 2429 1481 2489 in
1516 2427 1829 2509 pluribus.

338 2527 395 2589 Si
448 2526 510 2589 in
562 2526 881 2608 pluribuS,
926 2532 1080 2587 tunc
1124 2526 1303 2588 Pater
1350 2534 1415 2588 ct
1464 2526 1659 2587 Filius
1707 2544 1833 2588 non

338 2624 465 2687 sola
494 2624 799 2687 relatione
830 2623 1330 2704 distinguuntur.
1367 2623 1646 2686 Primum
1680 2642 1835 2705 quo-

338 2742 457 2804 que
501 2722 629 2785 dici
674 2739 801 2785 non
849 2728 1077 2805 potest.
1131 2721 1375 2804 Duplex
1420 2740 1697 2803 namque
1740 2740 1833 2783 re-

342 2820 483 2882 latio
528 2822 595 2882 in
638 2820 863 2883 eodem
908 2820 1190 2901 simplici
1237 2819 1490 2881 fundari
1532 2838 1658 2882 non
1700 2826 1835 2902 pot-

340 2927 451 2989 est,
484 2919 608 2982 nisi
638 2920 723 2981 sit
754 2918 979 2981 relatio
1010 2918 1381 2993 identitatis,
1406 2920 1573 2981 sicut
1602 2918 1837 2980 dicitur

1942 1958 2069 2003 non
2108 1960 2248 2003 esse
2287 1941 2627 2003 asserenda
2664 1940 2986 2021 generatio
3027 1941 3089 2001 in
3125 1941 3270 2002 Deo.

2023 2040 2101 2101 At
2130 2056 2304 2113 ver0,
2345 2040 2398 2101 si
2438 2040 2618 2101 Pater
2655 2045 2750 2101 est
2788 2039 2976 2112 DeuS,
3016 2046 3082 2101 et
3120 2038 3315 2099 Filius
3354 2043 3449 2099 est

1945 2138 2144 2214 Deus3
2179 2144 2332 2199 tunc
2365 2155 2626 2201 necesse
2656 2145 2752 2200 est
2781 2138 2982 2200 Deum
3014 2135 3450 2198 substantiali-

1944 2242 2041 2297 ter
2064 2236 2141 2297 de
2163 2235 2341 2297 Patre
2371 2243 2435 2297 et
2465 2235 2623 2298 Filio
2656 2233 3219 2317 praedicari,quum
3249 2233 3449 2295 deitas

1944 2334 2241 2396 accidens
2284 2353 2424 2396 esse
2464 2352 2590 2397 non
2632 2333 2850 2416 possit.
2887 2332 3301 2395 Praedicatum
3341 2350 3448 2393 au-

1944 2440 2075 2495 tem
2126 2432 2564 2505 substantiale,
2608 2439 2706 2495 est
2747 2451 2896 2494 vere
2940 2432 3154 2513 ipsum
3200 2431 3277 2493 de
3320 2447 3450 2512 quo

1944 2530 2198 2592 dicitur.
2225 2530 2486 2603 Quando
2517 2548 2668 2611 ergo
2694 2549 2772 2592 ex
2803 2537 2980 2611 parte
3012 2527 3446 2590 substantialis

1945 2628 2268 2710 praedicati
2299 2636 2396 2690 est
2425 2627 2774 2690 numeralis
2804 2628 3036 2701 unitas,
3069 2644 3196 2689 non
3238 2633 3448 2708 potest

1944 2745 2021 2787 ex
2072 2734 2250 2807 parte
2291 2724 2729 2807 subJectorum
2789 2724 3027 2786 attendi
3089 2721 3438 2805 pluralitas.

1945 2824 2007 2887 Si
2054 2842 2204 2904 ergo
2233 2824 2412 2885 Pater
2449 2830 2514 2885 et
2551 2822 2748 2885 Filius
2779 2822 2908 2885 sint
2949 2823 3089 2885 duae
3133 2837 3440 2902 personae,

1945 2920 2344 3003 impossibile
2388 2920 2642 2982 videtur
2685 2920 2855 3002 quod
2906 2919 2989 2981 sit
3040 2937 3206 2981 unus
3251 2917 3438 2980 Deus,

343 3018 503 3080 idem
545 3018 753 3080 eidem
798 3017 989 3079 idem.
1027 3016 1169 3079 Haec
1210 3034 1361 3079 vero
1399 3015 1833 3079 diversitatem
1864 3015 1907 3079 C
2022 3020 2234 3092 Porro,
2286 3018 2598 3100 quidquid
2659 3019 2826 3080 Deus
2887 3024 3004 3091 est,
3065 3015 3448 3099 simpliciter

342 3134 461 3177 non
506 3116 770 3178 inducit.
808 3115 868 3177 Si
917 3132 1067 3196 ergo
1112 3114 1177 3176 in
1222 3114 1459 3177 divinis
1500 3115 1835 3177 diversitas

343 3214 712 3277 relationum
750 3212 1149 3294 personalem
1180 3212 1655 3275 distinctionem
1687 3231 1837 3295 ope-

342 3320 529 3385 retur,
581 3312 835 3373 videtur
891 3311 1062 3392 quod
1121 3318 1408 3391 oporteat
1465 3310 1835 3393 praeintelli-

340 3428 481 3489 gere
526 3409 1007 3471 distinctionem
1066 3406 1505 3471 absolutorum
1563 3426 1576 3469 :
1630 3416 1693 3471 et
1740 3409 1831 3469 sic

340 3526 459 3571 non
502 3516 666 3571 esset
711 3508 777 3569 in
817 3509 947 3570 Deo
988 3507 1121 3569 sola
1161 3507 1456 3569 essentia.
1492 3506 1831 3570 Enimvero

342 3607 553 3670 relatio
596 3626 721 3689 qua
764 3605 1182 3687 distinguitur
1220 3606 1397 3669 Pater
1434 3624 1471 3667 a
1512 3606 1689 3677 Filio,
1722 3614 1831 3667 aut

342 3714 431 3767 est
475 3725 571 3769 res
613 3705 851 3787 aliqua,
896 3711 1006 3765 aut
1048 3704 1114 3765 in
1159 3704 1295 3767 solo
1340 3703 1665 3767 intellectu
1711 3711 1825 3765 est.

344 3805 696 3869 Secundum
738 3804 865 3866 dici
904 3820 1033 3865 non
1080 3810 1286 3884 potest
1318 3820 1331 3863 :
1368 3804 1457 3865 sic
1498 3804 1669 3865 enim
1702 3821 1827 3865 non

344 3912 502 3965 esset
531 3922 720 3966 causa
752 3901 1105 3985 personalis
1145 3900 1593 3963 distinctionis.
1631 3902 1693 3963 Si
1722 3920 1828 3963 au-

346 4010 467 4063 tem
498 4010 589 4064 est
621 4021 720 4064 res
759 4000 995 4083 aliqua,
1028 4018 1155 4063 non
1199 4007 1405 4082 potest
1438 4018 1578 4063 esse
1618 3999 1832 4061 divina

348 4101 627 4162 essentia.
691 4100 871 4174 Nam,
925 4106 994 4160 ut
1052 4098 1342 4160 habitum
1402 4106 1519 4171 est,
1570 4098 1680 4161 illa
1737 4107 1833 4160 est

1944 3117 2304 3200 perfectum
2361 3124 2475 3179 est.
2531 3116 2594 3179 Si
2655 3134 2804 3197 ergo
2863 3115 3060 3177 Filius
3119 3116 3202 3177 sit
3256 3133 3447 3176 verus

1943 3218 2131 3289 DeuS,
2166 3225 2320 3278 tunc
2363 3233 2624 3278 necesse
2669 3222 2765 3277 est
2807 3232 3067 3277 omnem
3111 3212 3445 3295 perfectio-

1941 3333 2090 3376 nem
2130 3315 2188 3376 ei
2231 3314 2592 3376 convenire.
2629 3313 2889 3376 Summa
2933 3321 3146 3375 autem
3190 3318 3254 3373 et
3289 3310 3445 3374 emi-

1942 3412 2319 3475 nentissima
2363 3410 2674 3493 perfectio
2713 3411 2966 3473 videtur
3003 3429 3142 3472 esse
3185 3418 3446 3491 paterna

1943 3510 2321 3582 secunditaS,
2367 3509 2476 3571 Dei
2521 3507 2801 3589 genitiva
2844 3525 2857 3569 :
2903 3526 3028 3571 non
3074 3524 3224 3587 ergo
3269 3507 3444 3568 dees-

1940 3616 2035 3671 set
2084 3608 2244 3670 Filio
2288 3606 2571 3688 potentia
2613 3606 2980 3685 generativa
3015 3605 3148 3677 Dei,
3192 3623 3333 3686 quae
3373 3604 3439 3665 in

1938 3708 2117 3769 Patre
2156 3713 2274 3778 est,
2307 3713 2370 3767 et
2407 3710 2536 3765 tam
2578 3701 2964 3765 excellenter
3001 3704 3291 3765 laudatur
3332 3702 3440 3763 Pa-

1940 3814 2035 3867 ter
2083 3810 2342 3887 propter
2385 3820 2545 3863 eam.
2584 3801 2780 3863 Filius
2824 3819 2973 3881 ergo
3013 3806 3225 3881 posset
3263 3800 3436 3861 aliud

1938 3903 2220 3966 Verbum
2278 3900 2560 3981 gignere,
2609 3898 2776 3961 sicut
2832 3906 2895 3961 et
2949 3898 3127 3959 Pater
3182 3905 3441 3978 generat

1938 4000 2240 4063 Verbum.
2266 3999 2343 4060 Et
2371 3996 2803 4080 paril'ormiter
2832 3996 2908 4057 de
2940 3994 3180 4077 Spiritu
3212 3996 3440 4057 Sancto

1940 4096 2372 4179 argumentari
2415 4102 2641 4176 potest.

352 4198 626 4280 utrisque
674 4196 1062 4268 communis,
1107 4214 1316 4277 neque
1362 4196 1427 4257 in
1478 4196 1586 4257 illa
1630 4196 1833 4259 divcr-
1864 4193 1913 4254 D
2023 4196 2330 4277 Denique,
2383 4193 2547 4255 nihil
2605 4199 2864 4273 generat
2913 4210 2980 4253 se
3031 4190 3263 4274 ipsum.
3319 4192 3440 4254 Sed

348 4296 689 4359 sificantur.
743 4296 853 4357 Est
908 4313 1059 4376 ergo
1118 4294 1360 4377 aliquid
1420 4295 1486 4356 in
1546 4296 1835 4377 personis

348 4396 498 4457 citra
526 4394 889 4466 essentiam,
924 4395 1092 4476 quod
1124 4394 1206 4456 sit
1245 4394 1674 4457 distinctionis
1713 4394 1835 4456 ori-

348 4511 439 4573 go.
484 4494 645 4555 Deus
686 4500 901 4555 autem
946 4492 1467 4574 simplicissimus
1509 4501 1624 4554 est.
1658 4492 1839 4554 Vide-

350 4600 447 4653 tur
492 4610 637 4673 ergo
684 4609 811 4655 non
872 4607 1221 4671 congruere
1280 4598 1347 4652 ut
1406 4599 1723 4672 ponantur
1773 4590 1836 4651 in

352 4692 575 4753 divinis
603 4690 929 4772 generatio
958 4697 1022 4751 et
1051 4690 1391 4772 processio.

427 4791 733 4872 Amplius,
787 4790 965 4852 Pater
1010 4796 1107 4851 est
1154 4790 1319 4851 Deus
1368 4807 1699 4868 generanS,
1748 4789 1842 4849 in-

353 4888 633 4968 genitus3
665 4888 862 4951 Filius
893 4904 1045 4950 vero
1074 4894 1171 4949 est
1202 4888 1367 4948 Deus
1406 4887 1680 4967 genituS,
1714 4905 1840 4948 non

356 5005 669 5067 generans.
720 4986 1022 5067 Opposita
1064 4993 1277 5047 autem
1323 4984 1661 5067 praedicata
1710 4986 1844 5065 plu-

359 5084 655 5147 ralitatem
682 5083 1027 5147 ostendunt
1058 5082 1120 5143 in
1154 5099 1231 5144 eo
1259 5083 1337 5145 de
1368 5101 1493 5164 quo
1525 5083 1839 5145 dicuntur.

1944 4296 2008 4358 in
2070 4294 2230 4357 Filio
2287 4291 2465 4354 nulla
2523 4299 2622 4353 est
2679 4290 2910 4353 entitas
2969 4309 3112 4372 quae
3172 4308 3296 4353 non
3361 4290 3444 4352 sit

1944 4394 2162 4456 divina
2220 4390 2539 4469 essentia3
2591 4390 2888 4452 similiter
2946 4408 3063 4453 nec
3122 4390 3187 4451 in
3242 4389 3438 4452 Patre.

1946 4492 2007 4553 Si
2056 4508 2206 4570 ergo
2238 4491 2415 4552 Pater
2459 4496 2723 4571 generat
2769 4488 3023 4559 Filium,
3069 4496 3220 4550 tunc
3259 4506 3446 4569 gene-

1947 4590 2107 4653 ratio
2138 4589 2336 4651 Patris
2369 4589 2750 4651 terminatur
2791 4587 2868 4648 ad
2918 4586 2981 4648 id
3028 4586 3093 4648 in
3138 4604 3265 4667 quo
3308 4588 3446 4649 nul-

1948 4690 2007 4751 la
2037 4688 2268 4750 entitas
2309 4695 2406 4748 est
2445 4706 2587 4768 quae
2629 4704 2754 4747 non
2796 4685 2878 4747 sit-
2913 4686 3046 4766 ipse
3075 4684 3253 4746 Pater
3286 4701 3299 4745 :
3337 4684 3443 4747 ali-

1948 4794 2044 4847 ter
2084 4804 2210 4847 non
2251 4794 2420 4847 esset
2457 4786 2520 4847 in
2553 4785 2682 4847 Deo
2723 4784 3001 4865 perfecta
3045 4783 3440 4865 simplicitas.

1948 4885 2121 4947 idem
2155 4902 2304 4965 ergo
2333 4884 2623 4964 gigneret
2653 4900 2720 4943 se
2753 4881 2982 4961 ipsum.
3007 4882 3250 4955 Adhuc,
3275 4881 3445 4963 quod

1952 4982 2333 5065 simpliciter
2364 4990 2459 5043 est
2490 4981 2635 5053 tale,
2661 4978 2824 5041 nihil
2852 4978 3042 5041 habet
3070 4981 3444 5060 adjunctum

1952 5084 2031 5143 de
2078 5099 2195 5143 suo
2244 5078 2607 5143 contrario:
2643 5078 2812 5139 sicut
2853 5077 3022 5157 quod
3067 5078 3449 5159 simpliciter

362 5182 493 5245 Non
550 5202 695 5264 ergo
753 5182 1005 5245 videtur
1064 5180 1371 5263 possibile
1432 5190 1501 5244 ut
1548 5180 1727 5244 Pater
1785 5189 1849 5243 et
1954 5180 2174 5242 album
2219 5187 2336 5251 est,
2379 5178 2540 5241 nihil
2587 5176 2778 5239 habet
2823 5175 3170 5255 nigredinis
3211 5178 3449 5239 admix-

369 5280 555 5343 Filius
594 5281 723 5344 sint
762 5298 911 5342 vere
958 5298 1121 5341 unus
1165 5277 1351 5341 Deus.

1959 5288 2115 5341 tum.
2173 5276 2619 5351 Conlormiter,
2670 5276 2842 5358 quod
2893 5291 3124 5356 purum
3179 5282 3296 5351 est,
3347 5295 3449 5338 ex-
