4300 6259
875 453 996 518 314
1467 477 1546 524 nn
1587 479 1814 526 nnuma
1855 479 2237 527 ernustum:
2278 481 2579 541 rusorum,
2624 483 2801 528 mnan
2843 484 2882 528 1.
2930 501 3010 512 —
3048 483 3187 531 Anr.
3235 485 3421 532 vam

625 657 690 702 Do
709 657 849 702 Divin-
877 646 1166 729 adipisci.
1201 648 1626 723 Quamobrem
1655 650 1816 714 dixit
1843 651 2183 736 Dionysius
2216 671 2231 716 ε
2263 655 2378 717 Re·
2406 653 2460 718 A
2489 655 2844 717 secundum
2876 655 3136 718 modum
3166 664 3231 719 et
3259 663 3551 718 naturam
3584 654 3951 737 singulorum

583 735 699 769 nom.
722 738 762 770 e.
781 740 851 773 111.

599 3321 660 3364 Dc
684 3321 846 3366 Conso-

582 3384 658 3426 lat.
687 3386 762 3428 lib.
788 3398 846 3436 iv,

585 3463 700 3505 pros,
726 3454 766 3494 6.

878 744 1098 825 gimen
1141 754 1239 809 est
1281 748 1489 811 omnis
1537 748 1691 812 finis
1733 757 1798 812 et
1842 750 1998 831 legis
2028 759 2092 814 et
2133 752 2376 814 ordinis

879 842 1265 908 distributio.
1302 846 1550 908 Etenim
1591 867 1705 930 per
1735 847 1963 928 legem,
1997 849 2377 912 substantia-

881 940 961 1003 lis
990 943 1244 1023 graduS,
1277 952 1342 1006 et
1370 964 1518 1007 eum
1551 948 1986 1010 concomitans
2018 948 2377 1011 essentialis

879 1041 1256 1123 proprietas,
1309 1061 1436 1105 non
1497 1044 1990 1126 incongruenter
2037 1047 2371 1129 accipitur.

879 1138 1056 1212 Quod
1095 1139 1146 1200 si
1193 1140 1257 1202 in
1305 1142 1718 1222 praeinductis
1751 1143 1964 1206 verbis
2008 1145 2377 1208 distributio

877 1237 1084 1299 active
1129 1237 1395 1314 dicatur,
1441 1248 1512 1302 ut
1559 1241 1861 1304 videlicet
1901 1242 2075 1304 aliud
2121 1261 2247 1306 non
2294 1245 2376 1306 sit

879 1353 1072 1416 quam
1131 1339 1402 1400 causalis
1462 1338 1758 1415 influxio,
1817 1347 1972 1403 tunc
2034 1341 2255 1405 divino
2312 1351 2376 1404 et

877 1436 1230 1517 exemplari
1288 1437 1512 1519 primae
1569 1441 1801 1502 mentis
1859 1440 2158 1521 regimini
2217 1443 2375 1504 ratio

878 1531 988 1594 illa
1031 1536 1341 1616 congruit.
1389 1537 1452 1599 Si
1499 1555 1649 1601 vero
1695 1540 1945 1620 passive
1989 1540 2258 1613 dicatur,
2308 1549 2379 1602 ut

877 1631 1168 1712 designet
1204 1653 1239 1695 a
1279 1634 1554 1698 donante
1597 1637 1976 1719 impressam
2017 1639 2211 1701 rebus
2251 1640 2376 1701 dis·

876 1730 1394 1811 positionem,sic
1429 1736 1766 1798 mundante
1794 1735 2240 1815 gubernationi
2272 1738 2379 1799 ad-

2486 753 2564 815 ad
2594 753 2835 816 bonum
2867 755 3373 837 unumquodque
3403 755 3738 818 inclinans.
3772 755 3952 818 Susci-

2488 852 2813 934 pientibus
2843 853 3141 935 equidem
3174 854 3541 936 praehabita,
3562 853 3954 918 luciformiter

2487 952 3062 1024 constat‚omnium
3093 953 3459 1034 exemplare
3490 953 3953 1034 regimen,quod

2486 1049 2703 1112 divina
2759 1051 3161 1133 providentia
3218 1058 3513 1115 vocatum
3560 1059 3679 1124 est,
3730 1050 3793 1112 in
3844 1052 3957 1114 Deo

2485 1155 2761 1212 statuere
2831 1157 3144 1230 oportere.
3215 1149 3760 1223 Quemadmodum
3815 1167 3958 1234 ‘vero

2484 1265 2779 1308 summus
2810 1265 3025 1310 rerum
3056 1247 3267 1328 opifex
3298 1249 3463 1310 Deus
3502 1247 3797 1310 secundis
3832 1267 3959 1308 cau·

2485 1345 2800 1408 salitatem
2830 1345 3077 1418 tribuit,
3110 1345 3203 1408 sic
3234 1353 3299 1408 et
3333 1345 3641 1408 rectivam
3678 1345 3957 1408 virtutem

2484 1442 2727 1505 eisdem
2760 1443 3279 1507 communicavit.
3316 1445 3567 1506 Dictum
3610 1451 3705 1506 est
3740 1451 3957 1514 autem,
3980 1465 4140 1504 utun.

2487 1559 2565 1603 ex
2595 1541 2828 1604 divinae
2860 1541 3297 1622 intelligentias
3336 1542 3809 1624 sapientissimo
3842 1541 3975 1606 fon-.

2488 1645 2571 1712 te,
2615 1639 2810 1701 totius
2860 1639 3194 1720 regiminis
3244 1638 3512 1720 legalem
3561 1639 3789 1702 seriem
3835 1655 3961 1721 pro-

2488 1736 2701 1800 diisse.
2738 1739 3074 1820 Propterea
3112 1756 3346 1820 nempe
3390 1745 3636 1800 certum
3682 1745 3796 1810 est,
3826 1755 3960 1818 quo-

875 1827 1212 1891 scribenda
1259 1838 1356 1892 est
1405 1831 1513 1892 illa
1569 1833 1900 1913 regiminis
1949 1833 2311 1915 explanatio
2358 1852 2371 1896 :
2414 1835 2461 1897 B
2490 1835 2661 1898 niam
2702 1837 2992 1899 omnium
3036 1855 3250 1899 rerum
3288 1837 3615 1917 generatio
3652 1837 3961 1917 omnisque

877 1926 1207 2006 regiminis
1238 1949 1508 2011 namque
1539 1931 1872 2013 dispositio
1903 1939 1973 1993 ut
2004 1933 2068 1994 in
2099 1934 2377 2013 regentis

875 2024 1120 2088 ratione
1160 2027 1413 2102 sistenS,
1460 2029 1776 2092 ordinatio
1820 2039 1915 2092 est
1955 2038 2018 2094 et
2062 2031 2377 2094 institutio

878 2121 1034 2202 legis
1065 2140 1286 2186 eorum
1320 2144 1460 2207 quae
1493 2135 1830 2207 regun·tur;
1853 2129 2090 2190 dicitur
2119 2147 2375 2211 quoque

877 2222 1241 2302 exemplare
1282 2223 1567 2304 regimen
1611 2233 1674 2287 et
1717 2227 1992 2308 regentis
2037 2229 2375 2309 providen-

877 2319 983 2380 tia.
1027 2321 1315 2402 Insuper,
1357 2321 1492 2384 haec
1537 2322 1674 2405 ipsa
1715 2325 2049 2406 dispositio
2093 2333 2163 2388 ut
2206 2345 2376 2388 ema-

877 2437 1036 2480 nans
1067 2425 1130 2480 et
1163 2420 1352 2482 rectis
1395 2420 1660 2494 influxa,
1697 2423 2018 2504 passivum
2063 2425 2371 2506 regimen,

876 2524 984 2578 aut
1031 2525 1222 2590 certe,
1267 2520 1621 2582 secundum
1661 2522 1990 2602 quosdam,
2025 2522 2225 2585 fatum
2266 2543 2371 2605 ap-

878 2615 1184 2697 pellatum
1227 2623 1340 2679 est.

1197 2881 1686 2947 ARTICULUS
1733 2883 2042 2948 LXVIII.

993 3030 1089 3089 De
1131 3029 1554 3104 providentia
1595 3039 1655 3088 ec
1691 3031 1857 3106 face,
1898 3035 2253 3092 secundum

1275 3119 1696 3179 traditionem
1741 3123 1976 3180 Boetii.

1018 3313 1260 3378 OSTER
1328 3323 1541 3377 autem
1601 3316 1857 3378 Boetius
1927 3317 2373 3379 universorum

1041 3413 1568 3493 gubernationem
1630 3414 2039 3496 investiganS,
2091 3414 2373 3477 subtilis-

877 3509 1103 3572 simam
1151 3519 1341 3593 atque
1389 3531 1680 3574 veracem
1735 3512 1987 3575 induxit
2033 3514 2110 3576 de
2161 3532 2373 3576 rerum

877 3610 1190 3690 regimine
1235 3610 1725 3693 philosophiam.
1763 3611 1853 3673 Ex
1893 3610 2377 3673 multiformiter

876 3727 1066 3792 porro
1107 3711 1510 3792 praeostensis
1547 3710 1680 3790 jam
1729 3710 2005 3792 supponi
2057 3711 2372 3791 congruit,

876 3808 1322 3871 universorum
1397 3816 1689 3870 naturam
1761 3816 1825 3870 et
1895 3808 2373 3890 proprietatem,

876 3925 1263 3988 omnemque
1307 3905 1773 3978 habitudinem,
1809 3907 2070 3968 modum
2101 3925 2174 3968 ac
2214 3907 2379 3969 ordi-

876 4025 1047 4078 nem,
1081 4004 1301 4067 divino
1333 4005 1682 4068 intellectui
1717 4013 1950 4068 aeterna
1988 4006 2377 4088 contempla-

877 4104 1050 4166 tione
1099 4103 1443 4185 stabilique
1492 4103 1748 4166 notione
1798 4104 2196 4167 innotescere
2238 4122 2251 4166 :
2286 4105 2377 4167 sic

2488 1942 2713 1996 natura
2755 1943 2819 1996 et
2864 1935 3313 1998 universaliter
3360 1934 3570 1998 omnis
3620 1934 3965 1997 exsistentia

2484 2035 2935 2108 secundorum,
2968 2052 3046 2095 ex
3077 2033 3311 2098 divinae
3339 2033 3643 2096 bonitatis
3675 2032 3967 2096 fecundis—

2484 2133 2650 2194 sima
2688 2133 3055 2195 causalitate
3094 2133 3406 2214 originem
3446 2133 3625 2194 ducit
3658 2150 3671 2194 :
3704 2150 3961 2203 causam,

2483 2231 2771 2294 ordinem
2805 2240 2868 2294 et
2898 2230 3167 2294 formam
3200 2232 3348 2294 inde
3380 2231 3653 2294 sortiens
3682 2237 3745 2293 et
3770 2230 3965 2312 acqui-

2486 2347 2651 2392 rens.
2688 2329 3049 2402 EnirnverO,
3075 2329 3309 2392 divinae
3343 2330 3575 2392 mentis
3606 2328 3961 2410 simplicitas

2487 2428 2551 2490 in
2613 2428 2711 2490 sui
2764 2427 2965 2509 ipsius
3026 2429 3301 2510 puritate
3359 2446 3795 2509 perseveram,
3841 2427 3961 2489 haec

2484 2527 2699 2589 omnia
2746 2546 2887 2608 quae
2937 2526 3002 2588 in
3052 2535 3404 2589 creaturam
3452 2543 3713 2588 omnem
3770 2525 3845 2588 ab
3898 2543 3963 2586 ea

2485 2624 2859 2707 procedunt,
2914 2625 2978 2686 in
3028 2625 3512 2707 simplicissimo
3570 2623 3802 2686 mentis
3845 2623 3962 2686 ictu

2483 2723 2845 2804 dignoscit:
2882 2743 3021 2804 quae
3065 2723 3373 2805 praenotio
3414 2723 3769 2785 secundum
3810 2721 3963 2804 quod

2483 2821 2548 2882 in
2595 2821 2854 2883 fontano
2898 2821 3099 2883 divini
3146 2819 3511 2884 intellectus
3552 2819 3795 2882 lumine
3830 2818 3965 2880 sub-

2482 2919 2670 2993 sistit,
2704 2918 3107 3000 providentia
3137 2919 3308 2981 dicta
3336 2926 3463 2997 est3
3488 2918 3597 2980 sed
3630 2918 3965 2980 secundum

2409 3017 2453 3080 C
2482 3018 2652 3099 quod
2712 3017 3158 3098 hujuscemodi
3210 3016 3443 3080 divinae
3492 3016 3725 3079 mentis
3770 3034 3966 3078 exem-

2481 3116 2677 3198 plaris
2708 3114 3155 3196 praeordinatio
3187 3114 3457 3177 causalis
3488 3123 3605 3188 est,
3640 3121 3703 3176 et
3744 3113 3965 3176 rectiva

2484 3215 2788 3296 praenotio
2819 3215 2885 3275 in
2918 3213 3111 3275 rebus
3139 3213 3269 3294 jam
3304 3213 3619 3294 explicata
3657 3221 3751 3276 est
3788 3221 3964 3294 atque

2484 3312 2747 3393 digesta,
2802 3311 3005 3372 satum
3065 3310 3446 3393 appellatur.
3507 3311 3681 3384 Quod
3741 3310 3964 3373 etenim

2485 3428 2737 3472 summa
2768 3410 2875 3471 illa
2909 3409 3131 3491 primae
3172 3409 3406 3470 mentis
3447 3409 3608 3471 ratio
3642 3409 3966 3490 simplicis-

2484 3510 2645 3572 sime
2678 3509 2741 3569 in
2774 3526 2842 3570 se
2873 3515 3240 3589 conspectat
3268 3515 3331 3569 et
3358 3508 3760 3581 ordinat,hoc
3791 3507 3965 3569 rebus

2488 3607 2781 3689 regendis
2842 3606 3091 3680 indidit,
3142 3614 3333 3687 atque
3394 3625 3508 3687 per
3557 3606 3964 3688 multiplicem

2487 3707 2750 3769 modum
2780 3705 3259 3785 exsequendum
3290 3703 3531 3766 eisdem
3566 3705 3821 3767 statuit:
3846 3705 3970 3766 fon-

2485 3805 2676 3867 talem
2740 3803 2839 3866 sui
2889 3802 3275 3884 exemplaris
3322 3803 3658 3884 regiminis
3706 3822 3971 3887 praecon-

2487 3904 2845 3986 ceptionem
2897 3901 3060 3974 fanS,
3114 3901 3176 3963 id
3231 3909 3327 3964 est
3376 3902 3706 3984 eloquenS,
3756 3910 3821 3964 et
3866 3903 3971 3964 im-

2487 4001 2713 4085 periali
2771 4000 3049 4062 dictione
3108 3999 3543 4080 gubernandis
3601 4001 3969 4082 imprimens

2486 4107 2675 4181 atque
2709 4099 3047 4160 inducens:
3067 4097 3233 4160 unde
3257 4117 3294 4160 a
3317 4097 3505 4162 fando
3529 4098 3726 4162 fatum
3748 4117 3967 4162 nomen

878 4220 1162 4284 prorsuS,
1207 4209 1277 4263 ut
1315 4202 1406 4263 nil
1456 4200 1570 4262 fiat
1617 4209 1726 4262 aut
1773 4202 2028 4264 eveniat
2073 4203 2258 4283 cujus
2316 4210 2380 4265 et
2409 4201 2457 4264 D
2489 4197 2781 4278 sumpsit.

877 4317 1017 4361 esse
1048 4307 1110 4361 et
1141 4299 1394 4361 essendi
1437 4300 1660 4362 modus
1707 4318 1834 4361 non
1881 4301 2009 4361 sint
2052 4299 2375 4361 infallibili

879 4404 1222 4479 prospectu
1255 4397 1595 4478 praeagnita
1625 4415 1660 4457 a
1691 4415 1942 4458 summa
1972 4397 2376 4470 ratione.Quo

875 4495 974 4568 fit,
1013 4501 1080 4556 ut
1109 4513 1476 4575 quanquam
1507 4493 1692 4557 nobis
1723 4495 1894 4557 hunc
1924 4494 2215 4557 ordinem
2261 4496 2375 4557 mi-

875 4592 1048 4656 nime
1079 4591 1492 4673 contemplari
1527 4592 2184 4666 valentibus,conl'usa
2216 4613 2376 4674 quae-

875 4693 1019 4754 dam
1057 4690 1548 4774 perturbataque
1586 4698 1777 4771 atque
1820 4690 2078 4753 fortuita
2122 4692 2375 4754 videan-

875 4798 980 4853 tur
1008 4798 1073 4852 et
1103 4787 1634 4864 indeterminata3
1669 4787 1873 4848 nihilo
1903 4788 2117 4850 minus
2158 4789 2375 4850 divina

877 4887 1278 4970 providentia
1344 4885 1596 4966 singula
1663 4885 2021 4960 moderanS,
2093 4886 2376 4968 disponit

875 4985 1092 5049 omnia
1145 5003 1158 5046 ε
1210 4986 1273 5047 in
1325 4991 1573 5046 tantum
1621 4984 1866 5065 utique,
1920 4989 1987 5044 ut
2035 4984 2117 5046 sit
2165 4992 2375 5048 certus

877 5101 1216 5146 causarum
1246 5083 1399 5144 ordo
1432 5083 1496 5144 in
1529 5083 1628 5144 his
1666 5102 1810 5164 quae
1850 5082 2250 5162 contingunt,
2286 5101 2377 5144 se·

882 5181 1166 5244 cundum
1209 5181 1579 5243 relationem
1609 5180 1687 5242 ad
1727 5181 2011 5243 divinam
2045 5181 2375 5262 providen-

880 5279 1060 5354 tiam,
1107 5297 1250 5360 quae
1297 5278 1586 5342 omnium
1637 5278 1878 5342 reo'tiva
1919 5285 2016 5342 est
2059 5287 2125 5342 et
2165 5298 2375 5356 causa,

2570 4295 2890 4357 Elucescit
2938 4295 3173 4377 itaque,
3226 4294 3418 4357 talem
3466 4295 3604 4359 fore
3660 4315 3969 4380 compara·

2486 4395 2725 4456 tionem
2758 4393 2869 4454 fati
2900 4399 2962 4454 et
2994 4394 3653 4476 providentiae,qualis
3682 4404 3779 4458 est
3805 4396 3969 4458 habi·

2484 4492 2640 4554 tudo
2698 4491 2919 4553 formae
2978 4491 3207 4553 domus
3274 4493 3627 4554 secundum
3689 4495 3853 4576 quod
3909 4495 3967 4554 in

2489 4589 2733 4652 lumine
2794 4595 2916 4650 stat
2973 4589 3205 4651 mentis
3262 4589 3554 4663 artificis,
3605 4600 3671 4654 et
3727 4600 3796 4654 ut
3846 4592 3968 4672 jam

2488 4688 2735 4751 influxa
2771 4694 2869 4750 est
2906 4695 2971 4750 et
3010 4687 3231 4768 largita
3268 4687 3862 4754 administrantibus
3903 4689 3973 4751 ad

2486 4785 2963 4850 exsecutionem
2995 4787 3565 4868 praeconceptionis
3595 4787 3799 4870 ipsius
3838 4789 3973 4850 arti-

2486 4885 2651 4947 ficis.
2688 4885 2829 4947 Haec
2864 4903 3141 4966 namque
3184 4884 3393 4947 forma
3434 4903 3561 4948 non
3603 4886 3824 4950 differt
3860 4887 3971 4949 nisi

2488 4983 2841 5046 secundum
2891 4983 3059 5065 quod
3120 4982 3185 5044 in
3245 4983 3513 5046 diversis
3566 4985 3972 5058 considerata,

2485 5082 2675 5144 aliam
2722 5080 3043 5162 aliamque
3081 5079 3326 5144 obtinet
3363 5081 3839 5164 proprietatem.
3880 5083 3973 5146 Sic

2486 5180 2710 5244 eadem
2754 5177 3084 5260 regiminis
3129 5177 3487 5260 disposit10‚
3528 5187 3600 5241 ut
3642 5181 3710 5242 in
3753 5181 3974 5243 divinae

2494 5276 2934 5359 intelligentiae
2982 5276 3125 5339 luce
3172 5275 3535 5359 quiescenS‚
3584 5278 3975 5361 providentia
