4300 6259
658 1676 732 1719 lib.
747 1676 779 1727 l.
810 1678 891 1719 arf..

914 483 1035 551 396
1518 503 1597 551 nr:
1638 503 1866 550 Lunum
1908 502 2290 549 CHRISTIANAE
2332 500 2633 559 runcum,
2680 502 2854 551 Lmen
2897 504 2959 550 ιι.
3006 522 3087 533 -
3128 505 3267 551 aar.
3313 504 3424 551 viu

991 672 1129 737 Non
1198 692 1347 755 ergo
1416 681 1682 757 possunt
1747 673 2021 736 effectus
2091 672 2184 735 illi
2254 688 2413 754 quos
2443 668 2492 733 A
2529 671 2604 734 Et
2634 673 2938 754 quoniam
2963 674 3332 756 hujusmodi
3360 674 3844 758 colloquentium
3865 693 3974 737 vcr-

914 772 1224 835 miracula
1289 773 1588 846 dicimuS,
1650 782 1718 835 ut
1775 772 2017 836 sanatio
2082 771 2416 835 subitanea
2526 772 2606 834 ba
2634 780 2698 836 et
2729 774 3055 837 discursus
3093 774 3195 838 his
3231 783 3544 857 apparent
3579 775 3684 856 qui
3719 774 3974 838 sensibus

914 870 1183 943 infirmi,
1216 871 1317 933 vel
1360 872 1577 953 pluvia
1620 871 1758 933 sine
1799 870 2156 933 influxione
2194 886 2416 950 corpo-
2525 870 2726 934 libere
2788 880 3074 947 utuntur,
3127 891 3252 937 non
3312 872 3569 936 videtur
3626 891 3798 955 posse
3849 872 3973 943 dici,

912 987 1056 1031 rum
1107 969 1465 1031 coelestium
1513 969 1839 1043 evenienS,
1884 989 1921 1031 a
1970 967 2241 1032 naturali
2291 968 2414 1028 vir·
2525 969 2677 1031 talia
2709 988 2836 1033 non
2865 970 3010 1033 fieri
3043 990 3190 1035 vere
3223 972 3578 1034 secundum
3621 989 3858 1033 sensum
3891 990 3973 1031 ex-

913 1073 1047 1129 tute
1078 1066 1451 1130 substantiae
1480 1074 1783 1149 separatae
1825 1066 2115 1149 produci,
2148 1066 2259 1128 sed
2304 1064 2415 1127 Dei
2526 1069 2849 1143 teriorem,
2913 1070 3022 1132 sed
3089 1070 3445 1133 seeundum
3509 1069 3977 1150 imaginationem

913 1164 1171 1237 virtute,
1216 1164 1403 1244 cujus
1448 1164 1946 1247 apprehensioni
1994 1170 2224 1226 cuncta
2272 1162 2417 1224 obe·
2528 1166 2874 1228 dumtaxat.
2909 1167 3225 1248 AmpliuS,
3257 1168 3428 1249 quod
3461 1167 3594 1230 sola
3629 1167 3847 1229 virtute
3871 1183 3982 1228 cor·

914 1261 1119 1335 diunt,
1154 1281 1355 1343 quum
1398 1263 1761 1325 intellectus
1806 1262 1947 1343 ejus
1992 1262 2075 1324 sit
2119 1280 2417 1324 mensura
2531 1281 2760 1347 porum
2803 1264 3160 1327 coelestium
3207 1264 3306 1339 fit,
3339 1265 3709 1327 naturaliter
3743 1264 3830 1325 fit.
3861 1264 3979 1325 For-

914 1360 1203 1422 omnium
1245 1360 1709 1423 exsistentium.
1758 1361 2055 1443 Ideoque,
2104 1358 2415 1441 quidquid
2531 1381 2650 1425 mae
2681 1363 2852 1425 enim
2900 1363 3216 1426 naturales
3259 1364 3584 1437 dicuntur,
3617 1382 3750 1445 quae
3785 1362 3982 1443 produ·

916 1457 981 1519 in
1016 1458 1219 1539 ipsius
1250 1459 1648 1522 intellectum
1680 1459 1869 1532 cadit,
1903 1477 2163 1523 necesse
2202 1465 2297 1519 est
2325 1456 2418 1519 sic
2532 1468 2765 1522 cuntur
2813 1478 3152 1542 corporum
3203 1461 3562 1525 coelestium
3611 1460 3851 1522 virtute.
3889 1458 3983 1521 Per

919 1574 1058 1619 esse
1108 1557 1274 1620 sicut
1326 1558 1407 1621 ab
1456 1558 1597 1639 ipso
1643 1558 2147 1640 apprehenditur
2191 1575 2206 1619 t
2249 1556 2419 1638 quod
2531 1559 2932 1639 operationes
2989 1566 3202 1622 autem
3273 1576 3602 1639 magorum
3668 1558 3811 1619 talia
3865 1556 3985 1618 fieri

922 1655 1116 1718 etiam
1146 1676 1340 1738 supra
1369 1657 1591 1738 patuit.
1618 1692 1697 1701 —
1726 1654 1975 1738 Quippe
2006 1655 2218 1719 simile
2250 1654 2418 1736 quod
2531 1663 2870 1719 narrantur
2899 1676 3042 1737 quae
3070 1656 3250 1720 nullo
3283 1657 3471 1720 modo
3500 1656 3802 1719 naturalia
3827 1662 3980 1717 sunt:

924 1754 1247 1817 Avicenna
1290 1754 1657 1829 introducit,
1692 1774 1918 1836 parum
1959 1754 2144 1817 valet.
2181 1754 2419 1834 Appre-
2534 1760 2604 1816 ut
2649 1755 2819 1836 quod
2865 1755 3100 1836 aliquis
3149 1754 3494 1817 invisibilis
3551 1754 3855 1827 reddatur,
3897 1760 3987 1813 aut

924 1852 1149 1915 hensio
1196 1853 1369 1916 enim
1426 1853 1526 1916 vel
1581 1853 1951 1933 imaginatio
2008 1853 2240 1914 animae
2297 1869 2418 1932 qua
2448 1850 2497 1913 B
2533 1852 2724 1915 alicui
2771 1870 3194 1935 quaecumque
3237 1871 3378 1915 sera
3423 1853 3746 1935 pandatur.

924 1967 1155 2032 corpus
1199 1939 1596 2024 immutatur,
1644 1969 1769 2014 non
1817 1950 1894 2013 fit
1932 1951 2070 2013 sine
2109 1949 2422 2030 adjuncti·
2612 1951 2857 2026 Adhuc,
2878 1970 2992 2033 per
3022 1959 3219 2015 artem
3255 1951 3566 2033 magicam
3598 1951 3738 2013 fieri
3765 1948 3985 2011 dicitur.

923 2065 1045 2111 one
1088 2050 1403 2130 passionis
1445 2057 1556 2111 aut
1596 2049 1981 2123 affectionis,
2030 2056 2101 2110 ut
2139 2056 2236 2110 est
2273 2066 2422 2129 gau·
2531 2048 2700 2132 quo'd
2744 2057 2951 2113 statua
2987 2050 3202 2134 aliqua
3250 2069 3365 2133 per
3412 2069 3480 2112 se
3529 2055 3861 2121 moveatur,
3898 2056 3986 2108 aut

924 2147 1127 2222 dium,
1172 2147 1273 2210 vel
1315 2148 1530 2220 timor,
1574 2147 1675 2209 vel
1725 2146 2266 2228 concupiscentia,
2308 2164 2418 2207 seu
2531 2166 2755 2211 vocem
2799 2149 3048 2211 emittat
3093 2167 3106 2211 :
3153 2149 3274 2211 hoc
3321 2156 3538 2211 autem
3588 2147 3720 2210 sola
3765 2146 3989 2227 impres-

926 2244 1157 2307 similis
1190 2246 1405 2308 motio.
1440 2245 1546 2307 Hae
1575 2262 1727 2309 vero
1760 2245 2085 2326 passiones
2122 2244 2423 2306 accidunt
2533 2247 2712 2309 sione
2744 2248 3051 2311 coelorum
3081 2266 3155 2309 ac
3186 2247 3469 2310 siderum
3503 2245 3858 2326 contingere
3883 2261 3986 2305 non

926 2360 1074 2405 cum
1110 2343 1326 2425 aliquo
1374 2350 1551 2405 motu
1602 2342 1833 2416 cordiS,
1884 2362 1960 2405 ex
2011 2342 2196 2423 eujus
2246 2348 2421 2403 motu
2534 2351 2758 2426 potest.
2777 2345 2932 2407 Nam
2967 2344 3018 2407 si
3049 2344 3243 2407 alicui
3274 2344 3646 2407 acoelorum
3675 2340 3988 2405 influxione

926 2441 1214 2523 sequitur
1272 2440 1633 2504 immutatio
1680 2441 1875 2503 totius
1924 2440 2228 2522 corporiS.
2283 2439 2420 2501 Non
2533 2444 2718 2505 datur
2760 2444 2819 2505 id
2863 2443 3030 2525 quod
3077 2443 3392 2525 posterius
3435 2450 3554 2515 est,
3587 2442 3790 2505 eidem
3827 2439 3986 2503 etiam

924 2556 1075 2619 ergo
1104 2538 1454 2621 spiritualis
1485 2538 1911 2621 apprehensio
1953 2538 2249 2599 immutat
2286 2553 2417 2597 cor·
2533 2544 2717 2605 datur
2762 2542 2932 2623 quod
2979 2542 3157 2624 prius
3201 2550 3313 2605 est.
3349 2542 3584 2605 Moveri
3629 2547 3832 2601 autem
3869 2556 3902 2599 a
3937 2554 3990 2597 se

926 2654 1046 2717 pus
1075 2636 1213 2699 sine
1246 2637 1623 2699 intermedio
1656 2644 1827 2699 motu
1864 2636 2067 2697 locali.
2102 2634 2278 2707 Quod
2315 2652 2420 2695 au·
2533 2649 2596 2703 et
2637 2658 2856 2703 vocem
2899 2641 3215 2715 emittere,
3248 2648 3346 2702 est
3387 2640 3718 2723 proprium
3756 2636 3990 2699 viventi.

922 2741 1055 2797 tem
1098 2736 1175 2797 de
1218 2734 1635 2797 fascinatione
1672 2735 1869 2807 addit,
1905 2735 2045 2797 ideo
2084 2732 2416 2812 contingit,
2534 2757 2639 2800 um
2669 2746 2733 2801 et
2767 2737 3294 2801 ratiocinantium.
3321 2737 3486 2801 Nulli
3527 2754 3676 2819 ergo
3713 2734 3994 2798 confertur

925 2834 1095 2915 qUOd
1130 2840 1297 2895 1110ῑο
1328 2833 1538 2905 corde,
1574 2841 1865 2896 movetur
1896 2852 2127 2914 corpus
2160 2830 2423 2911 00njun-
2533 2836 2651 2899 hoc
2695 2855 2732 2897 a
2771 2836 3078 2900 coelorum
3119 2834 3624 2909 causalitatibus‚
3657 2833 3778 2897 nisi
3816 2833 3990 2894 eidem

928 2932 1327 3011 ctum,cujus
1358 2931 1718 2993 immutatio
1748 2932 1923 2994 venit
1953 2932 2029 2993 ad
2060 2930 2424 3000 oculum,et
2532 2935 2804 2997 donetur
2845 2936 3078 3005 anima,
3121 2954 3262 3016 quae
3305 2942 3402 2996 est
3444 2934 3667 2996 talium
3709 2932 3992 2994 actionum

927 3029 1097 3091 oculi
1130 3029 1488 3092 immutatio
1518 3029 1742 3091 alterat
1781 3037 1842 3091 et
1881 3029 2093 3091 inficit
2134 3027 2421 3090 medium
2455 3032 2496 3096 C
2535 3032 2784 3095 causale
2829 3032 3240 3114 principium.
3287 3031 3408 3093 Sed
3449 3031 3576 3093 dici
3629 3048 3754 3093 non
3799 3034 3992 3111 potest,

926 3128 1351 3190 extrinsecum
1402 3145 1416 3188 :
1471 3135 1533 3189 et
1580 3128 1671 3189 sic
1733 3128 1933 3189 fertur
1982 3124 2421 3208 hujuscemodi
2533 3131 2701 3213 quod
2733 3138 2938 3193 statua
2965 3129 3110 3192 talis
3141 3130 3439 3192 sortiatur
3471 3129 3848 3211 principium
3873 3126 3994 3187 vitae

926 3226 1349 3307 apprehensio
1378 3225 1738 3287 affectionis
1768 3226 1952 3287 unius
1984 3226 2059 3287 ad
2104 3226 2320 3287 alium.
2535 3228 2888 3291 coelestium
2922 3245 3258 3309 corporum
3291 3228 3547 3289 virtute,
3581 3226 3725 3290 Tale
3755 3242 3992 3304 namque

2537 3326 2928 3408 principium
2959 3326 3104 3389 vitae
3134 3334 3299 3388 esset
3330 3324 3537 3388 forma
3565 3321 3990 3387 substantialis:

1318 3443 1804 3507 ARTICULUS
1852 3443 2036 3506 VIII,
2534 3425 2717 3487 aliter
2747 3424 2890 3487 talis
2920 3424 3085 3487 actio
3126 3441 3251 3488 non
3293 3430 3461 3486 esset
3499 3430 3740 3495 statuae,
3773 3421 3874 3484 sed
3903 3419 3994 3481 ali-

930 3568 1113 3633 Quod
1179 3564 1582 3639 operationes
1646 3584 1987 3640 „umorum
2057 3568 2418 3642 efficaciam
2535 3523 2721 3633 cujus
2752 3523 3074 3633 operantis
3108 3541 3223 3604 per
3263 3530 3558 3584 statuam.
3595 3521 3816 3631 §sive-re
3851 3536 3993 3581 emm

1006 3654 1401 3722 sortiantur,
1442 3672 1574 3712 non
1618 3654 1865 3714 virtute
1911 3672 2260 3728 corporum
2308 3676 2422 3714 coe-
2535 3628 2631 3683 est
2672 3641 2735 3682 1n
2776 3621 3143 3683 viventlbus
3173 3638 3330 3682 esse.
3365 3621 3432 3681 In
3475 3618 3879 3681 fabricatione
3909 3635 3995 3676 au-

1009 3744 1291 3813 gestium,
1324 3738 1435 3801 sed
1463 3744 1542 3801 ab
1574 3744 1907 3802 intellectu
1937 3744 2180 3821 aliquo·
2533 3728 2665 3781 tem
2707 3726 2927 3782 statuae
2973 3737 3099 3781 non
3143 3717 3222 3779 fit
3269 3717 3534 3780 mutatio
3581 3717 3868 3789 materiae,
3895 3713 3994 3774 nisi

2536 3818 2890 3879 secundum
2950 3815 3225 3897 figuram
3289 3822 3352 3877 et
3418 3814 3846 3877 accidentalia.
3900 3810 3996 3873 Sed

1074 3911 1361 3975 UONIAM
1384 3919 1597 3974 autem
1632 3911 1991 3973 intellectus
2023 3912 2268 3974 causari
2298 3928 2424 3973 non
2534 3916 2740 3978 forma
2769 3914 2982 3977 vitalis
3021 3932 3148 3977 non
3191 3914 3455 3995 largitur
3490 3912 3683 3975 alicui
3725 3914 3802 3976 de
3841 3927 3995 3979 novo,

935 3909 1065 4111 Q
1102 4018 1306 4091 potest
1344 4029 1421 4072 ex
1466 4010 1673 4072 causis
1713 4010 2173 4091 corporalibuS,
2218 4028 2426 4091 neque
2536 4014 2659 4076 nisi
2693 4014 2867 4095 prior
2896 4020 3331 4095 corrumpatur
3359 4020 3422 4075 et
3450 4013 3698 4094 speeies
3727 4018 3995 4074 mutetur:

927 4108 1388 4171 intellectuales
1439 4108 1893 4171 illustrationes
1943 4128 2019 4171 ex
2070 4108 2426 4171 influxione
2539 4119 2752 4175 manet
2818 4118 3031 4174 autem
3095 4111 3356 4173 materia
3426 4117 3652 4174 statuae
3709 4112 3772 4172 in
3829 4109 3998 4171 forma

928 4224 1376 4287 corporeorum
1410 4206 1875 4288 principiorum
1906 4206 2082 4269 effici
2122 4215 2424 4289 possunt3
2459 4207 2506 4270 D
2537 4212 2698 4273 aeriS.
2733 4210 2871 4273 Non
2911 4228 3062 4291 ergo
3099 4210 3363 4271 sortitur
3399 4214 3608 4271 statua
3644 4206 3996 4291 principium

930 4306 993 4367 in
1047 4304 1523 4386 operationibus
1576 4311 1789 4367 autem
1846 4323 2174 4386 magorum
2227 4325 2420 4388 appa·
2539 4308 2683 4371 vitae
2727 4326 2935 4389 neque
2979 4314 3269 4370 movetur
3307 4306 3542 4369 virtute
3593 4307 3868 4389 corporis
3901 4320 4000 4365 οω-

932 4410 1073 4465 rent
1102 4402 1375 4464 effectus
1403 4402 1511 4483 qui
1546 4402 1788 4483 proprii
1822 4410 1971 4463 sunt
2008 4404 2424 4466 intellectuali
2540 4408 2734 4469 lestiS.
2755 4406 2870 4469 Per
2900 4406 3018 4469 hoc
3050 4414 3260 4469 autem
3293 4405 3660 4467 excluditur
3687 4422 3856 4468 error
3880 4402 4002 4465 Her·

929 4508 1193 4573 naturae,
1228 4509 1296 4561 ut
1328 4506 1476 4560 sunt
1507 4517 1809 4580 responsa
1840 4499 1915 4563 de
1948 4499 2157 4575 furtiS,
2193 4502 2428 4563 indicia
2542 4505 2750 4578 metis,
2786 4504 2896 4586 qui
2926 4506 3026 4584 (ut
3062 4503 3453 4584 Augustinus
3494 4511 3720 4566 octavo
3755 4504 3832 4565 de
3867 4498 4000 4564 civi-

930 4599 1350 4682 perditorum,
1412 4604 1475 4659 et
1535 4596 1890 4660 conformia
1941 4616 1953 4659 :
2008 4599 2159 4661 hinc
2219 4599 2426 4681 palam
2540 4611 2668 4666 tate
2728 4603 2838 4666 Dei
2900 4601 3122 4683 refert)
3179 4601 3360 4674 dixit,
3423 4602 3594 4683 quod
3653 4602 3816 4664 sicut
3865 4600 4004 4661 Deus

929 4698 1100 4780 quod
1149 4696 1594 4777 hujuscemodi
1646 4694 2007 4758 efficaciam
2066 4697 2292 4778 agendi
2351 4717 2429 4759 ex
2543 4702 2744 4764 factor
2793 4709 2889 4763 est
2947 4700 3304 4763 coelestium
3359 4699 3649 4774 deorum,
3700 4700 3791 4762 sic
3845 4699 4005 4760 homo

930 4796 1063 4859 sola
1096 4795 1515 4877 impressione
1546 4811 1883 4875 corporum
1918 4795 2275 4859 coelestium
2306 4813 2432 4859 sor·
2545 4800 2733 4863 fictor
2762 4806 2858 4862 est
2887 4801 3150 4862 deorum
3182 4798 3294 4880 qui
3328 4798 3390 4859 in
3423 4798 3684 4879 templis
3725 4806 3884 4869 sunt,
3913 4796 4006 4856 hu·

930 4894 1037 4957 tiri
1083 4900 1427 4975 nequeunt.
1474 4893 1797 4965 Praeterea,
1846 4894 1911 4955 in
1956 4893 2432 4975 operationibus
2543 4917 2724 4961 mana
2755 4896 3156 4979 proximitate
3187 4896 3486 4958 contenti.
3512 4891 4008 4977 Statuasfinquit)

934 5009 1262 5073 magorum
1295 4998 1603 5072 apparent
1631 4990 1826 5072 aliqui
1861 4992 2296 5073 colloquentes
2329 4992 2434 5054 ho·
2542 4994 2855 5055 animatas
2886 4993 3050 5063 dieo,
3085 5010 3274 5053 sensu
3307 4998 3371 5053 et
3399 4990 3634 5073 spiritu
3665 4993 3910 5075 plenas;
3931 4988 4008 5049 fu-

935 5090 1221 5153 minibus
1260 5091 1837 5172 ratiocinantesque
1882 5090 1961 5152 de
2000 5090 2308 5169 diversis;
2342 5091 2435 5153 lo·
2543 5098 2836 5153 turorum
2883 5089 3200 5173 praesciaS,
3233 5108 3434 5171 eaque
3481 5089 3754 5151 somniis
3794 5095 3853 5151 et
3887 5084 4005 5148 aliis

936 5188 1126 5272 quela
1166 5196 1379 5251 autem
1428 5196 1525 5252 est
1566 5188 1729 5252 actio
1776 5188 2102 5251 rationalis
2142 5196 2384 5251 naturae
2419 5204 2432 5249 :
2547 5188 2766 5251 multis
2812 5188 3266 5270 praedicentes3
3298 5185 3673 5249 hominibus
3710 5182 4006 5249 imbecilli·

938 5304 1067 5350 non
1098 5304 1247 5366 ergo
1278 5286 1448 5349 fiunt
1476 5287 1626 5349 talia
1655 5287 1789 5350 sola
1826 5286 2062 5350 virtute
2102 5286 2430 5350 coelorum.
2547 5293 2744 5349 tatem
2774 5286 3104 5360 facienteS,
3137 5302 3373 5367 eosque
3403 5292 3727 5361 curanteS,
3759 5282 4002 5348 laetitiam
