4300 6259
23 703 368 746 mcxx.

1023 494 1447 543 nmmum
1486 491 1885 542 motoch.
1930 511 2011 523 —
2051 493 2132 540 DE
2176 493 2631 543 [Ncmartonu
2673 496 2912 543 cnnlsrt

3400 479 3525 544 ²05

481 664 664 739 Quod
705 672 826 740 est,
857 664 1160 749 quoniam
1206 663 1494 728 Christus
1531 663 1632 746 (ut
1676 662 1910 746 patuit)
1933 661 1988 726 A
2021 663 2299 746 paradisi
2358 665 2621 748 superni
2671 673 2937 729 vocatur
2982 664 3322 730 dominicae
3378 684 3521 748 pas-

397 762 532 826 suit
559 763 765 827 viator
789 771 856 826 et
893 763 1390 846 comprehensor
1423 779 1440 824 t
1472 763 1676 826 viator
1715 781 1910 845 quan·

401 871 548 924 tum
591 863 672 925 ad
721 880 982 925 carnem
1031 880 1210 924 suam
1261 860 1596 924 mortalem
1655 858 1906 922 sensiti-

398 979 646 1042 vasque
700 960 872 1024 vires
931 960 1266 1024 interiores
1311 965 1374 1022 et
1421 959 1790 1032 exteriores»,
1841 958 1908 1019 in

401 1060 644 1142 quibus
693 1057 998 1122 omnibus
1045 1057 1481 1122 intensissime
1529 1056 1808 1140 propriis
1845 1062 1909 1119 et

395 1157 724 1221 distinctis
753 1155 1114 1240 patiebatur
1153 1153 1502 1218 doloribus.
1533 1155 1678 1217 Fuit
1715 1153 1908 1216 etiam

399 1255 904 1338 comprehensor
933 1262 1244 1339 quantum
1276 1253 1354 1317 ad
1383 1254 1746 1336 superiores
1776 1253 1908 1316 ani-

401 1373 528 1418 mae
568 1374 697 1418 suae
737 1355 1076 1436 potentias,
1112 1371 1226 1436 per
1263 1352 1806 1434 comparationem
1847 1358 1910 1414 et

399 1459 767 1534 respectum
801 1471 1022 1515 earum
1051 1452 1130 1514 ad
1161 1451 1516 1513 increatum
1545 1449 1906 1531 objectum:

395 1551 626 1632 sicque
679 1551 744 1612 in
809 1551 1092 1614 maximo
1151 1557 1288 1612 erat
1341 1547 1572 1630 gaudio
1631 1548 1910 1611 fruitivae

396 1649 720 1713 beatificae
764 1649 1051 1711 visionis,
1084 1647 1297 1710 Nihilo
1343 1647 1556 1709 minus
1601 1646 1666 1708 in
1711 1664 1910 1728 quan·

395 1756 548 1810 tum
583 1747 752 1810 vires
797 1746 924 1810 illae
966 1745 1248 1814 fundatae
1292 1751 1494 1819 erant,
1537 1743 1910 1825 subjectatae

2017 761 2215 826 sionis
2246 763 2551 843 effectus3
2576 764 2875 828 similiter
2903 771 3261 828 ceterorum
3290 763 3524 828 deletio

2017 859 2341 924 vitiorum.
2394 861 2472 924 Et
2521 861 2671 944 quia
2718 881 2833 944 per
2881 862 3136 946 culpam
3194 861 3521 926 rationalis

2019 966 2302 1022 creatura
2321 959 2594 1023 Creatori
2624 968 2722 1024 est
2743 959 3524 1043 displicenS,debitrixque

2017 1057 2321 1139 supplicii
2352 1075 2369 1136 ;
2414 1058 2565 1121 hinc
2628 1059 3086 1134 reconciliatio,
3150 1057 3521 1132 satisfactio,

2019 1155 2379 1237 redemptio
2406 1156 2929 1240 hominum,opus
2958 1165 3055 1220 est
3084 1157 3395 1240 passionis
3418 1157 3527 1220 Do·

2021 1254 2179 1317 mini
2203 1255 2989 1338 Salvatoris.RursuS,quia
3018 1257 3124 1339 qui
3157 1265 3378 1339 peccat
3406 1275 3529 1319 ser-

2019 1371 2138 1416 vus
2170 1361 2266 1415 est
2298 1353 2645 1436 peccati,et
2674 1355 2796 1417 sub
2823 1355 2975 1436 jugo
3003 1354 3375 1433 diaboli30b
3405 1355 3527 1418 hoc

2021 1449 2316 1514 liberatio
2343 1469 2380 1513 a
2409 1451 2717 1514 servitute
2747 1451 3061 1514 vilissima
3090 1451 3191 1513 cul
3199 1458 3525 1534 pae,atque

2019 1567 2056 1611 a
2095 1547 2251 1630 jugo
2294 1556 2358 1611 et
2400 1555 2711 1632 potestate
2756 1549 3017 1624 diaboli,
3064 1549 3337 1612 effectus
3379 1557 3528 1612 sunt

2021 1648 2337 1730 passionis
2370 1647 2667 1730 praefatae.
2689 1649 2997 1712 Similiter
3024 1648 3277 1712 collatio
3307 1649 3524 1730 gratiae

2023 1745 2086 1808 in
2139 1746 2458 1829 praesenti,
2506 1754 2571 1810 et
2610 1747 2831 1828 gloriae
2878 1747 2943 1809 in
2994 1746 3234 1821 futuro,
3281 1748 3411 1810 imo
3460 1755 3524 1810 et

395 1853 468 1908 et
511 1846 804 1909 radicatae
849 1847 916 1908 in
957 1844 1234 1908 essentia
1275 1843 1528 1918 animae,
1569 1861 1712 1924 quae
1755 1849 1908 1905 tunc
1935 1845 1986 1910 B
2023 1843 2317 1908 liberatio
2363 1844 2445 1907 ab
2490 1845 2661 1908 omni
2714 1845 2993 1920 miseria,
3040 1845 3520 1909 defectuositate

395 1953 538 2008 tota
565 1945 806 2007 exstitit
844 1943 912 2006 in
951 1944 1188 2019 dolore,
1219 1943 1412 2006 etiam
1457 1943 1524 2006 in
1561 1959 1668 2004 eas
1709 1948 1781 2003 ut
1815 1940 1910 2002 sic

397 2043 789 2106 redundavit
843 2043 1058 2124 passio
1115 2049 1306 2124 atque
1367 2039 1726 2123 compassio
1781 2039 1910 2102 Sal-

395 2141 664 2204 vatoris.
709 2140 838 2204 Nec
877 2147 1090 2202 tamen
1132 2139 1450 2202 contraria
1491 2137 1686 2201 simul
1729 2143 1910 2200 erant

397 2241 470 2303 in
534 2241 756 2303 eodem
825 2239 1186 2302 secundum
1252 2238 1426 2302 idem
1491 2245 1556 2300 et
1614 2243 1908 2319 respectu

397 2338 718 2420 ejusdem.
754 2337 992 2419 Nempe
1021 2336 1306 2420 potentia
1345 2336 1576 2400 animae
1615 2335 1744 2416 pati
1775 2341 1912 2418 pot-

395 2445 504 2500 est
547 2435 912 2518 dupliciter,
945 2441 1100 2517 puta
1132 2453 1147 2496 :
1181 2434 1440 2518 proprie
1482 2441 1548 2497 et
1574 2453 1612 2496 a
1641 2450 1758 2496 suo
1800 2431 1912 2496 ob-

391 2535 578 2616 jecto
617 2533 854 2608 laesiv0‚
888 2540 959 2595 ut
995 2533 1150 2594 dum
1191 2539 1396 2596 tactus
1441 2531 1758 2614 affligitur
1798 2530 1908 2593 fri-

391 2650 558 2716 gone
603 2640 714 2695 aut
761 2632 990 2695 calore.
1053 2631 1130 2694 Et
1173 2633 1268 2694 sic
1327 2631 1690 2713 superiores
1739 2629 1908 2694 vires

391 2734 636 2796 animae
693 2732 925 2795 Christi
985 2749 1114 2794 non
1173 2728 1580 2812 patiebantur
1637 2749 1752 2813 per
1816 2748 1909 2792 re-

391 2839 700 2914 spectum
754 2849 972 2894 earum
1024 2830 1102 2891 ad
1151 2831 1508 2892 increatum
1557 2827 1902 2909 objectum.

391 2931 699 2993 Secundo
735 2929 976 3012 patitur
1011 2928 1108 2992 vis
1151 2928 1380 2991 animae
1424 2926 1606 3009 quasi
1649 2945 1764 3008 per
1805 2945 1906 2989 ac-

2020 1951 2086 2005 et
2141 1943 2584 2026 passibilitate,
2636 1963 2793 2028 quas
2850 1963 2965 2026 per
3020 1944 3329 2026 originale
3378 1963 3521 2028 pec-

2021 2049 2235 2106 catum
2292 2051 2357 2105 et
2410 2043 2567 2106 alias
2626 2043 2847 2126 culpas
2908 2041 3275 2118 incidimus,
3324 2044 3519 2126 hujus

2021 2141 2337 2223 passionis
2378 2140 2815 2204 saluberrimae
2858 2148 3007 2204 sunt
3048 2141 3341 2205 effectus.

2354 2351 2874 2418 PROPOSITIO
2920 2351 3189 2418 CXXV.

2100 2537 2195 2603 1n
2241 2535 2658 2604 salvatore
2706 2540 3067 2619 tempore
3124 2536 3519 2619 pass1on1s

2019 2635 2245 2702 nulla
2280 2633 2439 2702 fuit
2471 2636 3007 2702 redundantia
3049 2637 3523 2703 consolatio·

2017 2735 2143 2800 nis
2192 2747 2241 2800 a
2289 2735 2685 2814 super10r1
2734 2735 3021 2800 ammas
3079 2749 3244 2801 suae
3291 2736 3521 2815 parte

2015 2831 2104 2898 in
2133 2834 2443 2913 partem
2477 2831 2651 2912 ejus
2684 2831 3169 2913 1nfer10rem‚
3201 2832 3523 2900 sensiti-

2018 2945 2205 2997 vam
2252 2932 2335 2996 et
2380 2931 2900 3012 corporalem.

389 3030 648 3101 cidens,
689 3027 936 3091 ratione
974 3027 1075 3090 sui
1123 3025 1400 3106 subjecti
1443 3043 1458 3087 τ
1492 3026 1904 3108 quemadmo·
1935 3031 1980 3096 C
2097 3027 2272 3102 Quod
2304 3034 2423 3102 est,
2456 3027 2607 3109 quia
2638 3035 2707 3090 ut
2738 3027 2949 3111 passio
2988 3047 3102 3090 sua
3140 3036 3308 3092 esset
3348 3047 3523 3092 acer-

387 3129 562 3189 dum
619 3125 770 3190 laeso
825 3142 1064 3207 organo
1111 3123 1390 3198 audituS,
1437 3123 1535 3187 vis
1593 3122 1909 3204 affligitur

387 3225 727 3304 auditiva3
772 3224 872 3287 vis
931 3223 1084 3286 item
1143 3223 1368 3297 visiva‚
1424 3222 1478 3284 si
1537 3223 1910 3285 vulneretur

388 3323 672 3406 pupilla.
731 3321 964 3404 Sicque
1007 3321 1308 3404 potentiae
1358 3319 1486 3384 inae
1543 3319 1908 3402 superiores

385 3431 556 3484 tunc
605 3419 1014 3504 patiebantur
1056 3438 1071 3482 t
1119 3420 1254 3482 imo
1301 3427 1366 3481 et
1417 3418 1782 3499 gaudebant
1827 3419 1908 3480 de

387 3521 721 3602 passione,
785 3519 852 3581 in
917 3525 1232 3600 quantum
1294 3525 1424 3580 tam
1485 3516 1908 3579 saluberrima

383 3619 524 3680 fuit
566 3625 628 3681 et
673 3616 1208 3681 fructuosissima.

717 3825 1240 3892 PROPOSITIO
1289 3823 1589 3890 CXXIV.

465 4009 824 4078 Effectus
846 4009 1264 4076 dominiooe
1291 4008 1688 4091 pass10nis
1715 4009 1912 4075 mul-

389 4113 468 4176 ti
513 4123 610 4176 ac
652 4106 986 4175 maxlnu
1026 4109 1238 4174 sunt.

2018 3125 2161 3188 bior
2218 3134 2281 3187 et
2340 3125 2543 3206 magis
2602 3127 2929 3189 meritoria
2982 3145 3057 3189 ac
3106 3126 3521 3191 subventoria

2019 3223 2227 3298 nobis,
2261 3223 2746 3287 redundantiam
2776 3225 2969 3288 talem
3004 3225 3361 3288 voluntarie
3392 3246 3523 3290 suae

2019 3321 2307 3386 inferiori
2364 3323 2527 3405 parti
2576 3323 2892 3386 subtraxit
2938 3342 2955 3386 ε
3007 3342 3122 3407 per
3168 3324 3339 3406 quod
3388 3325 3523 3388 suis

2017 3419 2325 3484 fidelibus
2382 3422 2707 3503 copiosam
2754 3429 2819 3484 et
2868 3422 3041 3504 piam
3091 3423 3327 3486 meruit
3373 3441 3523 3486 con-

2018 3519 2395 3582 solationem
2438 3519 2505 3581 in
2544 3519 3099 3602 persecutionibus
3142 3538 3215 3583 ac
3260 3520 3529 3584 tribula·

2019 3615 2303 3679 tionibus
2342 3616 2495 3679 suis.
2530 3617 2894 3680 Doctrinam
2933 3636 3189 3701 quoque
3230 3619 3525 3682 exhibuit

2019 3715 2385 3790 salutarem,
2420 3734 2500 3777 ne
2542 3714 2909 3778 diffidentia
2948 3725 3061 3778 aut
3098 3717 3523 3799 pusillanimi-

2017 3821 2146 3876 tate
2184 3813 2578 3894 frangantur,
2610 3813 2763 3875 dum
2810 3813 2876 3875 in
2916 3813 3400 3889 tentationibus,
3430 3814 3521 3877 af-

2017 3911 2045 3973 f
2049 3910 2421 3975 lictionibus
2441 3919 2504 3974 et
2524 3911 2847 3974 exercitiis
2878 3912 3033 3984 suiS,
3060 3912 3515 3988 consolatione,

2018 4009 2302 4083 dulcore,
2364 4009 2687 4072 alacritate
2748 4009 3097 4091 privantur.
3151 4009 3311 4072 Hinc
3368 4029 3519 4092 pen-

2017 4108 2175 4170 dens
2224 4108 2291 4171 in
2348 4125 2539 4170 cruce
2597 4106 2759 4169 dixit
2808 4124 2822 4169 :
2874 4108 3041 4170 Deus
3093 4125 3298 4183 meus,
3350 4109 3517 4172 Deus
3570 4129 3745 4176 natta.

3542 4205 3659 4237 ΧΧΥΙΙ

481 4207 664 4281 Quod
704 4213 822 4280 est,
863 4205 1015 4288 quia
1054 4223 1168 4288 per
1207 4203 1572 4286 passionem
1612 4204 1756 4267 Filii
1797 4205 1908 4270 Dei
1939 4211 1990 4274 D
2021 4225 2226 4281 meus,
2258 4213 2329 4268 ut
2368 4205 2522 4288 quid
2566 4205 2964 4287 dereliquisti
3010 4209 3155 4268 met

391 4304 804 4388 completum
861 4310 959 4366 est
1016 4304 1212 4367 totius
1263 4310 1493 4366 nostrae
1542 4304 1910 4368 salvationis

387 4405 788 4469 remedium.
837 4404 986 4466 Ideo
1035 4402 1352 4486 passionis
1407 4403 1582 4466 illius
1637 4403 1912 4466 effectus

389 4510 560 4568 sunt
593 4501 874 4565 :deletio
919 4501 1248 4582 originalis
1293 4501 1557 4584 peccati,
1599 4500 1682 4564 ob
1723 4501 1910 4582 cujus

391 4610 656 4666 reatum
699 4601 902 4663 sancti
945 4598 1394 4662 detinebantur
1439 4599 1504 4660 in
1555 4598 1756 4662 limbo
1803 4620 1910 4682 pa-

391 4713 632 4766 trum:
667 4701 749 4763 ita
795 4699 966 4782 quod
1011 4699 1322 4779 originale
1366 4698 1526 4761 illud
1573 4706 1904 4781 peccatum

387 4821 534 4867 non
597 4801 948 4881 imputatur
997 4797 1098 4860 his
1147 4797 1384 4879 quibus
1433 4797 1790 4879 applicatur
1846 4806 1910 4861 et

386 4897 921 4965 communicatur
959 4895 1184 4969 virtus,
1221 4895 1521 4958 meritum
1555 4915 1666 4958 seu
1708 4897 1909 4977 gratia

381 4997 744 5064 dominicae
790 4993 1123 5077 passionis.
1157 4994 1495 5076 Quumque
1539 5001 1798 5076 propter
1837 4995 1910 5057 il-

381 5100 528 5163 lius
581 5093 825 5178 peccati
876 5093 1260 5156 demeritum
1309 5101 1375 5154 et
1416 5101 1662 5154 reatum
1705 5111 1907 5173 genus

381 5201 760 5262 humanum
813 5189 1284 5273 impediebatur
1329 5210 1366 5253 a
1409 5191 1684 5255 coelestis
1727 5191 1906 5272 regni

379 5299 720 5379 ingressu,
773 5291 1018 5354 idcirco
1065 5290 1314 5373 apertio
1357 5289 1571 5371 januae
1617 5291 1796 5372 regni
1844 5298 1909 5354 et

2322 4412 2842 4480 PROPOSITIO
2889 4414 3191 4480 CXXVI.

2099 4600 2471 4680 Tempore
2530 4601 2923 4681 pass1onts
2979 4603 3344 4681 separata
3392 4605 3518 4670 est

2018 4700 2287 4765 anima
2336 4697 2638 4764 Christi
2695 4711 2744 4764 a
2810 4712 3137 4778 corpore
3208 4714 3376 4782 sun,
3431 4703 3516 4768 et

2019 4811 2492 4864 econverso:
2523 4796 2703 4863 ideo
2733 4809 2921 4862 vere
2960 4798 3331 4864 mortuus
3368 4800 3509 4866 est.

2017 4896 2465 4976 Utrumque
2536 4895 2804 4961 tamen
2883 4896 3179 4960 mansit
3248 4897 3511 4966 Verbo

2016 4997 2315 5061 oeterno
2356 5008 2450 5060 ac
2492 4995 2788 5060 divinas
2820 4994 3131 5058 naturoe
3166 4996 3511 5066 umtum.

2097 5093 2273 5167 Quod
2304 5101 2420 5165 est,
2456 5093 2605 5174 quia
2651 5092 2716 5153 in
2758 5098 2997 5173 puncto
3036 5093 3257 5155 mortis
3297 5095 3513 5158 anima

2017 5191 2249 5255 Christi
2281 5191 2469 5254 desiit
2510 5190 2855 5253 informare
2899 5197 2963 5253 et
3004 5191 3336 5256 vivificare
3380 5211 3513 5256 cor-

2019 5309 2139 5374 pus
2170 5290 2397 5373 ipsius,
2430 5296 2495 5352 et
2523 5289 2788 5352 recessit
2814 5287 2897 5352 ab
2926 5306 3003 5353 eo
3032 5289 3287 5354 realiter
3320 5299 3511 5377 atque

3660 4197 3755 4246 ,4⁶-
