4300 6259
990 513 1069 559 DE
1108 512 1337 559 Lmnmz
1380 509 1763 557 cnmsnANAE
1804 509 2105 567 mmmm,
2153 512 2330 560 LIBER
2373 515 2434 561 u.
2481 533 2560 544 —
2600 517 2739 563 Aur.
2787 517 2853 563 m

3349 498 3494 603 389·

356 700 573 765 neque
612 684 888 747 naturali
930 683 1171 747 lumine
1213 680 1723 765 perscrutabiles.
1770 679 1869 741 Fi·
1898 679 1947 742 A
1977 699 2119 762 quae
2162 682 2324 746 ratio
2366 684 2646 749 humana
2687 686 3068 769 investigare
3109 686 3299 760 valet,
3340 705 3472 749 cre-

356 781 475 842 des
518 780 739 863 itaque
786 790 1068 845 mentem
1118 782 1441 844 illuminat
1486 787 1551 842 et
1595 779 1673 841 ad
1718 796 1869 859 ope-

358 878 635 941 randum
684 879 961 943 instruit.
1011 880 1349 962 Propterea
1392 878 1589 940 fidem
1633 876 1868 939 descri-

174 998 269 1034 r-t·‚
316 975 521 1037 -bens
580 976 923 1059 Apostolus
980 979 1090 1051 ait,
1143 977 1313 1060 quod
1372 976 1455 1039 sit
1510 975 1867 1037 substantia

358 1093 579 1137 rerum
656 1078 1140 1158 sperandarum,
1210 1082 1659 1157 argumentum
1738 1092 1867 1136 non

357 1175 832 1255 apparentium.
880 1176 1127 1259 Quippe
1174 1175 1343 1256 quod
1392 1180 1704 1255 speratur,
1748 1172 1867 1234 hoc

356 1272 740 1354 appetitur3
802 1274 971 1355 quod
1040 1280 1255 1335 autem
1314 1290 1462 1333 vere
1518 1271 1865 1353 appetitur,

364 1388 483 1451 pro
526 1370 702 1433 illius
746 1371 1085 1453 adeptione
1130 1370 1344 1432 studet
1383 1370 1724 1451 appetitus,
1773 1370 1870 1431 Id-

358 1488 569 1551 eoque
614 1470 777 1533 l'ides
808 1491 949 1553 quae
979 1489 1096 1553 pro
1126 1470 1385 1532 illorum
1432 1469 1699 1531 obtentu
1740 1488 1864 1532 non

288 1590 329 1627 ιι,
362 1568 611 1631 laborat
660 1588 803 1651 quae
856 1569 1171 1651 speranda
1214 1568 1425 1642 tradit,
1484 1576 1733 1631 mortua
1778 1568 1869 1629 di-

360 1667 549 1729 citur.

438 1764 581 1826 Jam
612 1762 808 1845 igitur
836 1772 1164 1827 ostensum
1198 1771 1295 1827 est
1324 1762 1865 1846 quemadmodum

1977 779 2184 842 denda
2237 782 2560 857 darentur,
2621 784 2858 867 triplici
2919 804 2997 847 ex
3057 804 3264 848 causa.
3318 785 3476 859 Quo-

1978 876 2149 939 niam
2199 880 2372 942 enim
2423 880 2784 945 intellectus
2832 891 3047 947 noster
3092 884 3170 945 ad
3229 882 3476 946 divino-

1978 995 2121 1038 rum
2193 986 2256 1039 et
2324 979 2798 1044 insensibilium
2878 982 3268 1064 agnitionem
3349 999 3477 1045 non

1978 1074 2236 1137 ducitur
2264 1077 2389 1139 nisi
2427 1097 2506 1139 ex
2544 1079 2901 1142 visibilium
2945 1088 3008 1143 et
3049 1079 3477 1143 materialium

1978 1174 2556 1256 contemplatione3
2589 1177 2643 1239 si
2683 1196 2798 1259 per
2845 1178 3042 1241 fidem
3087 1196 3215 1241 non
3258 1178 3478 1241 edoce-

1980 1278 2201 1332 rentur
2255 1272 2550 1335 homines
2605 1274 2684 1337 de
2732 1276 2862 1339 Deo
2918 1283 2981 1339 et
3042 1274 3477 1338 invisibilibus

1980 1368 2149 1431 circa
2209 1370 2348 1432 illas
2397 1372 2695 1435 veritates
2743 1392 2900 1455 quas
2959 1374 3119 1437 ratio
3179 1374 3476 1454 indagare

1980 1474 2210 1549 potest,
2263 1470 2482 1550 paucis
2541 1472 2762 1553 utique
2820 1471 3192 1534 hominibus
3240 1471 3476 1533 inesset

1976 1565 2344 1629 divinorum
2375 1567 2617 1630 notitia.
2653 1568 2766 1631 Hic
2797 1570 2971 1633 enim
3003 1588 3337 1651 processus
3369 1587 3474 1633 co-

1974 1664 2323 1744 gnoscendi
2387 1665 2603 1727 divina
2669 1685 2747 1728 ex
2811 1667 3202 1741 visibilibus,
3265 1667 3478 1731 studio

1976 1769 2119 1841 eget
2163 1780 2176 1823 :
2218 1781 2253 1823 a
2297 1781 2425 1844 quo
2469 1763 2655 1825 multi
2699 1763 3174 1839 abstrahuntur,
3218 1773 3328 1828 aut
3369 1784 3478 1828 ne-

360 1862 463 1924 lex
512 1862 823 1925 naturalis
867 1863 933 1925 in
974 1863 1151 1926 omni
1198 1864 1413 1945 specie
1457 1862 1621 1925 entis
1662 1862 1765 1933 sit,
1802 1868 1865 1923 et
1901 1857 1947 1919 B
1977 1860 2274 1922 cessitate
2303 1860 2395 1923 rei
2426 1859 2783 1936 familiariS,
2815 1871 2927 1925 aut
2964 1862 3350 1926 hebetudine
3382 1864 3476 1925 in-

357 1962 531 2043 quod
584 1960 645 2023 in
697 1961 961 2024 homine
1008 1962 1090 2023 sit
1148 1962 1249 2023 lex
1297 1962 1587 2044 quaedam
1646 1978 1867 2041 super-

358 2058 671 2121 naturalis
743 2059 809 2121 in
878 2058 1429 2141 supernaturalem
1502 2057 1706 2120 finem
1776 2056 1865 2118 di-

360 2175 599 2237 rigens.

767 2418 1259 2483 ARTICULUS
1306 2418 1429 2481 ΙΙΙ.

360 2562 549 2627 Quod
592 2567 1029 2635 conyruenter
1069 2560 1227 2617 data
1274 2566 1365 2617 est
1406 2546 1779 2617 Hominibus
1824 2576 1865 2613 a

568 2652 701 2709 Deo
732 2651 840 2706 lex
878 2667 1023 2727 quce
1056 2650 1220 2724 fides
1259 2650 1655 2723 appellatur.

500 2842 803 2905 L'ONJAM
860 2841 1137 2924 denique
1209 2842 1557 2923 unicuique
1624 2848 1865 2902 naturae

363 2840 493 3042 Q
530 2942 781 3003 entium
844 2940 943 3002 lex
1001 2940 1293 3022 quaedam
1361 2958 1398 3001 a
1456 2938 1674 3000 divina
1731 2943 1864 2999 arte

1973 1958 2290 2032 tellectuS,
2331 1966 2440 2021 aut
2478 1959 2736 2041 pigritia
2775 1961 3027 2025 mentis.
3063 1962 3377 2037 Secundo,
3411 1961 3476 2024 id

1974 2056 2186 2139 ipsum
2246 2057 2617 2121 hominibus
2675 2060 3107 2123 necessarium
3167 2060 3305 2122 fuit.
3369 2060 3478 2123 Co-

1971 2154 2176 2235 gnitio
2233 2156 2408 2218 enim
2457 2156 2823 2219 divinorum
2875 2159 3075 2221 multa
3123 2157 3472 2241 praeexigit,

1972 2253 2278 2316 diuturno
2321 2254 2534 2317 studio
2571 2263 2733 2336 eget,
2767 2262 2832 2317 et
2870 2256 2972 2319 his
3013 2257 3292 2319 maxime
3329 2272 3478 2318 con-

1972 2351 2145 2431 gruit
2185 2352 2296 2434 qui
2339 2352 2400 2413 in
2442 2352 2744 2416 omnibus
2793 2353 2935 2416 aliis
2976 2353 3264 2416 scientiis
3298 2372 3475 2417 exer-
3507 2366 3768 2419 manau.

1975 2450 2199 2513 citatos
2247 2450 2483 2513 habent
2531 2470 2778 2513 sensus.
2821 2451 2884 2513 Si
2927 2452 3122 2532 igitur
3167 2451 3300 2515 fide
3346 2469 3476 2515 non

1976 2547 2377 2611 imbueretur
2423 2549 2756 2612 bominum
2810 2550 3196 2625 intellectus,
3251 2568 3478 2631 magna

1976 2663 2119 2727 pars
2179 2645 2324 2707 vitae
2379 2664 2602 2708 eorum
2653 2664 2800 2709 cum
2851 2647 3208 2728 ignorantia
3253 2647 3366 2710 Dei
3415 2655 3480 2710 et

1976 2751 2406 2823 separatarum
2458 2742 2814 2806 bonitatum
2865 2744 3197 2809 deflueret.
3245 2746 3476 2818 Terti0‚

1976 2840 2095 2903 hoc
2127 2840 2338 2921 ipsum
2380 2841 2522 2904 ideo
2553 2843 2771 2904 evenit
2803 2860 2816 2905 ε
2852 2843 3170 2906 humanus
3201 2863 3480 2927 namque

1978 2938 2340 3001 intellectus
2399 2940 2475 3002 ad
2537 2941 3144 3023 contemplationem
3197 2941 3483 3005 immate-

360 3040 675 3123 impressa
740 3047 859 3112 est,
929 3057 1056 3120 qua
1124 3039 1189 3099 in
1258 3037 1358 3099 sui
1427 3036 1627 3099 finem
1698 3034 1939 3097 meatC
1978 3036 2230 3098 rialium
2291 3056 2357 3098 se
2415 3037 2608 3101 habet
2657 3038 2825 3100 sicut
2874 3038 3049 3101 visus
3099 3048 3346 3103 noctuae
3404 3040 3481 3102 ad

360 3138 905 3219 unumquodque;
938 3137 1139 3199 videri
1186 3135 1397 3200 forsan
1442 3134 1645 3218 possit
1670 3133 1863 3195 alicui

360 3236 771 3318 superfluum
821 3234 979 3309 fore,
1025 3235 1159 3297 dari
1212 3234 1583 3296 hominibus
1634 3233 1861 3313 legem,

361 3335 527 3396 ultra
570 3352 713 3395 eam
758 3352 901 3415 quae
944 3333 1317 3395 naturaliter
1362 3332 1519 3413 ipsis
1560 3330 1866 3413 inscripta

360 3443 475 3504 est,
528 3441 595 3494 et
654 3451 781 3513 qua
838 3432 903 3494 in
954 3432 1309 3494 naturalem
1364 3451 1544 3494 suam
1597 3430 1864 3495 beatitu-

362 3533 577 3593 dinem
642 3530 791 3593 duci
850 3538 1117 3612 possunt
1176 3546 1189 3591 :
1256 3531 1603 3611 praesertim
1663 3548 1863 3611 quum

364 3629 871 3711 unumquodque
910 3635 1283 3691 contentum
1326 3626 1616 3689 videatur
1654 3626 1717 3688 in
1764 3626 1863 3689 his

361 3748 501 3809 quae
562 3726 803 3810 speciei
864 3745 995 3789 suae
1044 3724 1561 3807 correspondent.
1616 3725 1859 3795 Adhuc,

362 3845 485 3889 non
558 3826 815 3887 videtur
872 3824 1179 3907 sapientis
1240 3842 1381 3885 esse
1450 3824 1598 3885 dare
1667 3822 1863 3884 alicui

362 3928 527 4008 quod
560 3926 977 4007 capacitatem
1011 3923 1185 3985 illius
1221 3922 1495 3985 excellit.
1532 3922 1647 3995 Qui
1689 3920 1861 3983 enim

361 4026 684 4107 sapienter
729 4024 969 4095 influit,
1006 4028 1333 4085 mensurat
1378 4029 1441 4083 et
1483 4019 1863 4082 determinat

362 4125 523 4185 dona
554 4122 987 4185 influxionum
1020 4120 1099 4182 ad
1123 4120 1384 4181 modum
1416 4126 1481 4181 et
1513 4117 1862 4200 proportio-

1976 3134 2186 3196 radios
2235 3135 2388 3197 solis
2438 3136 2877 3217 splendentis;
2919 3156 3128 3220 neque
3169 3137 3364 3200 firma
3408 3156 3481 3199 ac

1976 3234 2474 3295 demonstrativa
2505 3234 2886 3297 certitudine
2917 3233 3188 3297 stabiliri
3223 3242 3484 3317 possunt

1974 3350 2050 3393 ea
2077 3332 2288 3394 omnia
2316 3351 2456 3413 quae
2487 3332 2566 3393 de
2597 3332 2832 3394 divinis
2863 3333 3168 3414 gloriatur
3199 3352 3266 3396 se
3296 3350 3482 3416 posse

1974 3430 2292 3511 speculari
2323 3430 2630 3492 naturalis
2671 3430 2849 3493 rati0.
2886 3431 2948 3493 Si
2991 3449 3142 3512 ergo
3181 3451 3297 3513 per
3325 3430 3481 3494 fidei

1974 3528 2268 3589 stabilem
2303 3528 2832 3610 immobilemque
2863 3529 3315 3593 certitudinem
3351 3548 3478 3592 non

1975 3625 2355 3688 docerentur
2401 3625 2694 3688 homines
2751 3627 2830 3689 de
2889 3627 3265 3689 veritatibus
3323 3628 3481 3689 divi-

1974 3741 2202 3785 norum
2245 3743 2384 3805 quae
2417 3724 2576 3785 ratio
2618 3724 2988 3787 adinvenire
3031 3731 3238 3806 potest
3275 3724 3480 3788 subti-

1976 3821 2444 3903 lis‚plurimum
2475 3820 2816 3883 dubietatis
2845 3822 3300 3885 admisceretur
3330 3841 3476 3885 con-

1972 3920 2189 3981 sensui
2261 3919 2434 3999 vulgi
2499 3935 2512 3979 :
2586 3920 2942 4001 praesertim
3012 3921 3167 3983 dum
3235 3928 3473 3982 tantam

1973 4024 2308 4079 cernerent
2340 4017 2504 4077 inter
2543 4016 2934 4078 solenniores
2975 4017 3270 4079 humanae
3303 4017 3476 4080 theo·

1972 4116 2079 4177 riae
2111 4114 2430 4195 sapientes
2462 4114 2896 4176 diversitatem
2936 4115 3356 4177 assertionum
3397 4116 3474 4177 de

364 4242 507 4284 nem
551 4220 944 4303 recipientis.
980 4219 1337 4299 Proponere
1376 4234 1527 4297 ergo
1567 4216 1860 4279 humanae
1892 4219 1941 4279 D
1972 4220 2196 4274 natura
2233 4212 2618 4274 divinorum.
2659 4211 2996 4275 Enimvero
3038 4212 3322 4275 vicissim
3367 4234 3474 4277 na-

364 4320 589 4383 rationi
622 4337 842 4380 earum
884 4317 1223 4379 veritatum
1268 4315 1465 4377 sidem
1506 4333 1663 4397 quas
1694 4332 1861 4375 com-

364 4416 761 4499 prehendere
810 4414 1055 4495 nequit,
1108 4430 1233 4475 non
1293 4419 1388 4475 est
1435 4414 1535 4493 (ut
1585 4412 1862 4492 videtur)

364 4516 671 4599 sapientis
714 4514 972 4577 datoris.

440 4616 559 4678 Sed
593 4611 1148 4694 dicendum‚quod
1184 4610 1283 4673 lex
1316 4610 1662 4673 christiana
1694 4629 1861 4691 quae-

365 4716 505 4777 dam
536 4711 1028 4796 comprehendit
1065 4710 1141 4772 ad
1183 4729 1325 4792 quae
1364 4710 1671 4771 naturalis
1702 4708 1861 4770 ratio

366 4814 725 4895 pertingere
757 4816 965 4893 potest
996 4826 1009 4869 :
1036 4808 1201 4871 sicut
1232 4826 1431 4869 unum
1464 4826 1603 4869 esse
1633 4808 1857 4872 Deum,

365 4922 423 4973 et
479 4911 575 4973 illi
626 4908 743 4973 soli
807 4907 1051 4969 cultum
1114 4906 1309 4968 latriae
1368 4905 1501 4967 fore
1558 4905 1863 4967 exbiben-

364 5011 533 5072 dum.
610 5008 731 5071 Sed
798 5004 1101 5088 quoniam
1168 5003 1455 5066 naturale
1513 5003 1729 5065 lumen
1801 5009 1864 5064 et

364 5108 677 5189 judicium
736 5106 1031 5167 humanae
1092 5102 1353 5163 rationis
1421 5101 1864 5183 multipliciter

366 5205 821 5269 obtenebratur
870 5210 934 5265 et
988 5199 1378 5282 obliquatur,
1432 5199 1863 5261 necessarium

368 5303 485 5365 fuit
512 5300 889 5367 bominibus
910 5298 1020 5363 Dei
1049 5296 1548 5378 adjutorium,ut
1577 5314 1651 5358 ea
1678 5295 1868 5358 etiam

1970 4310 2196 4373 turalis
2239 4310 2399 4372 ratio
2442 4310 2534 4371 sic
2581 4309 3057 4383 obtenebratur,
3105 4318 3174 4371 ut
3229 4312 3330 4373 his
3383 4312 3473 4374 in-

1974 4410 2207 4471 haereat
2251 4416 2314 4470 et
2356 4409 2721 4489 acquiescat
2765 4428 2906 4490 quae
2951 4416 3168 4471 contra
3212 4428 3468 4473 omnem

1972 4516 2260 4572 naturam
2315 4508 2568 4588 penitus
2621 4506 2787 4568 fiunt
2821 4525 2834 4568 t
2870 4508 3037 4569 sicut
3076 4508 3252 4581 olim,
3302 4517 3474 4571 ante-

1973 4626 2164 4689 quam
2217 4606 2382 4667 Deus
2432 4604 2610 4665 daret
2657 4604 2853 4686 Moysi
2903 4604 3106 4684 legem
3153 4606 3476 4668 mandato-

1974 4724 2139 4776 rum,
2204 4702 2495 4763 homines
2553 4700 2946 4773 idololatriae,
3007 4709 3224 4764 contra
3282 4722 3473 4784 quam

1974 4804 2186 4865 omnis
2253 4806 2541 4862 creatura
2611 4799 2994 4880 ingemiscit,
3066 4809 3129 4863 et
3196 4804 3476 4884 peccatis

1974 4900 2210 4963 abusus
2243 4900 2536 4961 humanae
2567 4897 2798 4970 carnis,
2833 4907 3052 4960 contra
3082 4919 3224 4981 quae
3263 4902 3474 4964 omnis

1975 5006 2198 5061 natura
2242 4995 2652 5067 contabescit,
2694 4995 2890 5057 dediti
2935 5006 3133 5060 erant.
3179 4999 3352 5063 Unde
3393 5002 3470 5065 ad

1974 5094 2490 5159 reformationem
2535 5093 2690 5173 legis
2731 5094 3104 5157 naturaliter
3146 5098 3469 5161 mentibus

1974 5194 2310 5259 hominum
2370 5192 2714 5273 inscriptae,
2764 5192 2992 5255 donata
3049 5201 3146 5257 est
3201 5196 3302 5258 lex
3361 5195 3468 5259 illa

1978 5299 2466 5377 praeceptorum.
