4300 6259
1001 480 1084 528 m!
1122 479 1352 528 tumim
1395 476 1779 527 cmusTuNAE
1819 479 2122 538 mcum,
2168 479 2347 528 LIBER
2388 481 2427 526 1.
2474 498 2553 510 ·—
2594 481 2735 528 Aur.
2781 481 2963 527 Lxxtv

3412 459 3527 524 321

419 647 710 730 denique
739 649 974 713 coelum
1017 669 1092 712 ac
1137 649 1344 712 sidera
1383 649 1605 724 volvit,
1637 657 1926 730 tempora
1955 649 2008 712 Α
2041 656 2220 728 θῖυε;
2253 668 2651 733 consequens
2690 650 2963 724 videtur,
2998 648 3051 712 si
3082 647 3283 730 ipsius
3328 645 3539 728 provi-

420 755 490 808 et
521 755 734 810 motus
761 748 1110 830 dispensat,
1143 747 1460 811 elementa
1489 747 1650 820 unit,
1672 765 1929 828 genera·

423 843 586 906 bilia
635 846 988 908 secundum
1027 847 1309 928 speciem
1363 853 1752 916 manutenet,
1793 863 1926 908 om-

423 961 710 1024 nemque
775 953 1078 1007 eventum
1145 944 1482 1008 mobilium
1553 963 1767 1006 rerum
1835 944 1926 1006 in-

426 1039 688 1104 solubili
757 1059 1092 1104 causarum
1163 1042 1388 1106 ordine
1455 1041 1924 1124 complectitur,

427 1139 786 1201 secundum
815 1139 1127 1212 Boetium,
1156 1157 1232 1202 eo
1263 1139 1432 1221 quod
1463 1157 1540 1201 ex
1571 1138 1930 1202 certissimo

427 1235 664 1299 divinae
722 1237 1140 1320 providentiae
1187 1236 1364 1300 fonte
1414 1237 1716 1319 procedat
1767 1255 1780 1299 ε
1833 1245 1932 1300 θεῖ

429 1351 582 1416 ergo
631 1333 990 1398 futurorum
1040 1335 1444 1417 providentia
1490 1353 1698 1398 causa.
1741 1335 1930 1398 Porro

429 1433 643 1496 omnis
671 1452 914 1514 regens,
933 1435 1374 1518 dispositionis
1405 1441 1720 1497 rectorum
1742 1453 1932 1498 causa

430 1539 550 1604 est,
583 1541 875 1614 respectu
920 1533 1106 1614 cujus
1150 1533 1388 1595 dicitur
1431 1550 1656 1614 regens
1707 1551 1721 1594 :
1765 1533 1932 1594 sicut

429 1629 562 1692 dux
589 1636 686 1692 est
711 1630 954 1693 ordinis
999 1631 1109 1714 qui
1149 1632 1216 1693 in
1257 1631 1542 1694 exercitu
1582 1637 1679 1693 est
1716 1649 1926 1694 causa.

431 1729 674 1794 Divinae
743 1738 960 1793 autem
1019 1731 1436 1813 providentiae
1501 1732 1718 1794 omnia
1781 1730 1928 1793 sub-

2039 747 2255 810 dentia
2285 749 2366 810 sit
2396 757 2625 810 cuncta
2656 749 3089 830 complectens
3119 753 3184 808 et
3212 744 3536 815 ordinans,

2041 846 2209 927 quod
2250 847 2445 909 totius
2496 845 2645 909 mali
2694 855 2758 909 et
2805 843 3148 908 inordinati
3198 843 3281 904 sit
3328 840 3543 904 exclu—

2040 945 2177 1006 siva
2219 963 2335 1026 per
2376 945 2851 1027 anticipationis
2894 944 3201 1006 virtutem
3236 960 3250 1003 :
3284 949 3349 1004 et
3393 941 3543 1021 quia

2041 1041 2163 1104 hoc
2194 1059 2322 1104 non
2354 1043 2679 1106 cernimus
2710 1041 2880 1114 fieri,
2914 1059 3314 1122 consequens
3344 1037 3445 1112 fit,
3472 1044 3546 1099 ut

2041 1139 2316 1214 videtur,
2367 1141 2649 1203 divinam
2700 1140 3166 1222 providentiam
3217 1155 3343 1200 non
3404 1153 3545 1198 esse

2042 1256 2299 1300 causam
2332 1257 2546 1301 rerum
2585 1248 2693 1302 aut
2730 1246 2901 1302 certe
2941 1245 3265 1318 regentem
3306 1233 3539 1298 omnia.

2041 1373 2120 1382 —
2148 1337 2475 1410 Praeterea,
2510 1337 2822 1420 quidquid
2868 1335 3156 1418 procedit
3198 1332 3277 1398 ab
3322 1333 3545 1396 immo-

2039 1434 2155 1498 bili
2207 1437 2567 1498 necessaria
2616 1427 2827 1509 causa,
2882 1454 3025 1518 quae
3074 1452 3193 1496 nec
3242 1430 3541 1514 impediri

2040 1541 2250 1617 potest
2304 1552 2423 1596 nec
2483 1533 2784 1608 deficere,
2838 1534 2901 1596 id
2960 1549 3087 1595 non
3148 1538 3357 1614 potest
3412 1547 3539 1593 non

2039 1632 2299 1695 evenire
2334 1649 2349 1696 z
2382 1632 2435 1694 si
2468 1631 2641 1694 enim
2683 1649 2809 1694 non
2850 1631 3158 1703 eveniret,
3191 1647 3378 1691 causa
3422 1629 3539 1691 im-

2041 1730 2257 1813 pedita
2288 1729 2452 1793 foret
2480 1738 2545 1792 et
2576 1729 2907 1792 deficiens.
2946 1728 3173 1791 Divina
3203 1745 3354 1790 vero
3398 1744 3540 1810 pro-

429 1837 582 1890 sunt
611 1834 912 1911 tanquam
945 1830 1168 1912 primae
1197 1829 1631 1911 gubernatrici
1667 1847 1682 1892 t
1714 1830 1930 1893 omnia
1957 1831 2006 1894 B
2043 1827 2326 1892 videntia
2356 1827 2491 1890 falli
2533 1828 2774 1906 nescit;
2806 1846 2926 1890 nec
2968 1825 3265 1908 impediri
3309 1833 3539 1908 potest,

429 1944 584 2008 ergo
639 1927 956 2008 producit.
994 1929 1074 1990 At
1113 1945 1265 1992 vero
1307 1928 1731 2010 providentia,
1763 1928 1929 1990 ordi-

429 2025 536 2086 nis
593 2043 805 2088 rerum
865 2033 1184 2089 rectarum
1247 2045 1440 2088 causa
1495 2032 1611 2098 est,
1669 2035 1738 2088 ut
1797 2025 1930 2107 jam

431 2123 856 2205 praehabitum
887 2132 1026 2204 est3
1057 2126 1212 2187 ordo
1241 2143 1394 2187 vero
1423 2124 1670 2207 primus
1709 2124 1818 2208 qui
1865 2125 1933 2187 in

431 2221 628 2284 rebus
663 2229 782 2296 est,
815 2223 1118 2286 convenit
1152 2224 1246 2286 eis
1287 2223 1640 2286 secundum
1685 2222 1932 2306 species

431 2339 582 2382 suas
611 2327 676 2383 et
705 2321 1156 2383 substantiales
1198 2320 1645 2403 perfectioneS‚
1679 2321 1830 2394 imo,
1863 2329 1936 2383 ut

431 2425 580 2480 ante
608 2425 936 2482 ostensum
966 2427 1084 2493 est,
1115 2418 1290 2481 aliud
1319 2437 1446 2482 non
1487 2427 1584 2482 est
1623 2419 1740 2482 istc
1779 2420 1934 2482 ordo

432 2536 628 2600 quam
659 2518 816 2600 ipsae
847 2537 1062 2582 rerum
1093 2525 1336 2582 naturae
1365 2526 1430 2580 et
1459 2518 1707 2601 species
1738 2517 1936 2581 instar

431 2635 850 2680 numerorum
898 2616 1210 2699 colligatae
1260 2634 1276 2678 :
1327 2622 1424 2680 est
1470 2617 1684 2699 itaque
1730 2617 1939 2699 provi-

429 2716 648 2780 dentia
715 2735 930 2780 rerum
990 2735 1204 2780 causa.
1266 2716 1611 2779 Enimvero
1667 2715 1936 2779 scientia

429 2815 546 2877 Dei
577 2823 673 2878 est
703 2833 896 2878 causa
931 2815 1398 2879 exsistentium.
1437 2815 1599 2896 Ergo
1629 2822 1692 2876 et
1723 2814 1934 2897 provi·

429 2913 647 2976 dentia
674 2933 866 2977 causa
894 2921 992 2978 est
1018 2912 1514 2994 gubernatorum
1533 2913 1732 2975 :idem
1765 2913 1934 2976 enim

2041 1945 2243 2009 quum
2290 1926 2374 1988 sit
2411 1925 2675 1989 omnino
2718 1926 3089 1988 fortissima.
3137 1924 3200 1987 Si
3252 1932 3349 1986 est
3394 1941 3545 2005 ergo

2043 2043 2254 2087 rerum
2284 2025 2809 2098 causa,universa
2841 2023 2918 2086 de
2949 2023 3325 2086 necessitate
3357 2022 3542 2084 fient:

2042 2123 2212 2205 quod
2260 2123 2686 2203 incongruum
2728 2121 2913 2184 valde
2955 2129 3070 2184 est.
3104 2157 3183 2166 —
3213 2120 3459 2194 Adhuc,
3492 2121 3548 2182 si

2043 2221 2333 2284 omnium
2368 2221 2771 2302 provisorum
2800 2221 2883 2282 sit
2908 2219 3311 2303 providentia
3335 2237 3545 2293 causa,

2047 2319 2213 2382 mala
2238 2326 2453 2382 autem
2488 2318 2685 2380 multa
2717 2318 2856 2400 ipsa
2882 2317 3099 2381 futura
3128 2316 3546 2400 prospexerit,

2046 2418 2339 2481 omnium
2389 2417 2615 2479 talium
2662 2424 2832 2480 esset
2876 2435 3087 2480 causa.
3144 2416 3324 2478 Esset
3371 2416 3551 2498 equi·

2045 2517 2193 2580 dem
2251 2515 2543 2578 omnium
2605 2514 2947 2590 furtorum,
3000 2522 3369 2598 stuprorum
3431 2513 3548 2575 cri-

2048 2615 2427 2696 minumque
2484 2613 2931 2676 universorum
3001 2612 3253 2674 causale
3310 2611 3545 2695 princi-

2046 2714 2251 2796 pium,
2306 2731 2507 2794 quum
2556 2711 2647 2774 nil
2697 2729 2839 2775 eam
2889 2711 3076 2774 lateat
3129 2729 3143 2775 :
3198 2711 3369 2793 quod
3418 2727 3545 2773 non

2044 2811 2217 2873 dicet
2258 2809 2383 2872 nisi
2434 2828 2615 2872 mens
2666 2809 2773 2871 illa
2817 2828 2960 2891 quae
3004 2809 3215 2871 omnis
3258 2808 3545 2871 veritatis

2045 2916 2108 2972 et
2139 2927 2309 2972 sanae
2340 2907 2603 2970 rationis
2635 2925 2863 2990 expers
2894 2914 3007 2969 est.
3032 2906 3168 2970 Non
3200 2923 3350 2987 ergo
3376 2906 3549 2968 vide—

429 3022 584 3077 sunt
633 3013 698 3076 in
745 3014 874 3077 Deo
915 3013 1186 3076 scientia
1229 3021 1294 3076 θῖ
1337 3013 1760 3095 providentia,
1808 3013 1932 3076 nisi
1969 3009 2013 3074 C
2045 3014 2151 3068 tur
2190 3006 2353 3069 bene
2391 3007 2721 3080 traditum,
2754 3005 3039 3068 divinam
3080 3003 3545 3086 providentiam

428 3113 601 3194 quod
644 3113 914 3175 scientia
951 3113 1188 3174 dicitur
1233 3119 1528 3194 respectu
1580 3113 1932 3191 scitorum3

427 3211 834 3293 providentia
879 3228 1034 3274 vero
1081 3217 1178 3273 cst
1218 3210 1298 3274 de
1349 3208 1542 3272 rebus
1593 3210 1656 3273 in
1711 3211 1934 3274 ordine

426 3310 510 3371 ad
550 3308 774 3383 finem,
815 3309 882 3372 in
921 3327 1050 3392 quo
1089 3307 1384 3372 consistit
1423 3308 1584 3372 ratio
1619 3308 1934 3390 guberna-

431 3407 650 3470 tionis.

511 3505 576 3568 Si
625 3513 840 3569 autem
891 3506 1037 3588 quis
1085 3503 1224 3567 istis
1272 3503 1540 3585 objiciat
1583 3505 1934 3587 :Origenes

427 3605 540 3678 ait,
589 3621 718 3666 non
768 3603 912 3666 ideo
960 3602 1116 3685 quid
1163 3621 1302 3666 esse
1347 3609 1730 3665 eventurum
1780 3621 1932 3687 quo-

425 3704 602 3766 niam
635 3703 795 3766 illud
827 3701 1224 3784 providetur,
1257 3720 1371 3764 seu
1419 3701 1570 3783 quia
1599 3701 1935 3784 providen-

425 3802 516 3864 tia
575 3800 734 3863 illud
793 3799 1084 3862 futurum
1145 3799 1496 3882 prospexit,
1549 3799 1660 3862 sed
1720 3799 1934 3881 potius

425 3916 799 3971 econvers0,
860 3897 1167 3980 quoniam
1237 3896 1398 3959 illud
1455 3896 1749 3960 futurum
1809 3906 1930 3971 est,

429 3998 574 4062 ideo
617 3996 948 4079 provisum
993 4003 1109 4058 est.
1159 3995 1460 4077 Sequitur
1505 3995 1720 4076 igitur,
1761 3997 1933 4078 quod

427 4115 530 4159 res
575 4095 788 4178 potius
835 4095 968 4156 sint
1014 4112 1220 4156 causae
1269 4093 1690 4174 providentiae
1739 4112 1934 4176 quam

2046 3123 2305 3168 causam
2348 3102 2484 3167 fore
2528 3103 2917 3166 futurorum.

2126 3203 2247 3266 Sed
2301 3202 2819 3286 respondendum
2867 3218 2881 3264 ε
2930 3201 3240 3283 Equidem
3291 3200 3345 3263 si
3402 3199 3553 3264 Boe-

2046 3301 2207 3364 tium
2255 3301 2401 3384 quis
2445 3301 2627 3383 sequi
2679 3299 2977 3373 voluerit,
3010 3300 3273 3363 omnino
3322 3317 3554 3381 negan-

2045 3400 2164 3462 dus
2196 3407 2290 3462 θεῖ
2322 3399 2431 3462 ille
2460 3398 2749 3479 origenis
2780 3415 3012 3460 sermo.
3034 3397 3111 3460 Ut
3138 3399 3312 3461 enim
3342 3405 3547 3472 sonat,

2045 3498 2138 3560 sic
2171 3517 2249 3561 ex
2287 3515 2363 3562 eo
2405 3504 2803 3580 sequeretur,
2837 3496 3008 3578 quod
3047 3504 3297 3560 oeternae
3336 3496 3547 3578 provi-

2047 3597 2279 3660 dentiae
2320 3595 2771 3679 temporalium
2822 3613 3038 3658 rerum
3077 3603 3343 3658 eventus
3382 3595 3547 3658 foret

2047 3714 2237 3758 causa
2289 3713 2303 3757 :
2356 3693 2525 3777 quod
2584 3693 2848 3756 omnino
2905 3701 3362 3774 praeposterum
3424 3701 3539 3755 θεῖ.

2044 3795 2285 3858 Rursus
2316 3798 2713 3874 sequeretur,
2746 3791 2917 3872 quod
2956 3791 3172 3853 divina
3210 3790 3547 3872 praescien-

2045 3892 2132 3954 tia
2188 3889 2576 3972 dependeret
2616 3907 2695 3951 ex
2742 3886 3067 3970 aliquibus
3122 3905 3135 3950 :
3188 3887 3357 3969 quod
3414 3904 3544 3949 non

2045 3989 2379 4070 contingit,
2432 3987 2787 4050 secundum
2855 3985 3406 4068 praedeterminata
3465 3984 3545 4048 de

2047 4087 2361 4160 libertate,
2391 4083 2785 4169 perfectione
2823 4091 2887 4146 et
2926 4083 3419 4165 independentia
3457 4083 3547 4146 di-

425 4193 808 4258 econtrario.
861 4228 942 4238 —
986 4193 1248 4266 RursuS,
1301 4191 1542 4253 malum
1591 4190 1936 4274 dupliciter
1967 4193 2018 4260 D
2045 4186 2180 4249 vini
2225 4204 2383 4248 esse.
2424 4184 2876 4247 Verumtamen
2923 4199 3050 4245 non
3094 4181 3341 4245 aestimo
3384 4182 3547 4244 hanc

427 4299 818 4364 removetur,
851 4297 1106 4373 utpote:
1131 4307 1246 4372 per
1273 4289 1821 4371 anticipationem,
1853 4309 1934 4354 ne

423 4389 734 4454 videlicet
770 4389 1060 4468 eveniat3
1093 4395 1155 4450 et
1195 4406 1311 4469 per
1350 4387 1832 4462 correctionem,
1868 4395 1936 4451 ut

427 4488 604 4572 quod
649 4486 888 4550 factum
931 4493 1032 4550 est
1070 4484 1374 4550 deleatur.
1420 4485 1786 4567 Sapientius
1829 4487 1934 4550 de·

425 4605 564 4651 nuo
605 4587 860 4650 videtur
899 4586 1140 4650 evitare
1187 4585 1427 4648 malum
1470 4603 1587 4667 per
1627 4585 1934 4668 anticipa·

425 4689 676 4750 tionem
744 4704 938 4767 quam
997 4703 1116 4767 per
1169 4684 1634 4748 correctionem
1696 4703 1710 4747 :
1773 4685 1932 4747 illud

423 4786 608 4850 enim
670 4784 903 4847 melius
959 4791 1058 4846 est
1104 4782 1244 4845 isto.
1297 4783 1608 4858 Quoniam
1656 4800 1808 4864 ergo
1855 4783 1934 4846 ad

427 4887 787 4950 bonitatem
821 4882 1134 4966 principis
1167 4889 1410 4966 spectat
1441 4900 1772 4946 removere
1802 4899 1934 4945 om-

427 5003 514 5046 ne
549 4981 794 5045 malum
825 4987 889 5042 et
918 4980 1350 5044 inordinatum
1389 4999 1426 5042 a
1466 4998 1583 5043 suo
1613 4998 1828 5061 regn0,
1862 4997 1938 5044 eo

427 5081 606 5166 quod
639 5080 846 5162 ipsius
876 5077 960 5140 sit
986 5096 1258 5160 quaeque
1287 5079 1528 5160 optime
1573 5078 1936 5162 disponere,

425 5181 690 5266 primus
725 5194 985 5260 quoque
1034 5176 1336 5259 princeps
1381 5177 1662 5260 optimus
1711 5185 1830 5252 est,
1873 5177 1940 5240 in

425 5279 676 5344 virtute
715 5275 940 5357 utique
978 5281 1044 5336 et
1079 5273 1394 5356 sapientia
1431 5274 1690 5357 penitus
1733 5274 1938 5360 perfe-

689 5408 758 5460 T.
798 5407 880 5459 33.

2046 4282 2430 4347 sententiam
2475 4280 2826 4344 intendisse
2872 4279 3229 4362 Origenem.
3272 4279 3551 4342 Intendit

2047 4401 2199 4464 ergo
2236 4382 2404 4464 quod
2451 4379 2853 4463 praescientia
2897 4398 3025 4443 non
3071 4387 3239 4444 esset
3278 4378 3551 4442 necessi·

2048 4487 2244 4543 tatem
2304 4479 2706 4562 imprimens.
2760 4477 2849 4542 De
2898 4478 3021 4540 hoc
3068 4495 3301 4559 nempe
3348 4475 3548 4540 verbo

2048 4578 2337 4660 Origcnis
2378 4577 2533 4640 alibi
2577 4577 2757 4639 locus
2800 4577 2941 4651 erit,
2976 4577 3226 4659 quando
3266 4576 3345 4640 de
3389 4594 3545 4658 prae·

2045 4677 2315 4742 scientia
2357 4683 2421 4740 et
2468 4675 3023 4759 praedestinatione
3069 4674 3406 4756 quaesitum
3451 4673 3547 4737 fu·

2046 4777 2187 4841 erit.
2250 4812 2331 4822 —
2385 4775 2479 4838 Ad
2556 4773 2911 4838 secundum
2976 4780 3149 4854 patet
3208 4791 3287 4835 ex
3355 4772 3544 4835 dictis

2047 4875 2397 4960 responsio.
2434 4874 2567 4936 Non
2600 4873 2773 4935 enim
2806 4871 2971 4933 Deus
3002 4888 3101 4933 res
3132 4871 3294 4951 regit
3322 4889 3545 4934 secun-

2047 4977 2202 5038 dum
2233 4993 2413 5038 suam
2444 4971 2769 5043 virtutem,
2802 4968 2912 5032 sed
2942 4970 3295 5033 secundum
3329 4989 3545 5034 rerum

2049 5074 2484 5157 capacitatem.
2534 5071 2740 5143 Quum
2788 5067 2962 5130 enim
3003 5067 3261 5131 divinus
3306 5069 3549 5134 intelle-

2051 5182 2191 5236 ctus
2223 5172 2307 5233 sit
2334 5169 2623 5233 omnium
2663 5165 3173 5230 differentiarum
3206 5169 3373 5232 entis
3402 5189 3549 5232 cau-

2052 5291 2120 5335 sa
2169 5277 2233 5334 et
2282 5269 2629 5342 institutor,
2672 5282 2799 5327 non
2839 5271 2937 5326 est
2982 5264 3121 5346 ejus
3169 5266 3421 5331 auferre
3468 5269 3549 5332 ab

3240 5400 3299 5450 21
